1931 3224
249 184 327 223 :310
815 181 1055 222 DISPUTATIO
1086 179 1241 221 XXXI.

249 305 473 358 Evangelii
525 305 605 346 sibi
656 305 899 355 revelatum,
952 303 1235 357 apprehendit
1287 305 1328 345 et
1382 302 1675 357 amplectitur3
1724 318 1811 346 non

251 376 362 418 enim
418 375 587 426 sufficit,
646 375 682 417 si
739 375 833 428 quis
884 375 945 416 rei
996 375 1143 427 gestae
1195 373 1433 426 historiam,
1484 389 1639 427 nempe
1698 375 1812 428 quod

252 446 444 488 Christus
495 460 645 499 passus
697 448 772 497 est,
824 446 958 496 norit;
1008 460 1085 487 nec
1137 445 1267 487 etiam
1319 445 1354 486 si
1409 445 1505 498 quis
1557 445 1811 488 assentiatur

251 520 293 559 et
331 518 484 569 credat,
525 517 740 558 Christum
780 531 870 558 esse
906 531 1080 570 passum
1119 530 1198 569 pro
1236 516 1423 569 peccatis
1454 515 1643 558 omnium
1672 516 1812 558 homi-

250 604 372 641 num3
412 589 484 631 sed
522 589 696 642 insuper
733 588 978 641 requiritur,
1016 590 1064 629 ut
1101 587 1273 629 accedat
1305 587 1557 647 wanga-<poploe
1588 590 1630 630 et
1657 588 1813 630 fiducia

251 663 376 711 certa,
416 675 498 712 qua
536 660 777 701 firmissime
814 661 1013 712 peccator
1051 658 1206 711 credat,
1236 673 1323 700 non
1352 658 1489 701 solum
1517 659 1611 701 aliis
1640 660 1812 701 creden-

250 731 376 782 tibus,
401 731 473 772 sed
497 730 575 772 sibi
602 744 770 782 quoque
796 730 1000 783 privatim
1024 730 1316 772 remissionem
1340 731 1613 783 peccatorum
1633 731 1813 783 propter

251 802 408 844 Christi
428 801 628 843 meritum
654 801 856 842 donatam
880 815 981 852 esse,
1009 803 1051 842 et
1075 803 1253 854 propter
1277 800 1463 853 ejusdem
1478 800 1813 843 satisfactionem

248 874 293 914 in
327 873 511 926 gratiam
541 886 628 914 esse
660 874 892 925 receptum,
921 872 1049 924 idque
1079 872 1161 913 sibi
1188 871 1442 914 fiducialiter
1471 871 1672 925 applicet.
1700 871 1814 914 Hinc
1856 869 1859 870 ⁷

251 946 313 985 est
357 944 471 996 quod
513 942 541 985 J
544 943 612 985 oh.
656 944 692 992 1,
738 943 801 984 12,
843 957 920 996 per
959 943 1002 984 τὸ
1037 943 1185 994 λκβεῖν
1223 942 1488 995 describitur,
1527 943 1641 995 quod
1677 943 1814 985 nudae

248 1014 428 1056 notitiae
469 1016 511 1055 et
552 1015 741 1056 assensui
784 1028 871 1056 non
914 1014 1132 1067 competit.
1177 1012 1207 1055 C
1219 1013 1249 1054 h
1260 1013 1306 1055 ri
1319 1028 1337 1055 s
1348 1015 1366 1054 t
1379 1028 1402 1055 o
1447 1016 1590 1055 autem
1631 1028 1655 1055 o
1668 1029 1711 1055 m
1721 1029 1750 1056 n
1762 1029 1783 1056 e
1795 1029 1813 1056 5

251 1085 563 1138 Prophetae
601 1085 980 1128 testimonium
1019 1084 1170 1136 dant,
1208 1083 1593 1137 remissionem
1630 1100 1814 1138 pecca-

251 1160 427 1199 torum
474 1158 798 1210 accepturos
837 1171 930 1209 per
968 1170 1160 1197 nomen
1199 1157 1317 1208 ejus
1357 1170 1539 1197 omnes
1578 1155 1669 1208 qui
1709 1170 1815 1199 cre-

252 1229 278 1270 d
288 1244 314 1269 u
325 1231 381 1269 nt
419 1229 471 1269 in
510 1243 530 1269 e
542 1244 567 1269 u
580 1243 621 1269 m
636 1261 645 1279 ,
683 1228 778 1269 Act.
819 1228 881 1279 10,
917 1227 982 1269 43.
1022 1226 1162 1280 Igitur
1191 1227 1264 1279 qui
1293 1227 1482 1279 credunt,
1512 1227 1594 1268 nisi
1621 1226 1700 1268 Dei
1729 1230 1815 1269 tes-

250 1300 477 1342 timonium
513 1300 686 1352 rejicere
722 1299 867 1351 velint,
907 1300 956 1341 de
994 1302 1267 1352 peccatorum
1295 1313 1468 1341 suorum
1496 1300 1744 1342 remissione
1774 1302 1816 1341 et

253 1386 327 1413 sua
355 1386 432 1424 per
461 1371 676 1413 Christum
705 1371 1051 1413 reconciliatione
1083 1371 1187 1413 certi
1216 1385 1305 1413 esse
1334 1371 1500 1413 debent.

303 1441 419 1484 XXI.
463 1441 555 1484 Nec
596 1442 766 1484 vacillat
808 1442 880 1495 huj
888 1457 936 1483 us
979 1442 1173 1496 specialis
1211 1442 1309 1484 fidei
1348 1442 1572 1494 certitudo,
1602 1443 1683 1484 etsi
1711 1442 1817 1485 mihi

253 1515 325 1554 aut
366 1513 427 1553 illi
469 1513 513 1554 in
555 1512 816 1566 particulari,
856 1513 900 1554 in
938 1512 1067 1554 verbo
1107 1512 1199 1564 Dei,
1237 1527 1449 1566 nusquam
1477 1513 1713 1567 reperiatur
1744 1529 1819 1556 an-

252 1584 453 1626 nunciata
483 1584 595 1626 salus
608 1600 616 1634 3
650 1583 1007 1637 quemadmodum
1035 1598 1123 1626 non
1154 1583 1282 1625 dubia
1316 1587 1379 1626 est
1408 1584 1618 1626 certitudo
1650 1585 1817 1628 convic-

250 1655 382 1697 tionis
422 1670 506 1708 qua
542 1656 611 1697 lex
651 1655 825 1697 moralis
863 1670 1208 1708 unumquemque
1250 1655 1468 1698 hominem
1505 1656 1817 1699 maledictionis

252 1741 370 1768 reum
406 1726 521 1768 facit.
559 1725 672 1767 Nam
713 1726 792 1768 etsi
820 1726 1034 1767 neminem
1061 1726 1114 1767 in'
1135 1726 1275 1779 specie
1305 1726 1510 1779 nominet,
1545 1727 1725 1780 quisque
1753 1730 1818 1770 ta-

252 1812 348 1839 men
380 1812 429 1839 ex
457 1797 635 1851 proprio
665 1797 829 1850 peccati
858 1811 994 1848 sensu,
1023 1796 1153 1838 infert
1180 1798 1462 1839 necessariam
1492 1797 1817 1840 conclusionem.

253 1868 413 1911 Similis
439 1870 502 1910 est
526 1869 636 1910 ratio
661 1869 706 1909 in
730 1868 781 1910 iis
808 1869 881 1921 qui
904 1868 987 1910 fide
1013 1868 1171 1920 donati,
1198 1883 1248 1910 ex
1275 1883 1323 1910 eo
1347 1868 1471 1922 quod,
1490 1867 1524 1910 Ο
1536 1883 1579 1910 m
1589 1883 1617 1910 n
1628 1884 1650 1911 e
1661 1884 1705 1911 m
1731 1885 1758 1922 q
1769 1871 1822 1912 ui

254 1939 430 1981 credit
460 1939 514 1980 in
544 1938 766 1990 Filium,
794 1939 1114 1981 habiturum
1141 1939 1310 1980 vitam
1338 1941 1638 1992 aeternam,
1668 1941 1820 1983 asserit

253 2010 485 2064 Scriptura,
529 2010 628 2053 Joh.
671 2011 707 2063 3,
750 2011 812 2052 162
854 2012 895 2052 et
933 2009 1313 2051 remissionem
1349 2013 1545 2064 peccat
1561 2025 1707 2052 orum
1743 2027 1820 2054 ac-

253 2085 511 2136 cepturos
542 2096 722 2123 omnes
754 2082 843 2135 qui
871 2082 924 2122 in
957 2097 1067 2123 eum
1097 2081 1349 2133 credunt,
1380 2082 1457 2123 sub
1486 2081 1567 2123 hac
1589 2081 1822 2125 universali

252 2154 518 2204 subsumunt,
548 2168 590 2214 se
621 2154 833 2206 accepisse
862 2153 1156 2195 remissionem
1185 2155 1470 2206 peccatorum,
1503 2153 1603 2206 quia
1632 2154 1819 2196 credunt.

251 2224 343 2267 Nec
382 2239 526 2266 verum
567 2227 629 2267 est
671 2224 784 2277 quod
823 2223 1040 2267 Pontificii
1082 2227 1308 2278 oggerunt,
1340 2225 1675 2279 assumptionem
1702 2226 1821 2268 illam

251 2297 296 2338 in
334 2296 541 2347 fidelibus,
579 2295 615 2336 E
628 2310 656 2349 g
670 2310 693 2337 o
734 2310 755 2336 c
766 2311 786 2336 r
798 2311 819 2337 e
832 2296 857 2337 d
869 2311 892 2338 o
907 2329 916 2347 ,
954 2310 1040 2337 non
1080 2310 1171 2337 esse
1211 2296 1388 2338 verbum
1427 2299 1500 2338 aut
1527 2297 1820 2339 testimonium

254 2367 348 2418 Dei,
387 2383 481 2409 cum
520 2381 666 2408 eorum
705 2366 883 2419 quisque
930 2366 1087 2408 habeat
1125 2366 1153 2409 S
1165 2367 1344 2420 piritu
1353 2382 1397 2408 m
1425 2366 1453 2409 S
1466 2382 1490 2408 a
1499 2382 1526 2408 n
1540 2382 1561 2409 c
1571 2369 1590 2408 t
1600 2382 1628 2409 u
1637 2382 1702 2420 m,
1732 2383 1760 2421 q
1769 2368 1821 2410 ui

250 2437 633 2480 testimonium
660 2437 845 2479 reddit
876 2437 1108 2491 spiritui
1136 2438 1383 2491 ipsorum
1408 2437 1548 2491 quod
1572 2438 1683 2480 sint
1706 2438 1821 2480 filii

252 2508 373 2561 Dei,
412 2508 535 2550 Rom.
575 2509 612 2561 8,
653 2508 716 2550 16.
747 2508 837 2560 qui
877 2510 956 2549 est
994 2509 1194 2562 pignus
1232 2509 1284 2550 in
1323 2508 1580 2550 cordibus
1618 2523 1819 2562 eorum,

252 2582 275 2621 2
315 2580 397 2622 Cor
434 2580 471 2631 1,
501 2579 574 2623 512.
605 2581 646 2621 et
676 2578 839 2620 arrha
867 2579 1029 2621 haere
1044 2579 1244 2621 ditatis
1273 2582 1520 2631 nostrae,
1549 2578 1660 2633 Eph.
1691 2580 1727 2631 1,
1757 2579 1819 2621 14.

253 2650 367 2692 Nam
393 2651 515 2692 electi
540 2652 654 2692 certo
679 2652 860 2703 possunt
885 2664 1141 2703 cognoscere
1166 2665 1209 2692 se
1227 2665 1315 2692 esse
1330 2650 1375 2692 in
1390 2649 1484 2702 fide,
1510 2649 1551 2692 V
1564 2665 1588 2692 o
1601 2665 1619 2692 5
1630 2665 1673 2692 m
1685 2650 1819 2704 etip-

255 2737 339 2764 sos
372 2721 628 2776 probate,
661 2736 780 2762 num
815 2721 942 2762 sitis
965 2721 1019 2762 in
1052 2721 1188 2774 fide,
1223 2722 1331 2776 ipsi
1355 2736 1448 2764 vos
1473 2721 1730 2775 probate,
1756 2736 1819 2764 an

254 2807 357 2834 non
396 2792 742 2846 cognoscitis
781 2792 1173 2845 vosmetipsos,
1212 2793 1340 2846 quia
1379 2792 1630 2834 Christus
1658 2791 1818 2843 Jesus

254 2863 308 2904 in
350 2864 506 2905 vobis
548 2866 659 2906 est?
702 2864 810 2906 nisi
850 2863 998 2906 forte
1035 2864 1263 2917 reprobi
1302 2864 1459 2915 estis,
1497 2864 1521 2904 2
1565 2861 1658 2904 Cor.
1689 2863 1752 2915 13,
1781 2863 1818 2905 5.

260 2934 422 2983 Quibus
464 2935 642 2977 succinit
684 2935 867 2988 August.
910 2934 1001 2976 Lib.
1044 2935 1080 2976 3.
1126 2935 1175 2977 de
1220 2934 1373 2976 Trinit.
1412 2949 1503 2988 cap.
1543 2934 1578 2976 1.
1618 2934 1817 2987 scribens,

259 3020 521 3057 quemque
575 3006 912 3048 credentium
961 3006 1014 3047 in
1065 3006 1224 3048 corde
1274 3019 1366 3048 suo
1408 3005 1593 3048 videre
1633 3005 1818 3056 fidem,
