1931 3224
378 137 441 179 DE
470 137 623 181 MISSAE
652 139 872 183 SACRIFIOIO
902 155 1070 190 EJUSQUE
1098 156 1294 184 Assnsnms.
1540 143 1617 184 543

59 258 287 311 Pontificii,
330 261 403 303 sed
443 262 680 318 impropria
720 266 972 308 sacrificium
1008 266 1292 320 appellarunt.
1331 264 1445 307 Nam
1482 280 1622 307 sacra-

59 332 250 372 mentum
278 331 577 376 Eucharistiae
605 336 874 390 metaleptice
903 337 1153 379 sacrificium
1176 340 1394 390 vocarunt,
1420 337 1622 390 quoniam

60 405 369 444 sacramentum
414 406 477 446 est
517 407 763 449 memoriale
805 408 1000 450 sacrificii
1044 424 1068 450 a
1111 408 1202 451 Deo
1241 410 1285 451 in
1324 424 1444 451 cruce
1475 409 1621 461 oblati,

61 487 155 514 cum
192 474 427 526 gratiarum
465 477 631 519 actione
671 480 964 532 conjunctum:
994 480 1174 533 ideoque
1204 481 1478 534 εὐχκριστικὸν
1503 481 1623 522 abiis

61 542 217 585 dictum
256 545 349 587 fuit.
390 545 424 595 Q
436 547 488 588 ui
501 547 526 588 d
563 563 584 590 e
595 564 616 590 r
628 564 656 602 g
669 565 693 591 o
731 565 759 591 n
771 565 795 592 o
808 566 826 591 s
865 551 1024 604 (inquit
1063 550 1409 606 Chrysostomus)
1447 568 1476 593 n
1487 566 1511 593 o
1524 567 1552 593 n
1561 567 1589 593 n
1602 567 1623 594 e

59 629 153 667 per
181 615 433 670 singulos
463 618 577 661 dies
608 620 927 664 offerimus?
958 622 1245 665 offerimus
1276 624 1509 677 quidem,
1535 624 1624 666 sed

58 686 497 730 recordationem
545 690 816 734 facientes
867 694 1061 736 mortis
1114 696 1247 748 ejus:
1292 695 1358 737 Et
1400 711 1503 737 una
1544 698 1624 738 est

59 755 264 809 hostia,
303 773 407 800 non
444 760 658 803 multae.
699 762 974 812 Quomodo
1014 781 1116 807 una
1155 769 1257 819 est,
1293 770 1342 808 et
1370 781 1474 808 non
1502 767 1628 808 mul-

59 829 176 869 tae?
229 829 354 881 quia
406 832 569 873 semel
613 833 799 875 oblata
843 837 922 876 est
964 835 1015 876 in
1059 839 1249 878 sancta
1291 835 1626 878 Sanctorum.

59 897 172 940 Hoc
223 902 398 943 autem
450 903 794 946 sacrificium
846 908 1124 960 exemplar
1179 910 1259 949 est
1305 908 1471 950 illius.
1515 908 1628 950 Hoc

60 972 235 1012 autem
274 973 413 1024 quod
441 972 692 1028 facimus,
722 976 776 1017 in
808 979 1382 1021 commemorationem
1411 980 1628 1032 quidem

59 1040 101 1082 fi
112 1043 131 1082 t
160 1043 204 1095 ej
221 1057 277 1084 us
308 1058 335 1096 q
346 1059 410 1086 uo
424 1045 449 1086 d
478 1045 529 1087 fa
544 1048 593 1087 ct
604 1046 686 1087 u'm
714 1062 735 1089 e
747 1050 806 1089 st.
834 1047 1124 1102 Chrysostom.
1149 1050 1295 1092 homil.
1327 1051 1389 1092 17.
1419 1051 1464 1092 in
1488 1051 1628 1105 Epist.

60 1111 114 1153 ad
147 1111 277 1156 Hebr.
306 1114 364 1156 Et
389 1115 670 1170 Augustinus,
702 1117 1009 1161 Christiani
1038 1136 1066 1174 p
1080 1136 1165 1163 era
1178 1121 1252 1163 cti
1283 1123 1523 1174 ejusdem
1554 1138 1629 1165 sa-

62 1184 276 1227 crificii
313 1189 627 1230 memoriam
667 1190 974 1244 celebrant,
1015 1196 1374 1236 sacrosancta
1402 1194 1628 1249 partici-

59 1256 289 1308 patione
340 1260 593 1312 corporis
644 1263 696 1302 et
738 1262 1026 1316 sanguinis
1071 1262 1294 1306 Christi.
1338 1265 1628 1319 Augustin.

60 1324 168 1368 Lib.
198 1328 270 1369 20.
302 1331 495 1372 contra
524 1330 806 1385 Faustum,
838 1348 947 1387 cap.
979 1335 1048 1376 18.

115 1396 200 1439 XL.
240 1397 404 1442 Deinde
433 1401 545 1443 idem
574 1406 885 1445 sacramentum
912 1406 1205 1459 metaphorice
1233 1411 1439 1450 vocarunt
1470 1410 1628 1451 sacrifi-

62 1469 184 1521 cium,
223 1474 420 1524 respectu
458 1473 682 1526 cujuslibet
719 1475 854 1517 fidelis
893 1492 937 1518 se
975 1478 1018 1518 in
1057 1479 1146 1530 ejus
1175 1480 1507 1533 participatione
1536 1480 1627 1522 Deo

60 1539 249 1582 hostiam
278 1542 418 1584 vivam
448 1546 489 1585 et
519 1547 709 1587 sanctam
738 1548 940 1600 peculiari
970 1550 1136 1592 ratione
1162 1550 1363 1593 sistentis.
1390 1551 1482 1600 Quo
1509 1567 1628 1606 spec-

60 1612 126 1652 tat
154 1611 258 1654 haec
287 1612 581 1667 Chrysostomi
605 1617 863 1661 admonitio:
891 1618 949 1661 In
975 1635 995 1663 o
1008 1636 1032 1663 o
1046 1635 1066 1662 e
1079 1621 1148 1663 lis
1173 1622 1202 1663 h
1214 1638 1237 1664 a
1248 1623 1274 1664 b
1288 1638 1308 1665 e
1320 1638 1360 1664 m
1372 1638 1399 1664 u
1411 1638 1430 1664 s
1455 1638 1473 1665 s
1485 1639 1508 1665 a
1520 1639 1541 1666 c
1552 1639 1573 1665 r
1583 1638 1627 1666 a·

61 1681 218 1734 rium,
247 1683 301 1724 in
331 1685 504 1726 coelis
533 1688 894 1745 sacerdotem,
922 1691 975 1732 in
1004 1692 1173 1734 coelis
1196 1692 1447 1736 hostiam.
1474 1694 1628 1737 Talia

63 1752 227 1795 etiam
254 1769 348 1796 nos
379 1755 675 1799 offeramus
705 1760 1017 1814 sacrificia,
1048 1777 1180 1815 quae
1208 1764 1261 1804 in
1287 1764 1386 1806 illo
1416 1768 1629 1807 sanctu-

62 1824 179 1866 ario
216 1830 447 1879 possunt
485 1827 699 1871 offerri.
740 1830 858 1873 Non
892 1834 998 1885 jam
1038 1835 1290 1887 pecudes,
1329 1836 1411 1878 vel
1440 1837 1627 1889 boveS,

61 1909 166 1936 non
200 1896 308 1948 jam
347 1901 669 1952 sanguinem
701 1905 751 1944 et
779 1904 1036 1947 nidorem.
1068 1905 1256 1948 Omnia
1284 1907 1416 1950 haec
1445 1909 1629 1951 soluta

63 1969 209 2019 sunt,
249 1970 300 2009 et
337 1983 431 2022 pro
469 1970 539 2013 iis
576 1973 954 2017 introductum
992 1979 1072 2018 est
1111 1978 1451 2022 rationabile
1482 1980 1629 2022 obse-

64 2037 265 2091 quium,
304 2038 464 2083 Homil.
504 2044 564 2086 11.
605 2045 649 2086 in
686 2046 824 2100 Epist.
864 2048 917 2090 ad
945 2048 1076 2090 Hebr.
1105 2048 1164 2090 Et
1192 2049 1353 2091 Homil.
1385 2051 1435 2092 de
1464 2050 1629 2104 Spiritu

61 2107 235 2163 Sancto,
264 2113 367 2154 tom.
398 2113 435 2154 3.
466 2113 613 2163 Quod
642 2118 790 2159 tuum
821 2121 901 2160 est
932 2120 1144 2162 altare?
1174 2135 1319 2162 mens
1349 2123 1439 2163 tua
1469 2122 1629 2175 spiri—

62 2181 245 2223 tualis.
300 2182 437 2232 Quid
489 2186 791 2239 spirituale
843 2192 994 2232 tuum
1036 2191 1413 2235 sacrificium?
1456 2194 1629 2236 omnis

62 2251 200 2294 bona
231 2269 293 2308 op
308 2257 500 2299 eratio.

116 2323 224 2366 XLI.
255 2325 413 2379 Tertio,
443 2327 555 2370 idem
589 2335 901 2375 sacramentum
929 2332 1078 2375 Patres
1108 2334 1212 2376 olim
1240 2335 1494 2378 sacrificium
1523 2351 1629 2378 nun-

63 2399 285 2449 cuparunt,
323 2401 622 2454 metonymice,
656 2406 854 2456 respectu
884 2419 1067 2458 precum,
1101 2408 1143 2447 et
1172 2406 1402 2449 oblationis
1430 2408 1552 2461 panis
1582 2422 1630 2449 ac

62 2465 162 2518 vini,
202 2482 310 2520 quae
350 2471 509 2522 partim
549 2473 602 2514 ad
640 2472 803 2516 Coenae
833 2476 1173 2530 celebrationem,
1202 2478 1361 2531 partim
1391 2479 1443 2520 ad
1471 2482 1630 2534 paupe-

62 2552 153 2578 rum
186 2538 443 2593 alimoniam,
476 2557 526 2584 ex
555 2558 603 2586 eo
635 2546 748 2597 quod
776 2545 916 2589 Coena
944 2551 1117 2601 peracta
1141 2552 1373 2603 supererat,
1400 2565 1495 2592 cum
1516 2566 1630 2593 com-

62 2609 350 2653 municatione
378 2612 493 2654 illius
525 2616 905 2671 conjungebantur.
937 2617 1030 2667 Quo
1059 2620 1290 2672 respiciens
1318 2620 1358 2661 A
1369 2621 1383 2661 l
1395 2636 1416 2662 e
1426 2637 1454 2663 x
1466 2636 1489 2662 a
1499 2636 1527 2662 n
1540 2622 1566 2663 d
1577 2636 1598 2663 e
1610 2637 1631 2663 r

63 2678 106 2720 H
118 2680 166 2721 al
179 2695 199 2722 e
211 2695 230 2723 s
246 2681 407 2724 fatetur
423 2683 467 2725 in
478 2683 751 2729 Saeramento
762 2688 1059 2731 Eucharistiae
1071 2704 1121 2731 ex
1133 2705 1249 2732 more
1262 2690 1537 2744 antiquorum
1547 2691 1631 2734 tria

65 2764 154 2793 esse.
179 2752 404 2795 offerenda.
432 2754 577 2798 Primo
602 2771 805 2810 personas
829 2758 956 2812 ipsas,
982 2760 1164 2802 secundo
1187 2775 1235 2802 ea
1251 2776 1357 2814 quae
1373 2765 1473 2804 sunt
1488 2776 1630 2805 neces-

65 2823 176 2865 saria
214 2824 298 2878 ipsi
327 2825 615 2880 Sacramento,
643 2844 798 2883 panem
826 2831 1001 2883 scilicet,
1031 2847 1079 2873 ac
1106 2832 1263 2874 vinum.
1294 2832 1453 2885 Tertio,
1482 2849 1630 2876 manu-

65 2893 154 2935 ales
179 2895 430 2950 oblationes,
454 2899 498 2941 id
523 2902 598 2953 est,
624 2900 923 2955 eleemosynas.
944 2901 1008 2944 Al
1020 2917 1041 2945 e
1052 2919 1079 2944 x
1091 2918 1115 2945 a
1125 2918 1152 2944 n
1163 2904 1201 2945 d.
1221 2903 1264 2945 H
1275 2919 1299 2945 a
1309 2905 1325 2946 1
1337 2919 1358 2946 e
1370 2920 1410 2957 s,
1431 2920 1459 2958 p
1472 2920 1495 2947 a
1506 2921 1527 2947 r
1537 2908 1567 2947 t.
1592 2907 1630 2947 4.

69 2968 272 3017 quaest.
313 2968 383 3010 10.
422 2969 477 3011 in
515 2973 766 3014 tractatu
795 2972 854 3014 de
885 2972 1084 3016 officio
1114 2973 1336 3028 Missae,
1365 2991 1406 3030 p.
1439 2977 1473 3018 1.
1501 2977 1528 3018 f.
1560 2977 1631 3019 10.
