1931 3224
567 127 630 170 DE
659 126 922 170 MAGISTRATU
951 126 1153 169 Pomrmo.
1557 130 1634 172 615

75 254 265 307 poralem
302 253 461 306 absque
500 268 574 294 suo
612 254 719 294 nutu
755 252 800 294 in
828 252 1054 294 nonnullos
1083 251 1293 306 stringere
1323 253 1555 306 permittit:
1587 268 1636 295 ac

74 325 351 367 nihilominus
375 340 418 367 se
444 324 604 367 Christi
627 324 832 367 vicarium
857 324 1061 374 nominat,
1088 325 1161 377 qui
1184 323 1441 378 temporalia
1461 325 1636 377 negotia

75 412 99 438 a
138 411 182 439 se
220 411 452 445 removens,
483 411 530 437 ea
559 396 603 437 in
633 395 797 437 civilem
826 395 1127 448 Magistratum
1157 395 1316 447 rejecit,
1348 394 1444 436 Luc.
1477 395 1538 447 12,
1570 395 1632 436 14.

74 467 172 510 Joh.
211 468 247 518 8,
289 467 351 507 11.
391 481 438 508 ac
466 466 585 508 Petri
616 481 910 519 successorem,
938 467 1003 508 cui
1032 481 1116 508 non
1147 467 1298 517 minus,
1329 481 1456 519 quam
1485 466 1635 508 ceteris

73 538 296 592 Apostolis
335 553 359 579 a
398 537 567 579 Christo
607 537 767 579 dictum
795 537 889 589 fuit,
919 537 1043 578 Matt.
1073 538 1137 589 20,
1168 538 1232 578 25.
1262 536 1452 589 Scitis,
1484 537 1634 578 Prin-

74 609 222 664 cipes
260 608 502 662 gentium
540 609 592 649 in
631 623 717 650 eas
754 609 1044 660 dominari,
1084 611 1133 650 et
1171 612 1453 661 magnates
1483 612 1631 663 pote-

74 682 271 721 statem
314 694 567 721 exercere
609 679 661 720 in
705 694 802 721 eas.
846 679 1040 721 Verum
1083 694 1186 721 non
1224 679 1301 721 ita
1343 681 1448 721 erit
1485 680 1633 722 inter

73 766 184 803 vos,
215 751 303 792 sed
333 751 642 803 quicunque
674 751 917 792 voluerit
946 751 1082 792 inter
1110 765 1202 792 vos
1232 766 1455 804 magnus
1481 752 1634 803 fieri,

74 824 189 864 esto
227 824 410 864 vester
446 821 719 874 minister,
757 823 927 863 sicuti
964 822 1123 863 filius
1153 821 1392 863 hominis
1420 837 1525 864 non
1553 838 1632 865 ve-

72 895 175 946 nit,
204 897 260 936 ut
289 894 395 936 sibi
424 894 796 945 ministretur,
827 894 917 935 sed
944 896 992 934 ut
1022 894 1312 935 ministret.

126 965 283 1007 XXVI.
313 966 507 1007 Eundem
539 965 730 1007 ordinem
759 965 985 1018 politicum
1012 964 1228 1007 Pontificii
1255 966 1414 1008 nefarie
1443 969 1632 1009 contem-

71 1038 191 1088 nunt,
221 1051 316 1078 cum
344 1035 482 1089 Reges
512 1051 560 1077 ac
589 1036 808 1089 Principes
837 1036 993 1088 civiles,
1022 1051 1127 1089 quos
1158 1036 1198 1078 S.
1230 1037 1452 1091 Scriptura
1480 1041 1632 1080 unctos

72 1107 259 1159 Domini,
302 1106 428 1159 Deos,
472 1106 584 1149 filios
627 1107 708 1148 Dei
751 1109 792 1148 et
829 1107 1031 1148 nutritios
1069 1106 1284 1149 Ecclesiae
1324 1108 1523 1162 appellat,
1563 1108 1631 1151 Ps.

73 1179 136 1230 18,
174 1178 235 1219 51.
277 1180 319 1219 et
357 1178 420 1229 82,
459 1179 496 1219 6.
534 1177 604 1219 Es.
643 1178 707 1229 49,
745 1178 810 1219 23.
850 1177 1052 1230 profanos
1090 1178 1285 1221 homines
1323 1183 1488 1222 vocant.
1518 1180 1632 1223 Bel-

70 1249 217 1290 larm.
250 1249 308 1291 de
337 1248 580 1302 Exempt.
613 1248 743 1291 Cler.
775 1264 882 1303 cap.
914 1251 949 1290 2.

122 1319 300 1362 XXVII.
332 1319 515 1363 Sicarios
546 1335 727 1373 quoque,
757 1335 843 1362 non
872 1320 1116 1375 Theologos
1146 1325 1292 1375 agunt,
1319 1322 1391 1375 qui
1416 1323 1630 1366 Ecclesiae

68 1392 150 1434 Dei
177 1391 457 1445 Magistratus
480 1392 671 1434 infideles
705 1393 1007 1435 exauctorandi
1041 1396 1182 1447 eisque
1211 1409 1297 1436 non
1321 1396 1488 1437 tantum
1513 1396 1630 1449 prin-

69 1465 270 1518 cipatum,
325 1463 398 1505 sed
441 1466 483 1504 et
523 1463 658 1505 vitam
698 1463 909 1506 adimendi
953 1467 1211 1518 potestatem
1257 1466 1507 1508 attribuunt.
1551 1467 1629 1510 Jus

68 1535 179 1577 enim
218 1535 381 1587 gratiae
421 1534 535 1587 quod
574 1534 689 1576 Deus
727 1534 943 1577 Ecclesiae
982 1551 1080 1577 suae
1111 1537 1326 1589 revelavit,
1353 1539 1422 1590 jus
1451 1541 1629 1581 naturae

67 1609 109 1648 et
147 1605 361 1657 Gentium,
401 1620 485 1658 quo
523 1606 676 1647 nititur
714 1605 993 1659 Magistratus
1033 1608 1277 1659 auctoritas,
1317 1623 1403 1650 non
1432 1609 1627 1663 destruit,

67 1678 138 1720 sed
178 1677 343 1719 stabilit
381 1692 429 1718 ac
465 1677 644 1731 perficit.
676 1677 948 1731 Quapropter
977 1679 1103 1720 sicuti
1132 1680 1450 1722 matrimonium
1480 1681 1628 1723 infide-

66 1749 184 1800 lium,
223 1749 338 1801 quod
378 1763 510 1801 aeque
549 1750 612 1790 est
646 1749 752 1801 juris
793 1748 1005 1800 Gentium,
1036 1752 1077 1791 et
1106 1753 1294 1802 naturae,
1325 1753 1452 1804 atque
1481 1753 1628 1794 matri-

66 1820 258 1862 monium
295 1819 494 1871 fidelium,
535 1819 729 1861 doctrina
766 1819 1027 1873 Evangelica
1064 1835 1150 1862 non
1188 1821 1382 1874 abrogat,
1420 1822 1492 1864 sed
1520 1823 1626 1865 illud

65 1894 233 1934 tantum
264 1891 316 1932 ab
345 1891 428 1933 hoc
458 1890 680 1932 discernit:
711 1891 769 1932 sic
799 1890 1077 1944 Magistratus
1107 1892 1286 1934 infidelis
1316 1894 1502 1946 ejusdem
1528 1894 1625 1936 doc-

65 1964 202 2005 trinae
241 1962 496 2005 adminiculo
535 1962 741 2016 distingui
778 1963 947 2015 quidem
984 1978 1008 2004 a
1041 1962 1154 2004 fideli
1178 1963 1437 2017 Magistratu
1468 1968 1626 2019 potest,

66 2036 137 2078 sed
176 2050 394 2088 nunquam
431 2035 593 2076 aboleri
626 2035 678 2076 ab
708 2034 771 2087 iis,
803 2035 876 2088 qui
906 2034 1180 2088 Magistratui
1209 2035 1369 2077 infideli
1399 2051 1449 2077 ex
1479 2037 1624 2080 ordine

66 2106 268 2148 divinitus
307 2107 506 2148 instituto
545 2108 643 2147 sunt
673 2106 874 2159 subjecti:
905 2121 952 2148 ac
979 2108 1207 2160 propterea
1232 2121 1309 2160 pro
1341 2109 1431 2160 ejus
1459 2108 1624 2151 incolu—

65 2179 215 2220 mitate
240 2193 385 2232 preces
412 2193 581 2231 quoque
607 2192 703 2219 suas
730 2178 782 2219 ad
806 2177 944 2219 Deum
969 2177 1143 2219 fundere
1166 2180 1376 2231 tenentur,
1397 2180 1623 2222 secundum

65 2249 517 2292 commonefactionem
566 2249 780 2303 Apostoli,
826 2251 846 2290 1
892 2249 999 2291 Tim.
1044 2250 1081 2300 2,
1124 2250 1158 2291 1.
1203 2251 1245 2291 et
1288 2250 1340 2291 ad
1383 2252 1623 2305 exemplum

64 2321 229 2375 priscae
281 2320 507 2372 Ecclesiae,
557 2335 664 2373 quae
705 2320 868 2363 Juliani
910 2321 1148 2374 Apostatae
1190 2321 1417 2375 imperium
1458 2338 1623 2376 semper

63 2391 252 2446 pertulit.

120 2461 318 2504 XXVHI.
358 2461 536 2504 Interim
572 2462 853 2516 Magistratus
882 2463 1066 2505 infidelis
1095 2464 1327 2506 auctoritas
1357 2464 1400 2506 in
1430 2465 1621 2508 subditos

63 2549 114 2576 ex
152 2534 316 2575 diversa
353 2548 495 2575 rerum
531 2536 684 2576 natura
722 2549 770 2576 ac
808 2535 973 2576 ratione
1003 2537 1065 2576 est
1093 2535 1404 2589 distinguenda.
1435 2536 1479 2579 Si
1510 2538 1622 2579 enim

62 2620 141 2657 res,
181 2620 286 2659 quas
322 2605 517 2659 imperat,
558 2607 611 2648 ad
640 2607 941 2649 conscientiam
970 2607 1197 2660 pertinent,
1228 2623 1274 2650 ac
1303 2609 1431 2650 verbo
1461 2609 1541 2651 Dei
1570 2625 1621 2652 ex

63 2678 270 2720 diametro
310 2680 565 2731 repugnant,
595 2678 844 2731 neutiquam
874 2679 1018 2732 impiis
1047 2682 1175 2732 atque
1203 2681 1361 2733 iniquis
1391 2681 1480 2733 ejus
1510 2681 1620 2722 edic-

61 2750 117 2791 tis
160 2749 393 2802 parendum
437 2751 512 2801 est,
557 2749 770 2802 quoniam,
815 2751 862 2790 ut
899 2750 976 2791 tali
1014 2749 1290 2804 Magistratui
1328 2751 1480 2793 Petrus
1518 2752 1620 2794 olim

61 2820 360 2874 respondebat,
391 2819 622 2862 Obedire
653 2823 874 2873 oportet
901 2820 1011 2863 Deo
1041 2822 1249 2875 potius,
1280 2838 1430 2876 quam
1453 2823 1619 2865 homi-

61 2892 240 2944 nibus,
281 2891 426 2933 Actor.
466 2891 503 2943 5,
534 2892 596 2933 29.
627 2890 702 2933 Sin
731 2907 779 2933 ea
807 2892 1102 2934 tantummodo
1133 2893 1188 2936 τοὶ
1221 2895 1405 2946 βιωτικὰ,
1438 2909 1510 2936 seu
1539 2895 1618 2936 hu-

58 2964 127 3015 jus
155 2963 268 3005 vitae
298 2963 531 3015 commoda,
563 2965 867 3016 externumque
895 2963 1173 3017 Reipublicae
1203 2979 1275 3007 seu
1300 2965 1514 3008 societatis
1538 2966 1617 3008 hu-
