1931 3224
524 125 589 169 Dm
618 125 869 168 PURGArofflo
899 141 947 167 m·
975 123 1269 169 INDULGENTns.
1596 126 1675 167 429

119 265 196 304 per
231 250 451 293 Praelatos
485 251 700 293 Ecclesiae
729 251 975 304 applicatas,
1006 266 1096 293 esse
1124 266 1167 292 m
1177 266 1198 293 e
1211 251 1301 293 diu
1311 265 1370 303 m,
1401 264 1485 303 quo
1515 249 1675 290 fructus

118 322 309 364 infinitae
338 321 639 363 satisfactionis
664 320 834 374 Christi,
861 323 974 375 quod
999 323 1152 364 attinet
1185 322 1238 364 ad
1262 321 1550 364 remissionem
1576 335 1677 375 poe-

119 408 210 444 nae,
250 393 303 434 ad
340 393 534 434 homines
571 393 784 435 derivatur
796 410 805 444 ;
844 394 943 446 quia
979 408 1065 435 non
1102 395 1283 446 possunt
1322 392 1552 444 ostendere,
1592 392 1677 433 tale

119 464 305 505 medium
344 479 433 506 esse
471 479 495 506 a
532 463 701 506 Christo
740 464 995 506 institutum.
1032 464 1271 515 Praeterea,
1311 478 1405 505 cum
1442 462 1677 505 satisfactio

121 534 279 576 Christi
315 535 337 576 f
347 535 489 576 inito
521 550 565 576 m
577 550 600 576 o
614 535 640 576 d
653 549 676 576 0
716 550 740 576 a
750 550 778 588 p
790 550 818 589 p
830 535 844 575 l
854 535 869 576 i
881 550 902 577 c
914 550 935 577 e
948 538 1004 576 tu
1014 550 1035 576 r
1048 568 1057 586 ,
1094 537 1142 576 ut
1170 549 1315 577 revera
1344 534 1678 589 superaddantur

119 605 202 659 ipsi
225 605 536 648 satisfactiones
559 608 814 658 sanctorum,
840 609 888 648 ut
912 621 961 648 ex
985 605 1245 648 Bellarmino
1271 605 1531 648 ostendimus
1542 621 1551 655 ;
1577 604 1680 646 satis

119 679 239 732 patet
272 692 322 719 ex
350 678 542 731 ipsorum
569 677 775 730 doctrina,
805 678 951 720 eodem
979 678 1105 720 niodo
1136 677 1343 731 applicari
1371 675 1681 718 satisfactiones

121 751 377 802 sanctorum,
419 764 502 802 quo
541 749 852 791 satisfactiones
891 748 1062 801 Christi,
1102 764 1209 802 quae
1247 748 1425 802 proinde
1463 762 1549 789 non
1582 748 1681 788 sunt

121 820 430 874 applicationes
468 820 770 862 satisfactionis
810 820 982 871 alienae,
1024 821 1097 862 sed
1135 821 1309 874 proprie
1340 822 1382 861 et
1409 834 1485 873 per
1515 833 1558 860 se
1587 833 1682 860 cum

122 890 279 933 Christi
318 892 693 944 satisfactionibus,
731 892 775 933 in
805 892 952 933 eodem
982 906 1134 944 genere
1165 892 1495 933 considerantur.
1524 889 1683 931 Mirum

122 965 264 1004 autem
301 966 375 1015 est,
416 963 530 1016 quod
568 963 611 1005 vi
651 963 853 1015 caritatis,
893 978 977 1016 qua
1012 963 1229 1005 Ecclesiae
1257 962 1447 1004 membra
1476 964 1574 1003 sunt
1602 960 1684 1002 sibi

122 1033 303 1076 invicem
338 1034 469 1086 unita,
505 1034 586 1076 hoc
624 1034 757 1076 velint
795 1033 1128 1087 indulgentiarii,
1166 1036 1214 1075 ut
1253 1049 1281 1086 q
1291 1049 1319 1074 u
1331 1048 1355 1075 o
1369 1033 1391 1074 d
1422 1048 1450 1074 u
1461 1047 1489 1073 n
1500 1048 1528 1074 11
1539 1047 1558 1073 s
1586 1048 1614 1086 p
1626 1047 1648 1073 r
1659 1046 1683 1073 o

124 1105 301 1147 altero
340 1105 598 1158 exsolvit,
638 1105 718 1147 ita
746 1107 1068 1158 acceptetur
1096 1119 1194 1158 pro
1225 1104 1325 1145 illo
1355 1119 1411 1145 ac
1443 1104 1486 1145 si
1517 1102 1685 1145 offer-

124 1191 144 1217 r
156 1191 178 1218 e
188 1178 207 1218 t
216 1192 244 1218 u
255 1191 275 1217 r
311 1191 336 1217 a
346 1177 373 1218 b
407 1176 460 1230 ip
474 1191 492 1217 s
504 1192 528 1218 o
539 1192 582 1218 m
593 1191 615 1218 e
626 1179 662 1229 t,
694 1176 808 1228 quod
837 1178 948 1218 certe
976 1176 1068 1217 fieri
1096 1190 1183 1217 non
1210 1177 1353 1229 potest
1382 1176 1470 1216 sine
1499 1175 1686 1228 imputa-

123 1248 241 1290 tione
269 1249 430 1290 alienae
455 1248 648 1301 justitiae
660 1265 669 1301 3
699 1263 827 1301 quam
857 1263 952 1291 cum
983 1250 1102 1290 extra
1131 1251 1173 1289 et
1202 1250 1349 1289 contra
1379 1246 1533 1300 Script.
1563 1246 1686 1288 satis-

122 1319 379 1362 factionibus
414 1321 636 1362 hominum
674 1320 920 1372 concedant,
956 1320 1085 1362 iidem
1122 1323 1265 1361 tamen
1300 1320 1442 1361 sannis
1472 1318 1687 1373 excipiunt

125 1391 362 1433 doctrinam
404 1393 455 1434 de
497 1393 782 1446 imputatione
820 1391 1013 1445 justitiae
1057 1391 1215 1433 Christi
1258 1390 1410 1444 capitis
1448 1390 1597 1441 nostri,
1636 1405 1687 1431 ex

126 1465 243 1516 cujus
273 1463 510 1506 arctissima
538 1464 835 1517 conjunctione
865 1479 961 1505 cum
988 1463 1189 1505 membris
1221 1462 1416 1504 omnibus
1444 1461 1566 1513 veris,
1593 1461 1688 1502 fluit

128 1535 454 1578 communicatio
485 1536 674 1577 omnium
696 1535 919 1587 bonorum,
944 1536 996 1576 ad
1021 1537 1237 1577 aeternam
1263 1534 1493 1576 electorum
1508 1533 1688 1575 salutem

128 1607 466 1649 conducentium.
1579 1647 1584 1652 ,

180 1677 224 1719 L.
262 1678 369 1731 Ejus
406 1678 537 1720 solius
575 1678 794 1732 passiones
831 1678 918 1720 vim
955 1677 1257 1720 satisfactionis
1295 1676 1467 1728 habent,
1506 1690 1613 1728 quae
1641 1676 1690 1716 ut

128 1749 322 1790 fidelibus
366 1748 727 1791 communicentur
768 1763 844 1802 per
887 1748 1229 1801 imputationem,
1271 1749 1315 1790 id
1353 1748 1434 1790 sibi
1471 1750 1691 1800 tamquam

127 1820 252 1862 unico
294 1820 554 1874 redemptori
594 1820 847 1862 vendicavit.
890 1819 971 1862 Sed
1013 1821 1058 1861 in
1097 1834 1144 1861 eo
1184 1835 1212 1872 q
1222 1835 1250 1861 u
1262 1834 1286 1862 o
1299 1820 1325 1861 d
1361 1835 1389 1873 p
1402 1834 1426 1860 a
1437 1833 1455 1860 s
1467 1833 1485 1861 s
1495 1834 1523 1860 u
1535 1834 1553 1860 s
1593 1834 1621 1872 p
1633 1833 1654 1859 r
1666 1832 1689 1860 o

127 1891 285 1934 nobis
323 1891 561 1944 reliquit
590 1891 750 1933 nobis
779 1891 1101 1945 exemplum,
1129 1892 1150 1932 1
1180 1891 1273 1933 Pet.
1303 1893 1340 1943 2,
1370 1892 1433 1932 21.
1463 1905 1615 1943 nempe
1643 1892 1692 1931 ut

128 1977 205 2016 pro
245 1962 338 2005 aliis
376 1965 630 2016 pateremur,
669 1978 756 2005 non
785 1978 813 2016 p
827 1978 881 2005 er
906 1978 985 2005 mo
999 1964 1116 2005 dum
1144 1962 1569 2016 redemptionis,
1600 1977 1619 2003 s
1633 1962 1692 2003 ed

129 2049 224 2088 per
260 2034 469 2076 modum
507 2034 743 2088 exempli
781 2037 832 2076 et
870 2034 1314 2086 exhortationis,
1340 2035 1500 2086 juxta
1530 2033 1690 2085 illud,

130 2105 165 2147 si
187 2105 454 2157 tribulamur,
479 2120 559 2159 pro
580 2108 722 2148 vestra
745 2105 1042 2148 exhortatione
1058 2108 1099 2148 et
1115 2106 1265 2158 salute,
1282 2106 1342 2148 ait
1358 2106 1510 2148 Thom.
1527 2108 1638 2159 part.
1654 2106 1691 2147 3.

131 2191 170 2230 q.
199 2177 263 2219 48.
293 2179 371 2219 art.
400 2177 437 2218 5.
469 2177 521 2219 ad
546 2177 584 2218 3.
615 2177 707 2227 Quo
737 2192 862 2219 sensu
889 2177 1095 2232 intelligit
1124 2178 1284 2220 dictum
1310 2177 1512 2231 Apostoli
1542 2176 1630 2219 Col.
1657 2177 1691 2229 1,

130 2249 194 2290 24.
239 2247 456 2290 Gaudeo
501 2248 555 2290 in
596 2250 956 2302 passionibus
998 2264 1095 2303 pro
1134 2251 1291 2292 vobis
1331 2252 1380 2292 et
1417 2250 1691 2303 adimpleo

131 2320 196 2362 τοὶ
231 2320 601 2374 ὑστερήματα,
636 2335 692 2363 ea
731 2335 866 2374 quae
905 2321 1091 2363 desunt
1128 2322 1450 2375 passionum
1484 2320 1692 2362 Christi

131 2390 187 2431 in
227 2405 389 2433 carne
428 2407 563 2444 mea,
600 2407 697 2446 pro
727 2407 960 2446 corpore
990 2394 1104 2446 ejus
1135 2392 1277 2446 quod
1308 2394 1389 2434 est
1416 2391 1691 2443 Ecclesia,

133 2461 203 2503 vel
253 2464 302 2503 ut
347 2463 609 2517 ὑστερήματα
652 2463 738 2505 sint
776 2478 824 2505 ea
862 2479 970 2516 quae
1005 2464 1234 2517 unicuique
1261 2463 1475 2505 Ecclesiae
1502 2462 1694 2504 membro

134 2536 232 2575 sunt
272 2534 474 2588 patienda
510 2538 608 2590 post
645 2535 804 2577 Christi
842 2535 1081 2588 passionem
1092 2553 1102 2587 3
1142 2550 1266 2588 quem
1302 2550 1470 2577 sensum
1497 2533 1695 2587 probavit

135 2604 308 2648 Gabriel
335 2605 530 2659 Vasquez
559 2606 588 2649 J
591 2607 739 2649 esuita.
767 2607 926 2649 Annot.
955 2608 999 2649 in
1029 2607 1170 2660 Epist.
1200 2607 1253 2648 ad
1281 2605 1419 2648 Colos.
1449 2605 1530 2648 Sed
1555 2605 1696 2659 plani-

135 2691 253 2718 orem
291 2676 518 2729 existimat,
558 2693 683 2731 quem
719 2677 764 2719 in
800 2677 1060 2732 Paraphrasi
1098 2678 1289 2731 sequitur
1317 2677 1400 2719 hoc
1427 2677 1567 2728 modo,
1599 2675 1633 2726 Q
1644 2676 1696 2718 ui

135 2762 272 2790 nunc
325 2749 557 2802 gaudeo,
601 2749 742 2802 quod
782 2751 866 2791 tot
908 2749 1276 2791 afflictiones
1322 2747 1497 2790 vestri
1538 2762 1697 2790 causa

135 2820 334 2873 patior,
374 2819 571 2872 quibus
610 2820 823 2873 quidem
862 2821 916 2861 in
952 2819 1375 2873 praedicatione
1403 2818 1696 2873 Evangelii

137 2890 191 2932 in
218 2906 294 2933 me
323 2891 446 2944 ipso
476 2891 779 2944 perpessis,
809 2891 1010 2945 impleo
1043 2891 1183 2943 quod
1211 2890 1459 2944 passioni
1488 2889 1697 2932 Christi

140 2961 346 3014 deerat,
383 2964 440 3003 ut
476 2962 691 3004 fructus
723 2963 839 3015 ejus
868 2977 962 3016 per
990 2962 1233 3004 laborem
1260 2961 1698 3015 praedicationis
