1931 3224
269 134 346 177 552
826 131 1066 174 DISPUTATIO
1099 132 1271 175 XLVII.

268 272 344 311 per
372 257 549 311 plateas,
578 257 622 298 in
651 256 992 310 processionibus
1022 259 1150 310 atque
1178 258 1224 298 in
1252 257 1347 298 aliis
1375 258 1624 301 ceremoniis
1654 260 1828 303 omnino
1911 283 1913 286 ⁴

268 344 293 371 a
332 328 492 370 Christi
519 328 790 370 institutione
820 328 1110 380 dissentaneis,
1138 328 1183 369 in
1212 328 1330 381 cujus
1359 329 1531 372 nomine
1559 329 1675 372 Deus
1704 345 1829 374 oran-

269 401 344 442 dus
375 401 448 451 est,
478 401 526 439 ut
554 398 700 440 foedos
729 399 825 441 illos
855 399 1010 440 abusus
1032 399 1078 440 in
1103 398 1236 441 Missa
1261 399 1454 453 latentes,
1481 415 1609 453 quam
1634 402 1829 455 plurimis
1914 455 1916 458 y

268 470 513 512 tristissima
552 469 733 523 caligine
772 471 848 512 sub
888 470 1060 523 Papatu
1087 470 1383 512 laborantibus
1412 472 1596 525 detegat,
1628 473 1681 515 ad
1710 487 1830 515 suam
1909 477 1916 485 '

270 542 452 595 gloriam
481 543 609 593 atque
638 540 852 583 Ecclesiae
882 555 981 583 suae
1010 541 1330 585 incrementum.
1360 543 1510 585 Amen.

690 908 1165 956 DISPUTATIO
1206 907 1406 956 XLVII.

1023 1035 1070 1057 DE

501 1127 793 1215 Quinque
842 1127 1055 1195 Falsis
1105 1129 1601 1198 Pontificiorum

825 1240 1278 1309 Sacramentis.

597 1386 796 1429 Praeside
824 1386 875 1428 D.
905 1386 1047 1429 AND
1060 1386 1197 1429 ΒΕΑ
1226 1387 1394 1429 RIVE
1407 1388 1441 1430 T
1455 1387 1503 1430 O.

647 1477 924 1527 Respondente
952 1477 1124 1517 PETRO
1154 1478 1454 1518 LAGNELLO.

918 1584 1109 1628 'I’HnsIs
1148 1584 1180 1627 Ι.

418 1695 473 1723 tm
501 1683 708 1723 rectum
737 1682 791 1723 sit
820 1683 968 1736 regula
997 1683 1063 1725 sui
1092 1686 1134 1726 et
1165 1683 1349 1737 obliqui3
1382 1699 1432 1727 ex
1463 1685 1705 1728 orthodoxa
1735 1686 1830 1728 doc-

418 1753 531 1795 trina
565 1752 615 1795 de
653 1752 936 1796 Sacramentis
972 1754 1017 1796 in
1055 1769 1207 1808 genere
1246 1758 1288 1797 et
1327 1757 1555 1799 eorundem
1593 1760 1758 1810 natura,
1788 1760 1830 1800 et
1904 1802 1908 1810 ¹

269 1825 461 1876 duorum,
501 1824 655 1878 quibus
696 1839 841 1867 omnes
880 1826 1144 1869 conditiones
1173 1827 1226 1869 ad
1253 1842 1354 1870 vera
1383 1827 1659 1871 Sacramenta
1687 1829 1829 1882 requi-

265 1896 371 1938 sitae
423 1898 685 1950 competunt,
737 1897 1043 1952 descriptione3
1085 1898 1168 1940 levi
1209 1899 1384 1953 negotio
1427 1900 1645 1953 adjectitia
1687 1900 1829 1942 omnia

265 1967 446 2009 discerni
486 1969 527 2009 et
564 1967 684 2021 rejici
723 1971 914 2022 possunt,
947 1984 971 2011 a
1001 1969 1150 2022 quovis
1180 1970 1253 2023 qui
1281 1986 1371 2013 rem
1401 1971 1606 2014 attentius
1638 1972 1828 2015 conside-

264 2039 434 2081 raverit.
460 2039 569 2089 Quia
596 2042 739 2082 tamen
769 2040 983 2082 contraria
1007 2042 1132 2094 juxta
1160 2056 1204 2084 se
1232 2043 1386 2095 posita,
1411 2043 1550 2096 magis
1574 2043 1828 2097 elucescunt,
1897 2038 1915 2052 ²

264 2126 350 2153 non
389 2111 463 2152 abs
501 2126 547 2153 re
584 2111 724 2153 visum
762 2115 838 2164 est,
877 2112 1259 2166 disputationibuss
1279 2114 1629 2167 praecedentibus
1669 2116 1720 2157 de
1754 2129 1827 2170 ge-

263 2182 403 2224 nuinis
441 2182 739 2235 Sacramentis,
779 2186 969 2226 attexere
1007 2199 1099 2226 eam
1141 2185 1186 2226 in
1225 2200 1308 2238 qua
1345 2186 1397 2227 de
1427 2187 1616 2239 quinque
1645 2187 1829 2240 pseudo·
1906 2241 1908 2244 y

264 2252 415 2306 nymis,
457 2267 564 2305 quae
593 2254 637 2295 in
665 2256 840 2308 papatu,
871 2255 978 2309 pari,
1009 2256 1217 2308 quaedam
1247 2257 1377 2299 etiarn
1404 2258 1570 2311 majori,
1599 2258 1827 2312 privilegio
1896 2267 1908 2276 “

266 2323 489 2376 donantur,
520 2327 562 2366 et
589 2339 676 2366 non
705 2325 861 2368 minori
889 2327 1125 2369 reverentia
1153 2328 1453 2382 suscipiuntur.

315 2394 369 2437 Π.
409 2395 517 2438 Sunt
546 2398 688 2438 autem
717 2397 805 2449 illa,
837 2397 948 2439 inter
978 2397 1250 2452 Baptismum
1279 2402 1321 2441 et
1349 2399 1666 2442 Eucharistiam
1696 2401 1829 2443 inter-

264 2467 449 2520 positum
469 2466 800 2521 Sacramentum,
818 2469 853 2510 1.
870 2468 900 2511 O
912 2484 936 2511 o
948 2469 1148 2512 nfirma
1160 2470 1239 2513 tio
1264 2470 1300 2512 Β
1313 2486 1375 2525 ap
1387 2472 1461 2513 tis
1473 2473 1561 2513 ato
1573 2486 1706 2523 rum;
1731 2474 1829 2527 post

263 2537 579 2581 Eucharistiam
609 2539 765 2592 addita,
793 2541 829 2582 2.
860 2540 1218 2584 Poenitentia
1243 2542 1652 2586 confitentium.
1676 2545 1712 2586 3.
1738 2547 1829 2586 Ex·
1898 2581 1902 2583 i

263 2612 434 2652 trema
477 2610 658 2653 unctio
701 2614 1125 2665 aegrotantium.
1163 2614 1200 2656 4.
1242 2613 1472 2657 Ordines
1509 2615 1828 2658 ministran-

262 2681 410 2723 tium.
451 2682 488 2724 5.
527 2678 594 2724 Et
632 2683 1043 2726 Matrimonium
1081 2687 1546 2729 contrahentium.
1581 2688 1647 2730 De
1676 2688 1828 2741 quibus

263 2752 325 2793 ita
354 2753 499 2796 ordine
531 2755 757 2808 agendum,
789 2759 837 2798 ut
867 2757 969 2810 quid
999 2757 1044 2799 in
1072 2772 1332 2812 unoquoque
1361 2760 1578 2813 probetur,
1609 2762 1829 2814 tamquam
1903 2755 1909 2802 J

267 2837 291 2863 a
331 2823 422 2866 Deo
465 2825 721 2880 institutum,
766 2831 839 2870 aut
880 2829 1044 2871 utiliter
1081 2830 1125 2871 in
1161 2829 1356 2873 Ecclesia
1393 2832 1685 2882 observatum3
1726 2832 1829 2885 quid

269 2896 416 2936 contra
451 2895 717 2949 improbetur
747 2901 969 2952 tamquam
998 2900 1050 2942 ab
1079 2900 1336 2954 hominibus,
1367 2904 1514 2944 contra
1545 2901 1732 2944 divinam
1761 2903 1826 2945 in-

267 2963 535 3008 stitutionem
564 2972 828 3022 usurpatum,
858 2971 1080 3025 perspicue
1110 2972 1432 3026 distinguamus.
