1931 3224
264 131 342 172 538
838 128 1080 170 D1s1³UrAT10
1111 127 1261 172 XLVI.

264 254 341 296 sub
378 252 502 295 Novo
540 252 827 303 Testamento,
864 266 941 293 nec
980 252 1123 305 dispar
1161 253 1400 307 exemplum
1439 270 1490 298 ex
1529 257 1657 299 sacris
1686 258 1821 302 literis

263 325 441 377 produci
469 325 625 377 potest.
655 322 777 371 Quod
807 323 1076 364 considerans
1105 323 1402 377 Bellarminus,
1433 342 1586 380 panem
1612 331 1653 371 et
1677 330 1822 372 vinum

264 395 454 438 concedit
483 394 625 446 aliquo
654 393 779 435 modo
808 394 853 434 in
880 393 1011 437 Missa
1036 394 1192 447 offerri,
1218 398 1259 437 et
1285 397 1498 449 pertinere
1524 399 1577 441 ad
1600 415 1690 442 rem
1714 416 1822 454 quae

267 467 451 509 offertur.
481 466 547 507 Ex
578 480 661 518 quo
690 465 794 507 haec
823 465 1005 506 absurda
1033 470 1360 520 consequuntur,
1390 469 1426 510 1.
1450 468 1501 510 In
1524 469 1655 513 Missa
1678 467 1821 515 offerri

265 538 346 579 duo
389 536 607 588 sacrificia,
651 552 781 578 unum
818 537 940 589 panis
979 539 1020 578 et
1058 537 1158 589 vini,
1198 538 1378 581 alterum
1416 542 1607 595 corporis
1647 544 1689 584 et
1726 558 1823 584 san-

264 608 403 661 guinis
439 607 467 649 J
471 622 544 649 esu
582 606 751 648 Christi.
796 606 897 649 Non
935 609 1047 649 enim
1084 609 1245 662 species
1285 613 1326 652 et
1364 612 1598 654 accidentia
1628 614 1751 667 panis
1781 617 1824 656 et

264 678 351 720 vini
388 679 499 720 idem
527 681 625 720 sunt
654 693 748 720 cum
778 693 955 732 corpore
985 682 1026 721 et
1055 680 1261 733 sanguine
1288 681 1391 723 Jesu
1419 681 1589 736 Christi,
1618 685 1690 726 sed
1718 684 1824 728 haec

265 765 352 791 esse
391 750 608 803 disparata
644 764 768 791 nemo
804 749 970 791 ratione
1000 750 1218 803 praeditus
1246 753 1478 806 negaverit.
1507 755 1531 795 2
1560 754 1824 798 Sacrificium

265 821 420 862 Missae
458 836 508 862 ex
546 835 656 874 pane
684 821 828 874 potius
859 823 900 863 et
928 821 1026 863 vino
1057 823 1300 875 consistere,
1332 839 1460 877 quam
1488 840 1539 867 ex
1570 841 1747 880 corpore
1776 843 1824 870 ac

264 893 468 945 sanguine
496 891 598 934 ‚Jesu
628 891 799 945 Christi,
827 895 919 934 tum
949 893 1048 946 quia
1077 894 1238 947 species
1267 895 1390 948 panis
1419 899 1461 938 et
1488 897 1577 939 vini
1606 901 1705 940 sunt
1730 914 1824 942 sen-

264 963 372 1015 siles,
412 978 497 1005 non
534 966 677 1006 autem
714 979 867 1018 corpus
904 980 953 1007 ac
990 966 1164 1022 sanguis
1205 965 1376 1019 Christi,
1416 971 1464 1010 ut
1503 969 1631 1012 Thesi
1662 971 1723 1012 14.
1753 971 1824 1013 de-

263 1036 606 1087 monstravimus,
642 1038 733 1077 tum
771 1036 871 1089 quia
908 1037 1025 1079 nulla
1060 1038 1105 1081 in
1142 1037 1274 1080 Missa
1314 1039 1480 1092 accidit,
1517 1043 1591 1082 aut
1627 1042 1823 1094 mutatio,

265 1109 336 1148 aut
366 1107 602 1149 consumtio
633 1108 803 1161 corpori
831 1110 904 1150 aut
932 1109 1131 1162 sanguini
1160 1109 1317 1151 Christi
1344 1111 1527 1153 sedentis
1556 1112 1608 1153 ad
1631 1112 1826 1154 dextram

266 1178 419 1231 Patris,
449 1179 522 1221 sed
549 1180 650 1233 pani
679 1182 721 1222 et
750 1180 863 1232 vino,
892 1183 1020 1233 atque
1045 1181 1291 1234 hujusmodi
1313 1183 1495 1225 mutatio
1522 1186 1564 1225 et
1589 1184 1824 1226 consumtio

267 1253 330 1292 est
357 1265 456 1304 pars
485 1251 720 1293 essentialis
748 1251 872 1304 hujus
903 1251 1168 1294 Sacramenti
1198 1268 1222 1295 a
1253 1254 1515 1296 sacrificante
1543 1254 1669 1308 facta,
1694 1257 1742 1297 ut
1766 1255 1826 1297 ait

267 1322 637 1365 Bellarminus
665 1322 772 1364 Lib.
803 1323 838 1364 1.
869 1323 928 1365 de
956 1323 1139 1376 Missa,
1172 1339 1278 1379 cap.
1307 1326 1344 1366 2.

320 1393 476 1436 XXIV.
507 1393 689 1443 Quintae
722 1393 983 1446 assertionis,
1012 1394 1068 1435 In
1097 1394 1262 1437 Missa
1292 1410 1486 1451 corpus
1517 1399 1570 1439 et
1598 1398 1825 1452 sanguis

267 1464 476 1507 Christi
503 1480 527 1506 a
555 1464 854 1509 Sacerdote
884 1465 1145 1519 offertur,
1174 1466 1339 1508 falsitas
1369 1482 1419 1509 ex
1447 1467 1542 1521 ipso
1566 1467 1826 1510 Bellarmino

267 1536 432 1578 ostendi
469 1538 624 1589 potest.
653 1535 703 1578 In
732 1537 938 1578 sacrificio
970 1537 1129 1590 utique,
1159 1540 1208 1580 ut
1237 1538 1297 1580 ait
1326 1538 1623 1591 Bellarminus,
1653 1539 1760 1581 Lib.
1792 1541 1827 1582 1.

267 1608 325 1649 de
366 1607 555 1660 Missa,
600 1622 708 1662 cap.
748 1609 784 1650 2.
825 1608 1171 1651 sacrificium
1209 1612 1259 1651 et
1296 1611 1666 1653 sacerdotium
1704 1613 1829 1653 sunt

265 1678 524 1730 relativa,
579 1679 658 1721 ita
700 1682 755 1721 ut
799 1680 1084 1723 sacrificio
1129 1681 1353 1735 proprie
1395 1681 1543 1723 dicto
1586 1682 1828 1724 sacerdo-

265 1750 400 1792 tium
429 1751 656 1805 proprie
687 1751 911 1803 dictum,
942 1755 992 1794 et
1017 1752 1304 1795 sacrificio
1328 1753 1629 1807 improprie
1655 1754 1826 1806 dic-to,

266 1822 640 1864 sacerdotium
668 1823 972 1878 improprie
1001 1823 1207 1866 dictum
1235 1825 1581 1878 respondeat.
1610 1825 1670 1867 At
1697 1825 1827 1867 missa

264 1907 350 1936 non
380 1896 444 1936 est
472 1893 725 1936 sacrificium
753 1895 927 1949 proprie
957 1895 1129 1947 dictum,
1159 1897 1207 1936 ut
1236 1894 1446 1938 Thesibus
1475 1895 1826 1949 praecedentibus

265 1964 430 2006 abunde
467 1965 754 2019 probavimus.
793 1965 886 2008 Nec
921 1966 1057 2020 igitur
1088 1966 1390 2009 Missificorum
1419 1966 1732 2009 administratio
1763 1968 1827 2008 est

265 2037 548 2079 sacerdotium
575 2037 749 2091 proprie
777 2037 949 2080 dictum.
1368 2035 1375 2038 ”
1749 2035 1752 2037 ’

317 2107 451 2150 XXV.
476 2109 544 2151 Ad
570 2109 686 2162 haec,
710 2111 758 2151 ut
781 2109 940 2152 ibidem
962 2112 1107 2151 monet
1130 2109 1428 2162 Bellarminus,
1452 2109 1512 2151 In
1537 2109 1824 2152 sacrificio

265 2180 495 2234 proprie
534 2180 680 2223 dicto
718 2181 1045 2234 requiritur,
1084 2184 1141 2223 ut
1171 2181 1447 2223 sacrificii
1477 2181 1691 2223 oblatio
1721 2181 1825 2223 fiat

267 2266 291 2292 a
320 2252 572 2305 legitimo
603 2252 873 2295 Ministro.
903 2252 1005 2295 Non
1034 2253 1145 2295 enim
1174 2254 1375 2306 cujusque
1400 2255 1463 2294 est
1489 2252 1640 2294 offerre
1668 2252 1825 2294 sacrifi-

267 2322 390 2373 cium,
428 2323 501 2364 sed
539 2324 644 2365 certi
681 2323 868 2365 hominis
907 2324 1049 2366 divina
1086 2324 1341 2366 auctoritate
1368 2323 1580 2375 instructi,
1609 2323 1683 2376 qui
1710 2337 1825 2365 com-

265 2393 382 2434 muni
420 2394 591 2436 nomine
628 2394 671 2435 id
709 2397 901 2448 peragat.
940 2394 1054 2437 Nam
1091 2395 1327 2449 Apostolus
1363 2394 1492 2437 Hebr.
1534 2395 1570 2436 5.
1611 2395 1661 2436 de
1692 2409 1825 2436 sacer-

266 2463 381 2505 dotio
412 2464 601 2517 loquens,
632 2464 788 2508 Nemo
818 2466 993 2519 (inquit)
1025 2467 1254 2509 assumit
1279 2467 1388 2509 sibi
1411 2467 1690 2519 honorem,
1715 2466 1821 2508 nisi

267 2537 356 2589 qui
385 2541 613 2580 vocatur
641 2554 664 2580 a
693 2538 825 2591 Deo,
856 2541 1130 2591 tamquam
1160 2539 1362 2581 Aaron:
1390 2541 1432 2582 et
1455 2538 1538 2581 hoc
1561 2553 1694 2591 usque
1719 2538 1823 2580 adeo

265 2624 411 2651 verum
451 2613 528 2662 est,
566 2612 614 2652 ut
651 2611 792 2664 ipsum
821 2610 950 2652 etiam
979 2609 1194 2652 Christum
1223 2611 1336 2653 dicat
1363 2611 1521 2652 ibidem
1550 2609 1709 2652 Paulus
1737 2624 1824 2652 non

266 2681 435 2723 sibimet
477 2668 762 2724 sacerdo-tium
804 2682 1060 2734 assumsisse,
1104 2682 1176 2724 sed
1218 2697 1241 2724 a
1282 2682 1411 2724 Patre
1452 2682 1556 2724 illud
1598 2681 1822 2734 accepisse.

267 2751 403 2805 Atqui
440 2753 483 2794 in
520 2753 572 2794 iis
610 2753 715 2806 ipsis
751 2753 856 2795 locis
886 2753 930 2795 in
960 2754 1113 2807 quibus
1142 2754 1270 2797 Sacra
1299 2753 1522 2808 Scriptura
1552 2768 1602 2795 ex
1630 2752 1822 2806 professo

268 2823 358 2875 agit
386 2824 435 2865 de
464 2824 759 2867 Ministrorum
784 2825 1009 2880 Evangelii
1032 2826 1248 2880 gradibus,
1272 2826 1494 2868 vocatione
1523 2839 1571 2867 ac
1594 2826 1821 2877 potestate,

267 2894 382 2935 nulla
418 2896 467 2936 fit
495 2896 656 2938 mentio
686 2897 912 2939 sacerdotii
941 2898 1055 2951 quod
1083 2913 1107 2939 a
1134 2898 1226 2940 Deo
1256 2897 1506 2952 acceperint.
1531 2896 1568 2938 E
1595 2895 1822 2948 contrario,

269 2964 341 3006 ubi
366 2965 415 3006 de
438 2965 551 3008 Novi
575 2967 838 3010 Testamenti
863 2969 1098 3011 sacerdotio
1121 2968 1326 3023 loquitur,
1351 2968 1412 3010 ibi
1434 2967 1541 3010 illud
1555 2967 1634 3009 soli
1651 2966 1820 3008 Christo
