1931 3224
751 104 816 147 Dr:
843 105 1092 148 JURAMENTO.
1625 108 1702 148 183

192 227 362 270 XLVII.
403 228 460 270 Et
496 228 599 271 haec
639 229 808 282 quidem
845 229 1057 272 sufficiant
1096 231 1145 272 de
1178 232 1409 284 juramenti
1449 234 1626 286 objectis
1657 233 1701 273 in

137 301 262 343 rebus
314 300 442 342 sacris
481 303 554 342 aut
583 301 745 342 cultum
773 300 854 343 Dei
884 302 1195 355 spectantibus3
1225 306 1388 345 restant
1416 305 1621 347 nonnulla
1651 308 1701 350 de

136 372 314 414 materia
339 372 570 425 juramenti
598 372 642 413 in
671 373 796 414 rebus
825 373 1013 427 politicis
1043 376 1085 415 et
1112 374 1316 427 profanis.

188 442 380 484 XLVIII.
420 442 669 496 Requiritur
707 459 822 498 ergo,
860 447 907 485 ut
944 445 1015 486 illa
1055 460 1161 498 quae
1195 447 1438 499 juramento
1478 451 1700 493 asserenda

135 517 208 556 aut
246 515 536 568 promittenda
574 517 685 567 sunt,
723 531 807 557 non
845 517 930 558 sint
967 532 1034 558 res
1062 518 1175 560 leves
1206 521 1279 560 aut
1307 520 1523 573 vulgares3
1555 523 1700 574 quales

133 586 178 627 in
230 600 494 628 communem
538 586 758 628 hominum
802 587 935 628 vitam
978 588 1168 640 quotidie
1210 590 1413 643 incidunt,
1456 593 1500 634 in
1546 595 1699 647 quibus

133 673 269 700 sermo
312 660 457 699 noster
499 672 588 699 esse
627 658 763 709 debet,
802 658 982 700 Etiam
1021 662 1072 700 et
1108 675 1224 712 non,
1263 664 1311 702 111
1341 661 1544 716 Christus,
1574 664 1697 708 Matt.

132 729 169 781 5,
206 729 269 770 37.
303 729 438 782 jubet,
477 729 549 770 sed
576 731 624 770 ut
654 729 739 769 sint
766 743 832 770 res
863 743 1014 782 graves
1043 733 1172 783 atque
1202 732 1368 786 arduae,
1399 736 1440 776 et
1469 735 1513 776 in
1543 737 1696 788 quibus

131 800 409 854 Reipublicae
459 800 572 842 salus
621 803 694 842 aut
736 800 921 853 proximi
975 801 1129 843 caritas
1175 803 1447 856 singulariter
1489 811 1692 861 versatur,

132 872 241 913 sicut
284 872 476 926 exempla
514 871 759 926 Scripturae
797 872 938 913 omnia
980 873 1219 926 ostendunt,
1262 877 1303 916 et
1331 876 1427 918 finis
1453 879 1694 930 juramento

130 944 391 997 propositus,
420 943 529 985 Heb.
558 944 594 985 6.

184 1013 333 1055 XLIX.
371 1013 479 1056 Sunt
515 1017 657 1056 autem
685 1029 733 1056 ea
762 1015 828 1056 vel
858 1015 1041 1068 publica,
1072 1017 1139 1058 vel
1168 1017 1348 1070 privata.
1378 1020 1554 1064 Publica
1584 1027 1694 1075 sunt,

131 1084 524 1127 confoederationes
552 1086 665 1127 inter
692 1085 906 1140 principes
939 1090 1011 1128 aut
1040 1089 1235 1141 populos,
1265 1090 1376 1133 inter
1400 1092 1695 1137 Abrahamum

130 1159 172 1199 et
209 1156 513 1209 Abimelecum,
553 1160 600 1198 ut
631 1156 731 1199 Gen.
772 1158 834 1209 21,
865 1158 942 1206 31.,
975 1162 1016 1200 61
1045 1160 1157 1201 inter
1186 1160 1379 1204 Isaacum
1408 1166 1450 1206 et
1478 1165 1693 1209 Abimele-

130 1244 235 1281 cum,
282 1227 383 1270 Gen.
426 1230 489 1290 26,
532 1229 595 1271 28
640 1231 681 1271 61
721 1230 833 1271 111161
877 1229 1308 1275 Nebuchadesnarem
1346 1238 1387 1277 et
1426 1236 1691 1291 Tsedekiam,

128 1302 153 1342 2
183 1300 518 1352 ΟΙ11011.36,1.3
551 1303 627 1342 616.
659 1300 755 1343 Η116
782 1301 1002 1344 referimus
1025 1304 1315 1355 juramentum
1339 1306 1557 1351 fidelitatis
1582 1310 1694 1353 inter

128 1371 350 1426 Principes
386 1374 427 1414 et
455 1373 660 1425 subditos,
688 1373 791 1415 item
821 1378 1133 1417 sacramentum
1160 1377 1357 1431 militare,
1389 1381 1505 1434 cujus
1534 1382 1692 1424 utrius·
1753 1373 1757 1378 ’

128 1458 209 1496 que
249 1444 490 1497 exemplum
528 1446 552 1486 2
580 1444 685 1498 Reg.
718 1445 780 1496 11,
810 1445 846 1486 4.
877 1445 974 1488 Η116
1005 1461 1174 1500 quoque
1203 1449 1424 1492 referimus
1450 1453 1692 1505 juramenta

122 1515 352 1568 judicialia,
377 1515 455 1557 Ex.
481 1517 543 1568 22,
571 1516 646 1568 11.,
673 1519 715 1557 61
741 1517 853 1569 alibi,
875 1517 978 1559 item
992 1518 1164 1560 foedera
1184 1522 1437 1575 conjugalia,
1454 1522 1554 1565 Mal.
1572 1526 1608 1577 2,
1627 1526 1688 1568 14.

180 1585 223 1627 L.
256 1585 430 1628 Privata
458 1601 658 1629 vocamus
688 1602 796 1640 quae
826 1588 938 1630 inter
961 1589 1152 1642 privatos
1184 1592 1385 1644 privatim
1409 1594 1528 1636 fiunt.
1556 1595 1690 1644 Quale

127 1657 421 1710 exploratores
449 1658 605 1700 Terrae
636 1658 804 1700 Canaan
834 1659 1061 1702 Rachabae
1090 1663 1303 1704 meretrici
1329 1665 1378 1706 de
1413 1665 1506 1718 ipsa
1541 1669 1582 1708 et
1618 1683 1687 1709 co-

126 1728 330 1781 gnatione
355 1729 443 1782 ejus
468 1744 492 1770 a
520 1729 645 1771 caede
672 1731 958 1773 conservanda
986 1733 1304 1785 praestiterunt,
1335 1734 1424 1777 Jos.
1454 1737 1490 1787 2,
1522 1737 1583 1778 12.
1613 1736 1688 1779 Ja-

126 1800 205 1841 cob
244 1802 286 1841 et
322 1799 466 1842 Laban
498 1801 547 1843 de
575 1801 731 1854 injuria
760 1804 833 1843 3111
860 1817 973 1844 noxa
1001 1803 1183 1845 invicem
1210 1820 1295 1846 non
1324 1806 1553 1861 inferenda,
1586 1808 1686 1851 Gen.

124 1871 189 1923 31,
214 1871 277 1913 53.
303 1870 442 1913 David
463 1874 504 1913 et
519 1871 548 1913 J
551 1873 739 1914 onathan
756 1873 805 1915 de
819 1875 968 1915 mutua
985 1875 1172 1917 amicitia
1189 1877 1230 1917 et
1246 1890 1357 1928 cura,
1376 1878 1396 1918 1
1414 1877 1524 1920 Sam.
1542 1880 1605 1931 20,
1624 1881 1685 1923 12.

180 1943 245 1985 LI.
284 1943 379 1986 Hoc
418 1946 561 1986 tamen
598 1944 669 1986 hic
706 1945 910 1987 interesse
948 1947 1152 1998 videmus,
1192 1948 1306 2001 quod
1342 1949 1453 1992 inter
1482 1966 1686 2004 personas

125 2015 325 2069 aequales
376 2017 417 2057 61
469 2015 550 2057 sibi
592 2018 740 2058 mutuo
782 2017 970 2059 nondum
1007 2018 1232 2071 subjectas,
1267 2021 1562 2073 jusjurandum
1601 2038 1686 2066 non

123 2088 206 2130 nisi
245 2103 295 2130 ex
333 2091 481 2131 mutuo
516 2103 722 2132 consensu
750 2090 845 2140 fiat3
876 2091 987 2132 inter
1017 2105 1086 2132 eas
1115 2105 1214 2132 vero
1246 2105 1426 2143 quarum
1455 2092 1561 2134 aliae
1591 2095 1685 2138 aliis

124 2160 340 2212 subjectae
378 2162 488 2212 sunt,
522 2161 810 2213 juramentum
847 2162 975 2203 etiam
1003 2161 1205 2214 imperari
1235 2165 1362 2215 atque
1392 2165 1506 2218 exigi
1534 2167 1685 2219 possit,

125 2234 172 2273 ut
200 2232 392 2285 exempla
419 2247 548 2286 supra
577 2233 706 2274 allata
735 2233 945 2275 evincunt.

176 2302 264 2345 LII.
302 2302 431 2345 Hisce
469 2304 522 2345 ad
561 2303 675 2346 hunc
710 2305 884 2347 modum
922 2306 1109 2347 breviter
1147 2307 1382 2360 explicatis,
1413 2308 1684 2361 subjiciemus

119 2376 209 2429 jam
237 2375 401 2429 aliquot
430 2376 711 2428 quaestiones,
743 2392 850 2430 quae
879 2377 924 2418 in
948 2378 1288 2430 juramentorum
1314 2379 1438 2432 praxi
1462 2383 1684 2422 versantur

124 2450 166 2489 et
193 2447 305 2489 inter
332 2447 577 2501 Theologos
607 2448 893 2501 disputantur,
925 2463 975 2491 ex
1005 2449 1158 2502 quibus
1187 2450 1460 2503 reliquarum,
1487 2466 1590 2504 quas
1614 2452 1684 2495 hic

121 2534 208 2562 non
235 2534 531 2571 memoramus
561 2519 794 2562 solutiones
821 2521 908 2563 fere
937 2521 1134 2574 pendent.

174 2590 283 2633 LIII.
314 2591 371 2633 Et
401 2592 575 2644 primo
607 2592 836 2644 quaeritur,
866 2592 935 2633 An
960 2594 1248 2646 juramentum
1278 2594 1431 2635 deferri
1455 2594 1593 2647 possit
1616 2595 1681 2647 iis,

123 2663 196 2715 qui
219 2677 296 2716 per
323 2662 454 2704 falsos
478 2661 607 2713 Deos,
632 2664 705 2703 aut
728 2678 804 2716 per
833 2666 1047 2705 creaturas
1071 2666 1238 2717 jurant;
1265 2680 1359 2706 cum
1384 2680 1459 2719 per
1475 2666 1682 2719 ejusmodi

122 2733 377 2775 delationem
408 2733 612 2786 peccandi
642 2735 883 2777 occasiones
913 2751 1142 2789 suggerere
1170 2736 1399 2778 videamur.

174 2803 282 2846 LIV.
320 2804 387 2846 Ad
426 2804 507 2846 hoc
545 2805 858 2860 respondemus,
895 2807 1008 2848 inter
1044 2821 1247 2861 personas
1287 2821 1394 2860 quae
1422 2807 1503 2850 sibi
1530 2811 1679 2852 mutuo

122 2875 337 2928 subjectae
378 2890 464 2918 non
507 2878 616 2928 sunt,
662 2891 791 2929 quum
834 2877 917 2919 alia
959 2877 1125 2920 ratione
1164 2878 1301 2919 caveri
1337 2893 1424 2921 non
1452 2882 1607 2933 potest,
1635 2879 1679 2922 id

120 2960 245 2999 posse
281 2947 495 3000 permitti3
536 2947 644 2989 sicut
673 2948 925 3001 exemplum
953 2947 1118 3000 Jacobi,
1149 2949 1222 3001 qui
1249 2963 1325 3003 per
1352 2949 1491 2993 Deum
1520 2965 1676 3002 verum,
