1931 3224
0 552 29 710 Qua-«³:³2
0 517 19 545 νε
7 500 21 505 ;
5 461 10 470 ⁹
0 409 23 449 ,4.
10 392 30 399 2

39 510 41 513 Α
31 358 46 373 -,,

0 889 16 926 ἆ”9
0 840 22 882 ,xer
0 818 13 832 “-
0 724 32 809 '⁷'J5J127

28 780 41 785 ὃ

569 108 633 152 ΒΕ
662 107 931 151 SAORAMENms
959 123 999 151 IN
1029 123 1190 152 GENERE.
1586 112 1663 153 487

102 235 208 277 lica
236 233 473 276 tradidit
503 232 824 286 disciplina,
856 233 1055 286 (August.
1082 234 1131 275 de
1157 233 1289 276 doctr.
1313 233 1483 276 Christi.
1509 234 1598 276 Lib.
1623 236 1659 277 4.

102 322 134 349 c.
164 306 219 359 9.)
249 305 331 347 duo
361 307 529 346 tantum
560 319 650 346 esse
681 306 722 345 et
751 318 837 346 non
866 305 990 359 plura
1016 305 1299 348 affirmamus:
1327 321 1508 359 quorum
1533 321 1664 347 unum

102 379 165 419 est
202 376 457 418 initiationis
497 390 570 417 seu
608 376 956 428 regenerationis,
995 377 1178 419 alterum
1205 378 1452 419 nutritionis
1482 392 1556 419 seu
1586 378 1663 419 ali-

101 447 286 497 moniae3
325 447 426 499 quia
465 461 550 488 non
584 446 708 500 plura
736 446 907 489 fuerunt
937 463 960 489 a
992 447 1160 490 Christo
1190 449 1400 501 instituta,
1431 452 1472 491 et
1501 450 1550 491 de
1578 449 1662 491 illis

101 518 445 561 administrandis
497 517 647 569 solum,
700 517 816 559 Novi
860 518 1123 561 Testamenti
1167 519 1377 561 Ministris
1418 521 1665 562 mandatum

100 590 226 643 dedit,
258 604 440 643 quorum
469 591 637 631 tantum
667 589 772 643 ipse,
801 592 1021 643 tamquam
1047 593 1184 646 caput,
1212 606 1384 633 consors
1408 591 1545 633 factus
1570 591 1662 643 fuit,

99 665 147 704 ut
176 677 224 704 ea
253 675 331 714 pro
362 660 563 702 membris
587 661 673 702 suis
699 661 1001 703 sanctificaret:
1028 664 1075 703 111
1100 677 1191 715 per
1214 678 1370 704 unum
1395 662 1664 715 Spiritum

99 734 152 775 in
187 748 342 775 unum
380 744 576 786 corpus
618 732 886 785 baptizati
916 748 1096 775 omnes
1125 749 1225 775 una
1252 734 1483 787 potione
1511 737 1662 787 pota-

99 819 297 855 remur,
336 803 460 846 Matt.
500 805 537 856 3,
579 804 640 845 16.
681 806 722 845 61
759 804 823 855 26,
853 805 916 846 26.
946 806 970 845 2
1002 804 1094 846 Cor.
1125 805 1161 856 5,
1191 806 1227 846 6.
1258 805 1337 846 His
1367 805 1531 847 duobus
1561 806 1662 847 solis

98 890 240 918 veram
271 875 641 918 Sacramentorum
671 876 962 918 definitionem
991 879 1233 929 competere
1263 891 1349 918 non
1380 877 1633 918 dubitamus.

150 946 349 989 XXXVI.
379 948 484 990 Esse
513 947 655 1001 aliqua
684 947 957 990 Sacramenta
982 963 1090 1001 quae
1115 948 1493 990 characterem
1518 949 1661 991 inde-

97 1019 317 1061 lebilem
355 1020 615 1073 imprimant,
658 1019 739 1061 hoc
770 1021 843 1071 est,
877 1019 1130 1072 qualitatem
1161 1019 1373 1072 quandam
1402 1019 1662 1072 singularem

98 1090 266 1132 Christo
304 1106 382 1133 nos
422 1091 772 1142 conformantem,
813 1105 921 1143 quae
959 1090 1003 1131 in
1032 1090 1253 1131 animabus
1283 1091 1411 1132 etiam
1441 1091 1662 1133 damnato-

96 1176 190 1203 rum
226 1164 455 1214 remaneat,
496 1162 612 1214 cujus
642 1161 808 1203 ratione
837 1161 983 1202 iterari
1011 1175 1098 1202 non
1127 1161 1328 1211 debeant3
1358 1176 1437 1215 pro
1467 1161 1661 1204 Scholas-

95 1232 281 1275 ticorum
308 1233 468 1274 recenti
497 1234 736 1274 commento
761 1231 978 1284 habemus,
1005 1232 1055 1273 de
1081 1233 1199 1285 cujus
1224 1234 1387 1283 natura,
1412 1248 1464 1274 ne
1492 1233 1662 1286 quidem

95 1304 207 1346 inter
244 1303 361 1357 ipsos
398 1304 642 1346 inventores
682 1303 819 1345 adhuc
845 1304 1062 1354 convenit3
1102 1304 1202 1345 hinc
1231 1319 1281 1346 ex
1309 1304 1392 1346 illis
1421 1319 1506 1346 non
1536 1320 1659 1347 nemo

95 1375 255 1418 fatetur
296 1375 491 1429 ingenue,
533 1375 712 1418 omnia
750 1389 883 1428 quae
922 1375 981 1416 de
1021 1375 1344 1417 charactere
1383 1376 1658 1429 dicuntur,

97 1462 291 1501 magna
329 1462 390 1488 ex
428 1450 586 1500 parte
616 1461 731 1488 esse
758 1447 1080 1488 voluntaria
1111 1449 1161 1489 et
1191 1447 1410 1488 minima
1441 1448 1658 1489 ratione

96 1517 347 1559 suffulta.
378 1517 481 1560 Grab.
510 1517 617 1559 Biel.
648 1517 692 1558 in
719 1517 757 1558 4.
787 1517 901 1560 Sent.
932 1517 1116 1559 distinct.
1146 1519 1182 1560 6.
1210 1517 1338 1559 dubio
1363 1518 1399 1559 6.
1425 1518 1538 1570 quod
1563 1533 1658 1560 cum

94 1590 281 1632 maxima
310 1590 474 1632 ratione
503 1589 555 1631 ab
587 1604 635 1631 eo
666 1588 824 1630 dictum
856 1603 944 1631 esse
976 1604 1205 1631 censemus.

147 1659 366 1702 XXXVII.
420 1659 525 1701 Cum
577 1663 719 1702 autem
759 1675 881 1702 verus
924 1659 1005 1702 Dei
1049 1661 1198 1713 cultus,
1242 1660 1407 1702 abunde
1448 1661 1571 1703 nobis
1614 1663 1658 1703 111

96 1732 224 1776 Sacra
248 1731 468 1785 Scriptura
493 1732 548 1773 sit
570 1732 870 1785 praescript-us,
896 1734 988 1773 tum
1012 1733 1196 1774 maxime
1220 1733 1264 1774 in
1289 1732 1659 1775 Sacramentorum

96 1803 477 1855 administratione,
515 1818 539 1844 a
576 1803 725 1856 regula
762 1802 916 1846 Sacrae
952 1803 1196 1857 Scripturae
1237 1804 1532 1846 discedendum
1571 1819 1658 1846 non

97 1889 185 1917 esse
223 1874 538 1926 contendimus3
580 1877 844 1927 quapropter
877 1876 984 1927 jure,
1026 1890 1049 1916 a
1089 1874 1413 1917 Pontificiorum
1452 1876 1657 1930 sacrilega

97 1946 271 1988 audacia
307 1946 596 1998 abhorremus,
639 1945 712 1998 qui
741 1946 1000 1987 ceremonias
1030 1945 1365 1988 Sacramentales
1394 1947 1656 1990 institutioni

96 2017 255 2060 Christi
293 2017 557 2069 addiderunt,
599 2032 702 2070 quas
741 2017 830 2059 sine
870 2017 991 2071 gravi
1030 2021 1203 2071 peccato
1234 2020 1376 2060 omitti
1404 2034 1489 2061 non
1517 2034 1655 2072 posse,

95 2089 336 2131 meritorias
380 2104 481 2140 esse,
526 2091 567 2130 et
611 2089 696 2130 vim
739 2089 951 2141 quandam
991 2105 1188 2131 arcanam
1227 2093 1268 2132 et
1307 2091 1574 2144 spiritualem
1611 2091 1655 2133 111

96 2161 395 2203 sanctificando
422 2161 591 2212 habere,
616 2162 867 2213 partemque
893 2161 1024 2202 divini
1050 2160 1187 2202 cultus
1211 2160 1388 2213 efficere,
1414 2162 1654 2203 decernunt.

94 2231 294 2274 Bellarm.
324 2231 414 2273 Lib.
445 2233 479 2273 2.
510 2232 560 2273 de
589 2231 773 2274 Sacram.
806 2246 837 2273 c.
867 2232 929 2273 30.
962 2234 1003 2273 et
1032 2247 1147 2285 seqq.

146 2301 388 2343 XXXVIII.
429 2301 539 2344 Usus
577 2301 949 2345 Sacramentorum
987 2319 1037 2345 ex
1074 2304 1228 2346 finibus
1268 2320 1395 2359 supra
1432 2305 1654 2359 descriptis

95 2374 197 2415 satis
226 2376 367 2427 patet3
396 2388 494 2415 nam
522 2376 570 2415 ut
600 2374 658 2416 eis
687 2374 793 2416 bene
821 2377 1003 2427 utamur,
1033 2376 1085 2417 ad
1113 2391 1210 2418 suos
1234 2377 1338 2419 fines
1361 2379 1460 2419 sunt
1484 2392 1507 2418 a
1531 2378 1654 2419 nobis

94 2444 325 2487 referenda.
353 2445 490 2498 Atqui
518 2448 566 2487 ut
593 2445 691 2487 talis
720 2445 1092 2488 Sacramentorum
1118 2448 1348 2490 necessitas
1375 2464 1461 2490 non
1489 2450 1551 2490 est
1575 2463 1654 2502 po-

93 2517 243 2570 nenda,
281 2532 388 2570 quae
417 2517 520 2571 ipsis
548 2516 630 2559 Dei
652 2515 844 2571 >gratiam
874 2518 1032 2572 alliget,
1064 2520 1137 2560 aut
1165 2534 1189 2561 a
1218 2535 1301 2572 qua
1330 2520 1521 2562 absolute
1548 2534 1652 2574 pen-

95 2589 192 2631 deat
228 2589 450 2632 hominum
486 2590 619 2631 salus:
659 2591 891 2632 cavendum
929 2592 992 2632 est
1022 2593 1176 2643 tamen,
1206 2605 1259 2632 ne
1289 2591 1332 2631 in
1361 2589 1526 2631 defectu
1555 2605 1653 2644 pec-

95 2664 249 2714 cantes,
290 2676 339 2703 ea
367 2664 414 2703 ut
443 2661 623 2713 inutilia,
654 2664 727 2703 aut
755 2676 906 2715 parum
935 2662 987 2704 ad
1015 2677 1104 2704 rem
1133 2661 1334 2704 facientia
1360 2662 1650 2715 negligamus3

40 2730 44 2733 ’
92 2732 252 2786 ingrati
279 2733 323 2774 in
353 2748 459 2785 eum,
491 2733 563 2786 qui
593 2733 628 2774 si
655 2732 897 2786 incorporei
924 2732 1160 2785 fuissemus,
1188 2733 1300 2774 nuda
1331 2735 1372 2774 et
1400 2733 1653 2787 incorporea

95 2803 319 2846 obtulisset
346 2804 469 2846 nobis
499 2805 628 2847 dona:
659 2805 729 2847 sed
758 2806 960 2858 quoniam
989 2805 1129 2846 anima
1159 2805 1327 2858 corpori
1356 2807 1549 2847 conserta
1575 2809 1650 2858 est,

94 2873 138 2915 in
167 2874 434 2917 sensibilibus
462 2875 752 2930 intelligibilia
780 2875 904 2918 nobis
933 2875 1140 2929 praebuit.
1172 2875 1387 2929 Chrysost.
1413 2876 1559 2920 11011111.
1586 2878 1648 2920 60.

95 2945 148 2986 ad
175 2960 276 2999 pop.
303 2944 503 2988 Antioch.
