1931 3224
225 184 275 224 62
811 172 1047 214 D1spnm10
1077 166 1169 209 VH.

224 304 322 345 bulo
351 303 574 356 propterea
602 298 665 339 uti
693 296 940 344 maluerunt,
972 292 1084 345 quod
1113 286 1356 342 hypostasis
1385 284 1558 338 proprie
1583 284 1765 336 sumpta,

225 373 448 427 aequivoce
486 369 744 412 substantiae
781 367 937 421 primae
976 367 1016 405 et
1055 360 1270 408 secundae,
1299 356 1495 399 rationali
1527 358 1568 397 et
1596 352 1766 396 irratio-

224 445 321 493 nali,
372 457 548 498 persona
598 454 709 490 vero,
760 434 1017 479 substantiae
1068 435 1232 475 tantum
1275 429 1438 483 primae
1481 442 1529 470 ac
1570 424 1768 469 rationali

225 514 399 556 attribui
428 513 572 566 possit.

279 584 388 626 VIII.
434 584 616 625 Persona
655 581 698 621 in
736 592 887 632 genere
925 575 1133 625 definitur,
1174 572 1287 626 quod
1324 570 1378 612 sit
1415 568 1663 618 substantia,
1702 566 1768 608 vel

223 659 373 698 natura
410 653 635 702 individua,
673 649 923 702 intelligens,
962 662 1037 700 per
1077 660 1118 687 se
1157 643 1399 693 subsistens,
1429 655 1475 682 ac
1504 639 1767 694 proprietate

224 743 297 768 sua
325 722 719 772 incommunicabili,
751 721 802 761 ab
831 719 923 760 aliis
950 733 1048 759 vere
1078 731 1125 758 ac
1154 715 1326 757 realiter
1355 713 1564 755 distincta.

274 797 346 839 IX.
383 795 498 837 Haec
532 792 717 835 definitio
747 791 798 832 ad
830 789 1063 843 quamlibet
1092 787 1392 830 Sacrosanctae
1421 782 1643 825 Trinitatis
1671 796 1768 836 per-

223 882 367 909 sonam
416 866 625 919 adaptata,
676 863 735 904 sic
774 860 1057 914 restringitur,
1102 858 1215 911 quod
1256 857 1310 898 sit
1351 854 1588 897 substantia
1628 853 1769 895 divina

222 937 472 990 intelligens,
502 950 576 989 per
606 950 647 976 se
676 933 917 983 subsistens,
956 930 1219 984 proprietate
1258 942 1332 969 sua
1370 924 1768 976 incommunicabili,

223 1025 247 1051 a
275 1008 435 1059 ceteriS,
464 1007 516 1048 ad
553 1021 655 1059 quas
687 1004 878 1055 refertur,
909 1002 1079 1044 realiter
1108 999 1318 1051 distincta,
1350 997 1526 1040 eandem
1555 1011 1602 1039 ac
1632 997 1769 1038 totam

224 1079 446 1122 essentiam
473 1077 655 1119 divinam
683 1077 726 1117 in
755 1090 796 1117 se
824 1075 983 1116 habens
1011 1073 1063 1114 ab
1094 1074 1278 1114 aeterno.
1786 1074 1788 1077 '

274 1150 324 1191 X.
367 1149 415 1190 In
459 1164 541 1202 qua
587 1147 828 1189 definitione
881 1145 1066 1198 quinque
1117 1142 1389 1198 ponderanda
1432 1143 1540 1182 sunt.
1579 1139 1769 1190 Quorum

223 1221 405 1275 primum
443 1222 515 1271 est,
555 1219 667 1272 quod
703 1218 757 1259 sit
794 1216 1041 1267 substantia,
1071 1214 1276 1268 peculiari
1303 1212 1489 1266 quodam
1516 1210 1771 1253 subsistendi

223 1294 360 1344 modo,
400 1279 534 1345 quem*
563 1290 711 1333 Graeci
752 1289 888 1342 τρόπον
928 1286 1128 1340 ὑπάρξεως
1166 1288 1330 1338 vocant,
1371 1283 1579 1340 insignita
1615 1297 1663 1324 ac
1690 1282 1769 1324 cir—

225 1363 486 1417 cumscripta.
1437 1413 1439 1415 ι

275 1435 346 1477 XI.
376 1434 529 1476 Differt
557 1448 657 1487 ergo
686 1447 865 1487 persona
894 1446 966 1473 seu
995 1430 1267 1473 subsistentia
1297 1427 1450 1479 divina,
1477 1442 1500 1469 a
1525 1426 1606 1468 Dei
1632 1440 1770 1468 essen-

223 1507 283 1548 tia
323 1509 540 1559 tamquam
580 1505 800 1558 angustius
841 1506 882 1545 et
925 1502 1261 1553 determinatum,
1304 1500 1357 1542 ab
1401 1515 1449 1542 eo
1494 1498 1607 1552 quod
1643 1497 1771 1540 latius

222 1580 339 1631 patet
369 1580 495 1630 atque
523 1575 892 1618 indeterminatum
920 1576 993 1616 est.

273 1647 367 1690 XII.
406 1647 687 1701 Nequaquam
715 1649 857 1688 tamen
887 1645 1153 1696 arbitramur,
1184 1657 1409 1697 personam
1438 1657 1511 1684 seu
1539 1641 1771 1684 subsisten-

223 1718 326 1760 tiam
361 1719 405 1760 in
436 1719 517 1760 hoc
544 1718 745 1772 mysterio
775 1733 861 1760 esse
888 1717 1021 1759 instar
1051 1716 1311 1758 substantiae
1340 1715 1514 1769 primae,
1544 1713 1770 1756 essentiam

225 1790 357 1831 instar
385 1790 643 1831 substantiae
668 1790 884 1831 secundae.
907 1788 1006 1842 Ipsa
1030 1788 1185 1830 etenim
1209 1786 1290 1829 Dei
1315 1786 1496 1828 essentia
1512 1788 1574 1828 est
1588 1785 1770 1827 maxime

225 1861 358 1911 unica,
394 1861 607 1902 individua
643 1876 690 1902 ac
726 1860 962 1914 singularis,
990 1860 1170 1912 ideoque
1198 1859 1248 1900 de
1276 1858 1414 1900 tribus
1442 1857 1634 1911 personis
1661 1859 1770 1898 tam-

227 1946 351 1984 quam
381 1931 538 1984 species
567 1932 616 1973 de
643 1931 869 1974 individuis
896 1932 1011 1973 nullo
1041 1932 1167 1974 modo
1197 1930 1279 1972 dici
1307 1932 1461 1983 potest.

277 2001 390 2043 XIII.
428 2001 578 2054 Neque
614 2003 881 2044 asserendum
908 2005 1118 2056 putamus,
1149 2001 1372 2044 essentiam
1400 2000 1483 2043 Dei
1509 2000 1646 2041 tribus
1674 2013 1769 2052 per-

225 2072 337 2113 sonis
374 2072 535 2124 divinis,
570 2075 786 2125 tamquam
812 2076 951 2115 totum
980 2074 1202 2126 quoddam,
1233 2071 1545 2123 communicari,
1574 2073 1647 2112 aut
1674 2084 1770 2123 per-

226 2156 348 2183 sonas
363 2140 414 2182 ¹in
440 2157 499 2193 ea,
525 2145 740 2196 tamquam
764 2147 903 2198 partes
927 2144 970 2186 in
985 2147 1077 2186 toto
1095 2144 1174 2186 sibi
1191 2143 1514 2194 communicatO,
1531 2141 1770 2184 subsistere.

225 2211 337 2254 Nam
371 2227 464 2254 cum
494 2214 671 2255 essentia
699 2213 779 2256 Dei
807 2215 860 2256 sit
888 2215 1066 2268 infinita,
1096 2231 1143 2258 ac
1171 2230 1344 2270 prorsus
1371 2213 1656 2269 impartibilis,
1684 2227 1771 2255 non

226 2286 367 2336 potest
394 2283 464 2325 illa
492 2284 541 2325 de
571 2285 760 2337 personis
789 2285 949 2339 divinis,
978 2290 1026 2328 ut
1052 2289 1190 2329 totum
1222 2287 1272 2329 de
1300 2286 1386 2328 suis
1413 2285 1620 2340 partibus,
1648 2298 1770 2338 prae-

225 2354 364 2396 dicari.

277 2425 390 2467 XIV.
429 2425 580 2467 Modus
619 2440 718 2479 ergo
756 2426 881 2479 hujus
920 2428 1122 2481 mysterii,
1152 2431 1199 2470 ut
1228 2428 1384 2470 rationi
1413 2428 1624 2470 humanae
1652 2427 1770 2469 inex-

225 2496 443 2549 plicabilis,
482 2496 632 2537 humili
669 2497 811 2549 potius
840 2497 920 2539 fide
950 2499 1197 2552 adorandus,
1228 2515 1355 2553 quam
1382 2499 1628 2554 periculosis
1655 2498 1770 2540 locu-

225 2567 410 2608 tionibus
439 2567 695 2608 definiendus
724 2570 797 2609 est.

277 2637 368 2679 XV.
397 2637 530 2679 Porro
560 2638 886 2690 subsistentiam,
914 2642 1002 2681 tam
1030 2639 1137 2681 Filio
1167 2643 1207 2682 et
1245 2641 1424 2695 Spiritui
1448 2641 1617 2692 Sancto,
1644 2654 1771 2693 quam

227 2707 344 2749 Patri
382 2724 467 2750 esse
505 2709 806 2761 ascribendam,
846 2725 895 2751 ex
933 2725 980 2752 eo
1019 2711 1162 2765 colligi
1189 2715 1342 2766 potest,
1375 2713 1487 2766 quod
1516 2715 1557 2754 et
1584 2710 1768 2763 nomina,

228 2781 270 2819 et
299 2779 492 2831 actiones,
524 2795 628 2833 quae
656 2783 753 2822 sunt
781 2781 1108 2834 suppositorum,
1137 2782 1221 2824 illis
1250 2783 1550 2825 attribuantur.

280 2848 393 2891 XVI.
422 2848 533 2891 Nam
561 2850 774 2893 Domini
800 2852 1003 2905 epitheto,
1034 2853 1145 2906 quod
1175 2857 1237 2895 est
1261 2869 1466 2908 personae
1490 2853 1769 2905 subsistentis,

228 2933 312 2960 non
347 2921 511 2962 tantum
541 2921 666 2963 Pater
696 2925 736 2964 et
765 2922 908 2975 Filius,
939 2923 1009 2965 sed
1039 2926 1079 2965 et
1108 2924 1291 2978 Spiritus
1321 2926 1362 2967 S.
1386 2926 1430 2967 in
1454 2925 1592 2968 Sacris
1619 2924 1771 2967 Bibliis

228 2989 466 3044 insignitur,
509 2994 556 3032 ut
597 2995 715 3044 patet
756 3009 806 3035 ex
848 2994 999 3037 horum
1037 2995 1215 3038 duorum
1250 2997 1441 3039 locorum
1470 2997 1771 3050 paralellorum
