1931 3224
238 135 317 177 430
788 135 1034 179 DISPUTATIO
1063 136 1259 178 XXXIX.

244 259 613 313 Evangelicae
660 260 722 300 ad
770 275 966 314 corpus
1008 261 1295 304 Ecclesiae
1337 261 1646 316 perveniat,
1689 261 1806 302 dum

246 345 305 371 ex
345 331 533 371 auditu
561 330 716 372 illius
746 331 915 373 fidem
945 332 1153 386 singuli
1184 332 1565 385 concipientes
1590 331 1805 384 justifi-

245 404 447 442 cantur.
486 400 586 442 Non
625 416 727 455 ergo
761 405 808 443 ut
837 403 935 445 inde
963 403 1198 446 satisfactio
1228 403 1383 456 aliqua,
1413 418 1490 457 per
1518 403 1804 456 indulgentias

244 472 508 524 conferenda,
540 473 714 516 oriatur.

296 542 363 584 LI.
403 542 507 585 Cum
543 559 629 586 non
668 546 775 587 entis
813 546 954 588 nullae
995 547 1080 589 sint
1119 547 1374 600 affectiones,
1405 547 1664 600 superfluum
1697 548 1806 588 esset

244 614 436 667 pluribus
478 630 616 669 agere,
661 617 720 658 de
759 620 1045 670 potestate
1084 619 1373 660 Ecclesiae
1410 619 1454 660 in
1496 618 1805 660 collatione

242 685 393 726 talium
415 686 800 740 indulgentiarum3
825 705 927 731 num
951 689 1153 732 Pontifici
1176 692 1345 732 tantum
1369 692 1411 732 et
1435 690 1662 743 Episcopis
1684 691 1700 742 j
1713 704 1805 731 ure

245 755 450 809 divino,
482 758 574 799 aliis
603 762 744 801 autem
775 775 833 802 ex
864 762 1250 804 commissione
1279 762 1416 804 solum
1444 764 1679 815 competat3
1704 777 1806 803 num

243 842 319 879 per
347 828 659 872 absolutionem
688 846 843 883 veram,
873 835 946 874 aut
974 848 1050 886 per
1075 833 1264 874 thesauri
1290 833 1649 886 dispensationem
1673 833 1806 875 solam

244 899 532 952 applicentur,
571 917 674 943 num
708 903 855 945 eodem
890 905 1017 946 modo
1047 904 1154 946 vivis
1185 906 1226 946 et
1254 905 1454 955 mortuis3
1485 905 1551 946 vel
1578 904 1684 946 vivis
1713 919 1807 958 per

244 971 453 1012 modum
491 972 893 1027 absolutionis,
934 975 1141 1018 defunctis
1171 991 1266 1029 per
1295 976 1508 1018 modum
1535 975 1807 1029 suffragii

242 1043 431 1091 tantum3
476 1057 578 1084 num
618 1044 671 1086 iis
712 1047 881 1087 tantum
924 1046 995 1099 qui
1039 1049 1164 1088 sunt
1205 1047 1258 1088 in
1302 1048 1499 1101 gratia.
1542 1046 1665 1099 Item,
1705 1047 1807 1100 quid

243 1112 495 1165 plenaria
534 1115 589 1156 sit
617 1116 898 1170 indulgentia,
930 1119 1031 1171 quid
1060 1118 1286 1171 Carena,
1318 1119 1418 1171 quid
1447 1121 1805 1171 quarentena,

245 1199 298 1225 an
326 1199 403 1237 pro
436 1186 578 1228 causis*
602 1189 756 1242 parviS,
786 1205 967 1244 magnae
996 1205 1219 1233 concessae
1247 1192 1388 1233 nullae
1417 1192 1502 1233 sint
1529 1205 1715 1246 prorsus,
1740 1189 1807 1231 vel

243 1270 297 1296 an
327 1255 411 1297 sint
441 1257 618 1311 alicujus
647 1260 819 1314 valoris,
854 1265 1061 1314 quantum
1084 1263 1184 1304 talis
1210 1278 1335 1305 causa
1361 1263 1505 1316 exigit,
1534 1265 1575 1304 et
1599 1277 1807 1315 quaenam

244 1326 300 1367 sit
329 1341 376 1368 ea
406 1329 662 1371 concedendi
691 1346 815 1373 causa
840 1334 967 1386 justa,
999 1335 1048 1376 de
1080 1334 1233 1387 quibus
1261 1335 1373 1376 inter
1405 1349 1448 1376 se
1472 1334 1644 1387 litigant
1667 1333 1806 1375 indul-

244 1399 486 1451 gentiarum
523 1403 706 1454 patroni.
744 1402 896 1456 Neque
936 1405 1046 1446 enini
1083 1406 1195 1447 inter
1234 1420 1304 1447 eos
1334 1406 1384 1447 de
1412 1405 1557 1447 valore
1582 1405 1807 1458 indulgen-

242 1468 412 1521 tiarum,
443 1471 493 1512 de
520 1471 736 1525 thesauro,
767 1475 816 1515 de
846 1490 995 1517 causae
1025 1476 1291 1528 sufficientia,
1321 1477 1370 1518 de
1394 1476 1677 1529 dispositione
1700 1476 1806 1518 reci-

242 1540 411 1593 pientis,
447 1544 524 1584 etc.
556 1545 764 1586 convenit.
794 1544 886 1587 Nec
915 1546 1151 1588 diffitentur
1180 1546 1379 1600 Magistri
1407 1546 1510 1588 Soto
1542 1549 1583 1588 et
1611 1545 1804 1588 Victoria

245 1612 549 1664 diplomata
593 1615 790 1667 quibus
834 1631 928 1670 pro
971 1618 1192 1660 minima
1236 1619 1584 1672 eleemosyna
1622 1631 1805 1658 conce-

245 1684 444 1725 duntur
509 1686 885 1739 amplissimae
941 1689 1328 1742 indulgentiae
1383 1688 1806 1730 intolerabilem

244 1770 483 1798 errorem
521 1758 825 1812 continere,
864 1759 1072 1803 referente
1106 1760 1297 1814 Josepho
1332 1761 1494 1814 Angles
1533 1760 1577 1801 in
1612 1760 1650 1802 4.
1689 1759 1804 1803 Sent.

244 1827 330 1869 diff.
355 1828 392 1869 3.
422 1831 500 1870 art.
529 1830 565 1871 2.

297 1898 385 1940 LII.
413 1898 515 1942 Non
546 1903 610 1943 est
638 1904 781 1944 autem
810 1903 923 1955 quod
953 1904 1047 1956 quis
1070 1905 1279 1956 turbetur,
1305 1905 1340 1945 si
1364 1904 1592 1957 aliquando
1619 1904 1663 1945 in
1687 1918 1804 1945 men-

242 1970 404 2012 tionem
440 1972 830 2027 indulgentiae
869 1975 912 2016 in
948 1978 1140 2017 veterum
1177 1976 1462 2018 monumentis
1500 1975 1679 2026 incidat3
1714 1976 1804 2028 jam

244 2042 355 2083 enim
378 2042 461 2084 hoc
483 2043 663 2097 largitus
688 2048 752 2087 est
776 2044 928 2087 Petrus
954 2046 1071 2098 Soto,
1097 2061 1183 2088 non
1205 2047 1362 2089 habere
1385 2046 1633 2088 Pontificios
1648 2046 1804 2088 veteris

242 2112 456 2155 Ecclesiae
494 2118 608 2157 certa
644 2117 903 2159 testimonia.
942 2117 1026 2159 Res
1064 2119 1199 2172 igitur
1235 2118 1296 2159 ita
1333 2133 1377 2160 se
1406 2117 1547 2159 habet.
1576 2117 1709 2159 Prisci
1740 2117 1804 2159 illi

241 2184 404 2237 Patres,
441 2188 693 2239 praesertim
730 2189 774 2230 in
813 2190 1014 2242 gravibus
1053 2192 1093 2231 et
1130 2190 1313 2243 publicis
1352 2190 1529 2242 delictis,
1567 2203 1654 2231 non
1685 2189 1803 2242 prius

243 2256 521 2299 absolvebant
556 2262 598 2300 et
630 2261 965 2302 reconciliabant
993 2264 1272 2315 peccatorem,
1303 2277 1430 2315 quam
1459 2262 1612 2315 longis,
1642 2261 1803 2315 asperis

243 2330 284 2369 et
312 2329 556 2371 difficilibus
585 2331 808 2384 exercitiis,
836 2332 1051 2375 Ecclesiae
1082 2348 1200 2375 suam
1229 2333 1539 2387 poenitentiam
1566 2334 1801 2387 probasset.

244 2398 327 2442 Sed
363 2401 588 2454 ingruente
625 2403 932 2456 persecutione,
970 2406 1018 2445 ut
1054 2405 1321 2458 poenitentes
1355 2405 1407 2447 ad
1435 2405 1689 2458 martyrium
1717 2404 1802 2446 ala-

244 2471 399 2514 criores
442 2476 594 2525 essent,
638 2476 735 2515 ante
775 2477 943 2528 tempus
986 2475 1214 2529 aliquando
1250 2476 1648 2519 reconciliabantur.
1685 2475 1802 2518 Idem

243 2542 372 2584 fiebat
400 2544 435 2585 si
465 2545 559 2597 quis
586 2545 630 2586 in
659 2546 924 2598 poenitentia
954 2548 1224 2601 constitutus,
1253 2548 1298 2589 in
1320 2548 1472 2591 mortis
1496 2548 1684 2601 periculo
1708 2562 1802 2590 ver-

244 2617 428 2666 saretur3
461 2616 528 2658 vel
557 2616 592 2658 si
620 2616 762 2658 fervor
791 2617 1062 2660 contritionis
1090 2619 1135 2660 in
1164 2621 1386 2673 peccatore
1414 2619 1512 2661 talis
1540 2618 1802 2660 animadver-

242 2687 417 2739 teretur,
446 2689 494 2728 ut
523 2688 708 2742 longiori
736 2689 990 2742 probatione
1019 2704 1105 2731 non
1130 2692 1239 2732 esset
1264 2705 1390 2744 opus3
1417 2693 1490 2732 aut
1514 2690 1549 2732 si
1573 2689 1802 2732 indiscreta

243 2757 432 2811 injuncta
465 2759 614 2802 fuisset
646 2760 931 2813 poenitentia:
960 2760 1117 2803 talibus
1146 2776 1222 2814 per
1250 2761 1558 2815 indulgentiam
1586 2761 1800 2804 Ecclesiae

245 2830 579 2883 succurrebatur,
608 2833 657 2872 ut
684 2831 847 2884 aliquid
876 2831 925 2873 de
955 2846 1118 2873 summo
1143 2832 1218 2874 illo
1242 2832 1384 2885 rigore
1407 2833 1690 2883 relaxaretur3
1716 2847 1800 2886 quo

246 2915 368 2942 sensu
400 2916 485 2943 non
516 2902 652 2944 solum
682 2903 926 2956 accipienda
956 2905 1054 2944 sunt
1082 2902 1259 2946 Patrum
1287 2904 1410 2956 dicta,
1441 2904 1513 2946 sed
1542 2904 1670 2946 etiam
1697 2903 1800 2946 illud

247 2970 380 3024 Pauli,
421 2987 504 3024 quo
541 2972 866 3027 Indulgentiarii
907 2974 1151 3028 abutuntur,
1188 2977 1225 3017 2.
1265 2974 1357 3017 Cor.
1397 2977 1432 3017 2.
1467 2975 1528 3017 10.
1559 2975 1654 3017 Oui
1682 2990 1800 3018 con-
