1931 3224
449 153 513 194 DE
542 151 642 193 Fun:
671 166 718 194 ΕΤ
748 151 1072 194 PERsEvERANTm
1100 150 1349 193 SANOTORUM.
1599 150 1677 191 313

173 276 349 319 XXVII.
387 276 546 319 Errant
585 289 686 330 ergo
726 275 799 329 qui
828 275 1129 317 Caritatem
1157 273 1338 315 formam
1368 288 1457 316 esse
1485 273 1584 315 fidei
1612 286 1678 314 as-

121 351 277 400 serunt,
315 362 402 390 non
441 347 622 400 quidem,
660 349 708 388 ut
745 346 829 400 ipsi
867 345 1068 397 fatentur,
1098 345 1383 396 intrinsecam,
1415 344 1487 386 sed
1518 344 1676 386 extrin-

119 433 278 469 secam3
319 418 478 472 quippe
516 432 623 470 quae
661 417 731 459 det
766 416 833 458 illi
869 431 955 459 non
993 419 1040 458 ut
1070 416 1136 468 sit,
1167 415 1259 457 sed
1288 418 1344 456 ut
1372 417 1677 467 moveatur,

120 489 448 541 quomodoa
485 488 703 542 Spiritu
741 491 988 531 movetur
1027 490 1078 530 et
1106 488 1291 540 agitur
1321 500 1529 540 corpus.
1561 486 1677 536 Quae

118 558 365 601 Bellarmini
402 561 542 613 verba,
581 561 616 602 si
655 561 704 602 de
743 560 897 614 spiritu
933 559 1119 601 hominis
1149 558 1422 612 accipiantur,
1455 559 1677 600 continent

118 631 499 673 contradictionem
523 631 568 672 in
597 631 775 684 adjecto,
807 631 906 683 quia
934 631 1110 684 spiritus
1141 632 1204 672 est
1232 629 1461 671 intrinseca
1485 630 1676 683 corporis

115 701 265 743 forma.
304 700 350 744 81
386 717 485 744 vero
525 703 574 744 de
609 702 887 756 respiratione
917 701 1227 754 intelligantur,
1258 703 1350 742 tum
1381 701 1537 742 caritas
1565 703 1675 744 esset

118 771 289 814 effectus
329 771 428 813 fidei
469 772 582 825 quod
624 786 701 813 nos
740 772 944 813 volumus.
984 771 1147 813 Deinde
1184 771 1228 812 in
1267 786 1315 813 eo
1354 771 1561 813 absurdus
1599 775 1675 824 est,

117 843 231 897 quod
273 858 368 885 011111
410 846 615 897 agnoscat
655 843 781 885 fidem
822 843 979 884 habere
1021 857 1141 884 suam
1183 843 1457 884 intrinsecam
1494 842 1675 884 formam

117 930 224 968 quae
260 930 347 957 non
385 915 441 956 sit
479 914 645 965 caritas,
684 913 860 955 eandem
889 912 1115 955 informem
1146 928 1235 955 esse
1265 913 1367 955 velit
1397 913 1573 956 caritate
1605 914 1675 956 de-

115 986 322 1034 stitutam,
353 1000 448 1028 cum
477 1000 501 1026 a
528 984 666 1026 forma
694 983 936 1035 intrinseca,
966 998 1049 1025 non
1081 984 1133 1025 ab
1164 983 1412 1036 extrinseca,
1445 984 1674 1026 secundum

113 1056 249 1109 illum,
289 1055 576 1098 denominatio
592 1055 653 1097 rei
692 1055 801 1097 sumi
840 1055 1003 1096 debeat.
1042 1054 1089 1096 81
1117 1069 1217 1096 vero
1250 1055 1439 1097 omnium
1465 1056 1674 1098 virtutum

114 1131 163 1170 ut
198 1128 362 1180 volunt,
401 1127 555 1169 caritas
596 1127 651 1168 sit
687 1125 825 1167 forma
865 1125 1067 1178 effective,
1110 1127 1318 1178 quatenus
1350 1140 1419 1168 eas
1450 1130 1594 1169 movet
1622 1127 1675 1168 ad

114 1199 303 1241 actiones
341 1213 459 1250 suas3
499 1199 611 1240 certe
640 1196 743 1239 fides
774 1197 854 1239 erit
883 1197 1027 1250 potius
1057 1197 1249 1238 caritatis
1278 1199 1319 1239 et
1350 1198 1541 1240 omnium
1569 1199 1674 1241 alia-

114 1284 208 1311 rum
243 1270 451 1311 virtutum
478 1268 627 1321 forma,
659 1268 758 1321 quia
787 1267 1056 1320 quidquid
1083 1283 1187 1310 non
1214 1268 1283 1310 fit
1314 1283 1373 1310 ex
1400 1269 1530 1322 fide,
1560 1286 1674 1324 pec-

115 1343 290 1383 catum
330 1343 430 1393 est,
469 1339 591 1382 Rom.
631 1340 692 1392 14,
731 1341 794 1382 23.
832 1339 1028 1393 Denique
1064 1341 1169 1383 fides
1209 1341 1431 1383 caritatem
1458 1342 1674 1395 praecedit

111 1412 277 1463 natura,
317 1413 359 1452 et
397 1426 448 1453 ex
477 1426 526 1453 ea
557 1411 710 1453 caritas
738 1411 943 1465 procedit.
974 1410 1127 1453 Finis
1155 1412 1400 1454 mandati
1431 1415 1511 1455 est
1540 1415 1673 1456 cari-

112 1484 217 1535 tas,
258 1497 318 1524 ex
354 1482 547 1525 mundo
587 1483 771 1535 corde,
811 1483 1155 1525 conscientia
1184 1483 1324 1525 bona
1353 1486 1403 1526 et
1430 1483 1541 1526 fide
1569 1499 1673 1527 non

111 1552 270 1606 ficta,
299 1554 321 1596 1
353 1554 460 1597 Tim.
486 1556 523 1607 1,
550 1554 586 1597 5.
612 1554 780 1598 Sufficit
802 1555 937 1608 igitur
960 1557 1008 1596 ut
1033 1555 1255 1597 caritatem
1279 1556 1378 1597 fidei
1398 1557 1673 1609 justificantis

111 1624 308 1678 ἐνέργειόιν
343 1627 471 1679 atque
510 1626 707 1668 effectum
740 1640 829 1668 esse
858 1626 1058 1678 dicamus,
1087 1628 1297 1679 perpetuo
1323 1629 1364 1669 et
1387 1627 1673 1670 indissolubili

109 1697 278 1740 foedere
317 1712 410 1739 cum
450 1712 499 1739 ea
539 1698 822 1750 conjunctum,
861 1712 948 1739 non
987 1700 1129 1740 autem
1159 1697 1345 1750 ejusdem
1374 1697 1558 1740 formam
1585 1698 1672 1741 sive

110 1768 384 1810 intrinsecam
413 1768 500 1810 sive
531 1767 823 1810 extrinsecam.

162 1838 362 1881 XXVIII.
392 1838 510 1881 Finis
540 1839 640 1881 fidei
663 1839 874 1881 salvificae
899 1839 1055 1893 duplex
1082 1842 1157 1882 est.
1187 1840 1220 1882 1.
1248 1843 1313 1882 est
1338 1840 1670 1894 ἀρχιτεκτονικός,

110 1911 248 1966 gloria
279 1911 442 1965 gratiae
470 1910 551 1952 Dei
576 1910 813 1953 Servatoris
837 1912 975 1954 nostri
998 1913 1043 1953 in
1065 1911 1175 1954 Filio
1203 1912 1369 1964 dilecto,
1394 1911 1517 1955 Rom.
1543 1913 1582 1964 4,
1607 1914 1670 1955 20.

109 1982 232 2025 Rom.
271 1982 334 2034 11,
364 1982 427 2024 35.
460 1983 480 2024 1
513 1982 659 2024 Thess.
692 1984 728 2035 1,
760 1983 823 2025 10.
854 1985 895 2025 et
926 1984 988 2025 12.
1019 1983 1247 2026 Proximus
1277 1999 1377 2026 vero
1409 1987 1450 2027 et
1478 1985 1672 2027 subordi-

107 2056 244 2106 natus,
283 2054 397 2096 salus
436 2054 674 2095 animarum
712 2057 967 2107 nostrarum,
1012 2069 1140 2108 quam
1180 2055 1333 2098 Petrus
1372 2056 1669 2099 mercedem

109 2124 245 2167 fidei
285 2125 488 2178 appellat,
528 2126 549 2167 1
590 2125 680 2168 Pet.
724 2127 759 2178 1,
797 2127 833 2168 9.
872 2126 952 2168 Est
982 2129 1123 2169 autem
1152 2127 1259 2170 haec
1287 2128 1391 2170 fides
1420 2143 1504 2169 una
1533 2128 1672 2183 specie

111 2198 153 2237 et
190 2196 355 2248 objecto
396 2196 441 2237 in
481 2196 689 2249 omnibus,
728 2197 807 2239 etsi
840 2212 1016 2240 numero
1049 2200 1091 2240 et
1120 2198 1255 2252 gradu
1283 2199 1328 2241 in
1357 2199 1442 2242 suis
1470 2199 1671 2253 subJectis

109 2267 308 2308 varietur.
546 2265 550 2268 ’

163 2337 318 2380 ΧΧΙΧ.
371 2337 536 2380 Effecta
577 2339 677 2381 fidei
718 2354 826 2393 pene
868 2343 967 2382 sunt
1010 2341 1244 2395 innumera,
1288 2342 1375 2384 sive
1416 2342 1586 2384 interna
1626 2342 1671 2385 in

109 2408 246 2461 nobis,
289 2408 375 2451 sive
418 2411 539 2451 extra
579 2424 669 2452 nos.
713 2410 949 2464 Praecipua
992 2414 1102 2464 sunt,
1142 2411 1170 2454 J
1181 2413 1525 2465 ustificatio,
1564 2428 1672 2467 quae

110 2479 281 2532 quidem
308 2479 406 2521 fidei
436 2480 631 2522 effectum
661 2483 736 2534 est,
766 2497 852 2524 non
880 2485 928 2524 ut
957 2483 1031 2525 illa
1061 2485 1124 2525 est
1152 2483 1325 2526 habitus
1353 2484 1419 2526 vel
1449 2487 1568 2527 actus
1598 2487 1673 2527 aut

110 2565 217 2603 opus
255 2550 442 2604 aliquod,
482 2552 555 2593 sed
593 2552 758 2594 ratione
799 2553 967 2606 objecti,
996 2554 1040 2596 id
1070 2557 1146 2607 est,
1177 2554 1337 2597 Christi
1365 2570 1442 2610 per
1472 2571 1566 2598 eam
1595 2571 1672 2609 ap·-

108 2621 321 2675 prehensi,
351 2637 434 2676 qua
462 2623 628 2665 ratione
657 2638 807 2667 causae
828 2624 1146 2668 instrumentali
1169 2627 1453 2680 metonymice
1475 2626 1671 2670 tribuun-

108 2694 190 2745 tur,
233 2708 340 2747 quae
383 2709 461 2747 per
501 2693 621 2736 illam
661 2695 859 2750 princeps
903 2711 1028 2739 causa
1070 2697 1219 2748 efficit;
1258 2713 1342 2751 quo
1381 2713 1505 2740 sensu
1542 2698 1671 2741 etiam

107 2764 208 2806 fidei
248 2764 465 2806 tribuitur.
508 2765 545 2806 2.
584 2764 1005 2820 Sanctificatio,
1044 2770 1086 2810 et
1123 2768 1314 2811 cordium
1341 2770 1597 2824 purificatio,
1629 2773 1670 2813 et

106 2834 152 2875 in
189 2848 354 2876 summa
392 2835 534 2877 omnia
569 2835 682 2878 bona
720 2837 872 2890 quibus
901 2852 925 2879 a
952 2837 1043 2880 Deo
1074 2839 1293 2882 afficimur.
1324 2839 1448 2890 Quod
1474 2841 1520 2883 in
1542 2842 1670 2895 justi-

107 2904 319 2947 ficationis
356 2906 532 2959 negotio
563 2906 789 2961 diligenter
817 2908 1236 2952 animadvertendum
1265 2913 1327 2953 est
1355 2912 1554 2955 adversus
1584 2928 1668 2966 eos,

108 2975 181 3027 qui
223 2975 426 3019 Socinum
467 2978 613 3030 secuti,
656 2978 807 3021 volunt
843 2980 971 3022 fidem
1008 2995 1098 3023 esse
1135 2981 1317 3024 formam
1350 2983 1673 3036 justificationis
