1931 3224
260 129 342 170 596
833 126 1075 168 DISPUTArm
1102 124 1252 168 XLIX.

259 254 338 295 etc.
367 251 523 304 Josiae,
552 251 577 291 2
607 249 760 292 Ohron.
790 250 854 303 34,
883 250 946 292 29.
976 250 1080 292 item
1109 249 1260 292 Achab
1289 252 1331 291 et
1359 248 1600 303 Josaphati,
1625 250 1697 303 qui
1721 264 1821 293 con·
1898 283 1904 285 -

260 323 470 365 vocabant
513 321 678 364 circiter
720 322 1055 376 quadringentos
1095 321 1350 376 Prophetas,
1396 321 1418 363 1
1458 321 1565 375 Reg.
1603 322 1667 375 22,
1707 322 1743 363 6.
1783 322 1820 364 8.

260 394 453 445 Herodis,
494 393 617 434 Matt.
656 393 693 445 2,
734 393 770 434 5.
800 393 989 443 edocent,
1021 395 1097 435 etc.
1130 393 1245 442 Quos
1275 392 1477 435 aemulati
1505 395 1605 434 sunt
1631 391 1822 446 Impera-

259 469 373 507 tores
404 467 445 506 et
473 464 613 518 Reges
645 464 890 517 Christiani,
922 465 995 518 qui
1022 479 1109 507 non
1137 465 1265 507 modo
1298 465 1576 517 οἶκουμενικοὶς,
1609 463 1822 507 univer-

259 537 402 578 sales
433 535 632 589 (quarum
661 537 889 591 singularis
919 539 982 578 est
1010 537 1139 590 ratio)
1168 552 1315 579 verum
1344 537 1473 579 etiam
1501 536 1681 589 μερικόις,
1706 551 1822 590 par-

257 607 549 659 ticulares,
590 607 763 661 publica
790 609 1044 650 necessitate
1072 609 1134 649 ita
1163 609 1372 662 exigente,
1401 609 1654 662 praesertim
1683 611 1823 651 extra-

259 678 506 731 ordinarias,
523 694 728 733 persaepe
744 694 821 733 per
837 694 880 722 se
897 682 1128 733 coegerunt
1143 682 1186 721 et
1201 682 1497 734 procurarunt.
1513 679 1581 723 Ita
1596 681 1824 723 concilium
1892 729 1900 733 ,

257 750 492 792 universale
521 750 821 793 Nicaenum
846 767 870 793 a
896 751 1176 794 Constantino
1203 751 1376 806 Magno,
1401 753 1611 795 referente
1635 752 1822 794 Eusebio

256 821 328 863 lib.
380 822 417 863 3.
470 822 520 864 de
571 823 659 864 vita
712 822 998 876 Constantini,
1054 822 1750 877 Constantinopolitanum
1799 838 1824 864 a

258 892 500 935 Theodosio
539 895 713 947 majore,
753 894 912 936 Theod.
952 894 1042 936 Lib.
1085 896 1121 936 2.
1152 910 1241 949 cap.
1273 895 1307 944 1,
1340 895 1403 937 16.
1433 894 1771 949 Ephesinum
1799 909 1824 936 a

257 964 498 1007 Theodosio
524 965 688 1007 minore
718 968 759 1008 et
787 965 1103 1019 Valentiniano,
1134 965 1320 1020 Oyrill.
1351 965 1487 1021 Epist.
1516 966 1580 1007 17.
1610 964 1823 1007 Chalce-

259 1036 494 1078 donense
546 1051 570 1078 a
617 1036 847 1089 Marciano,
889 1037 989 1080 Leo
1027 1038 1071 1079 in
1108 1037 1309 1091 Epistola
1347 1036 1399 1078 ad
1436 1036 1745 1091 Imperatorem
1782 1039 1824 1080 et

260 1107 312 1148 ad
354 1107 625 1149 Pulcheriam
667 1107 921 1161 Augustam,
965 1108 1132 1162 aliaque
1171 1108 1300 1150 etiam
1337 1108 1628 1162 particularia,
1664 1109 1825 1151 indicta

261 1181 492 1231 coactaque
519 1179 702 1221 fuerunt.

314 1249 472 1292 XXIII.
516 1250 703 1292 Maxime
746 1251 780 1292 si
821 1251 892 1293 hic
931 1253 1182 1294 cessator
1219 1251 1655 1295 Ecclesiasticus
1694 1251 1822 1294 ordo

261 1321 402 1373 fuerit,
447 1323 519 1363 aut
563 1324 711 1363 contra
755 1321 943 1364 officium
977 1322 1127 1364 faciat:
1166 1325 1259 1364 tum
1296 1323 1408 1365 enim
1443 1323 1737 1377 Magistratus,
1776 1325 1825 1364 ut

261 1392 477 1435 Ecclesiae
508 1393 666 1435 Christi
697 1394 898 1436 eximium
927 1395 1178 1446 membrum,
1202 1395 1474 1448 interponere
1499 1395 1653 1436 merito
1679 1396 1826 1436 aucto-

263 1465 434 1507 ritatem
483 1468 626 1519 potest
670 1469 711 1507 et
750 1466 886 1518 debet,
928 1468 969 1508 et
1008 1465 1202 1520 Synodos
1240 1467 1333 1508 fieri
1371 1481 1513 1508 severe
1554 1466 1736 1520 exigere,
1775 1480 1824 1507 ac

254 1538 377 1590 jussu
417 1551 492 1579 suo
532 1537 737 1587 indicere;
779 1537 893 1590 quod
932 1540 974 1579 et
1010 1538 1178 1591 saepius
1215 1537 1460 1579 factitatum
1499 1539 1574 1579 est.
1616 1536 1826 1586 Quemad—

258 1608 433 1651 modum
460 1608 564 1651 Joas
592 1608 698 1660 Rex,
727 1608 755 1651 J
759 1609 883 1661 ojada
907 1608 1160 1651 Pontificem
1184 1611 1227 1650 et
1251 1608 1501 1652 Sacerdotes
1527 1608 1683 1662 arguit,
1710 1607 1825 1661 quod

260 1683 375 1722 sarta
403 1682 517 1722 tecta
546 1680 696 1733 templi
724 1694 811 1721 non
837 1681 1139 1733 instaurarent,
1168 1682 1192 1722 2
1222 1680 1329 1734 Reg.
1359 1681 1422 1733 12,
1452 1680 1488 1722 8.

310 1749 466 1792 XXIV.
523 1749 815 1793 Veruntamen
867 1752 901 1793 si
953 1754 1101 1794 contra
1141 1752 1507 1806 Magistratus
1549 1751 1730 1793 hostis
1773 1753 1825 1792 et

259 1823 586 1873 persecutor
624 1821 838 1864 Ecclesiae
877 1825 918 1864 et
955 1838 1079 1865 verae
1120 1823 1358 1876 Religionis
1395 1822 1537 1874 fuerit,
1578 1824 1651 1864 aut
1691 1824 1825 1864 cesset

260 1891 446 1933 officium
474 1892 625 1945 facere,
653 1908 807 1946 nempe
835 1894 879 1935 in
907 1895 1133 1936 manifesto
1162 1894 1378 1937 Ecclesiae
1406 1894 1610 1948 periculo,
1635 1893 1827 1935 Ecclesia

256 1962 533 2004 nihilominus
573 1964 652 2005 sibi
689 1979 775 2006 non
814 1964 969 2013 deesse,
998 1965 1070 2007 sed
1099 1966 1418 2007 convocationis
1442 1966 1537 2018 jure
1568 1968 1610 2007 et
1640 1965 1826 2007 auctori-

258 2037 359 2086 tate,
400 2049 508 2087 quae
545 2034 684 2088 primo
724 2035 836 2088 apud
875 2034 1090 2077 Ecclesiae
1127 2035 1357 2078 Antistites
1387 2036 1557 2088 residet,
1591 2036 1657 2089 (ut
1684 2035 1826 2078 videre

259 2108 322 2146 est
357 2105 503 2147 Actor.
544 2105 626 2158 15.)
666 2106 729 2147 uti
769 2105 905 2158 debet,
945 2121 1028 2158 quo
1059 2106 1355 2159 praesentibus
1385 2110 1427 2149 et
1456 2106 1707 2161 urgentibus
1737 2121 1826 2149 ma-

258 2175 321 2227 lis,
374 2177 408 2217 si
450 2176 543 2218 fieri
588 2179 629 2218 et
675 2192 758 2230 qua
801 2177 892 2219 fieri
935 2179 1081 2231 potest
1121 2178 1302 2231 ratione,
1348 2193 1476 2232 quam
1519 2178 1713 2221 ocissime
1757 2193 1828 2220 oc-

261 2250 466 2289 curratur.

312 2318 447 2361 XXV.
487 2319 626 2369 Quare
664 2319 810 2373 Papa
848 2319 1141 2373 Romanus,
1180 2321 1366 2364 maxima
1394 2321 1660 2376 impudentia
1690 2323 1731 2363 et
1758 2322 1828 2376 ty-

260 2391 447 2443 rannide,
476 2405 562 2432 non
592 2391 718 2433 modo
749 2391 993 2434 indictionis
1023 2391 1186 2446 Synodi
1216 2396 1257 2435 et
1288 2393 1606 2435 convocationis
1630 2393 1700 2446 jus
1723 2406 1827 2446 prae

261 2462 438 2515 reliquis
476 2462 703 2516 Episcopis
743 2463 824 2504 sibi
862 2466 1049 2516 arrogat,
1089 2464 1160 2506 sed
1201 2467 1242 2506 et
1269 2464 1353 2506 toti
1381 2463 1604 2516 Ecclesiae,
1637 2466 1678 2505 et
1705 2464 1750 2505 in
1779 2477 1828 2505 ea

259 2531 528 2586 Imperatori,
570 2531 775 2586 Regibus,
812 2532 1084 2588 Principibus
1115 2537 1156 2576 et
1185 2534 1524 2589 Magistratibus,
1555 2534 1670 2576 omni
1698 2534 1826 2576 modo

262 2603 459 2656 derogat:
485 2603 669 2646 maxime
695 2604 730 2646 si
754 2603 989 2647 Dictatoris
1013 2605 1128 2647 illius
1154 2606 1400 2659 auctoritas,
1423 2608 1563 2658 nutus,
1589 2605 1826 2658 arbitrium,

263 2679 703 2727 consensusque'non
744 2676 970 2729 praecedat
1008 2679 1082 2718 aut
1111 2677 1304 2720 accedat:
1342 2677 1523 2731 ideoque
1563 2680 1604 2720 et
1641 2677 1827 2720 auctori·
1870 2665 1875 2669 ’

260 2747 393 2786 tatem
422 2760 591 2787 omnem
618 2746 862 2800 hujusmodi
891 2746 1064 2801 Synodo
1094 2748 1294 2791 detrahit.

314 2815 473 2859 XXVI.
511 2817 574 2860 Ut
610 2833 740 2872 porro
779 2819 1041 2871 convocatio,
1079 2819 1141 2861 ita
1177 2822 1219 2862 et
1246 2820 1435 2863 missio
1466 2820 1528 2862 ad
1556 2819 1828 2873 Synodum

263 2901 392 2939 penes
421 2888 656 2931 Ecclesiam
685 2892 760 2943 est,
789 2890 918 2943 idque
949 2905 1029 2943 pro
1060 2891 1219 2943 ordine,
1251 2890 1304 2932 ab
1334 2892 1377 2932 et
1404 2890 1450 2932 in
1477 2888 1667 2932 Ecclesia
1694 2889 1828 2931 stabi-

262 2957 352 2998 lito.
394 2956 463 3002 Sic
499 2958 657 3001 Paulus
697 2962 738 3001 et
777 2960 996 3003 Barnabas
1035 2961 1192 3015 aliique
1232 2961 1384 3004 delecti
1423 2963 1465 3002 et
1500 2960 1619 3002 missi
1647 2962 1746 3002 sunt
1773 2958 1828 3002 ab
