1931 3224
575 143 640 185 DE
669 142 933 185 MAGISTRATU
960 141 1159 184 Pommco.
1568 138 1645 180 617

87 269 149 308 est
197 281 247 308 ex
295 266 388 318 fide,
427 269 649 320 peccatum
685 269 760 318 est,
800 281 848 308 ac
884 265 976 307 Deo
1017 265 1234 318 displicetz
1272 264 1332 306 sic
1371 278 1392 305 e
1431 262 1644 305 contrario

87 337 200 390 quod
228 337 277 379 fit
306 353 356 379 ex
384 337 478 390 fide,
509 340 571 379 est
595 338 724 380 verbo
748 337 830 378 Dei
856 339 1195 388 consentaneum,
1221 335 1388 389 ipsique
1412 335 1644 387 acceptum.

139 407 337 451 XXXVI.
376 408 583 460 Ceterum,
623 409 737 461 quod
774 408 890 450 Deus
926 409 971 449 in
998 407 1143 449 Veteri
1172 406 1446 448 Testamento
1477 407 1519 447 et
1548 407 1645 446 ante

86 481 225 533 legem
263 479 395 521 Mosis
434 495 484 521 ex
518 481 612 532 jure
652 479 851 521 Gentium
889 482 930 520 et
959 479 1035 520 sub
1065 478 1159 532 lege
1189 493 1240 519 ex
1270 477 1524 518 auctoritate
1553 475 1645 516 Ma-

86 551 338 604 gistratibus
391 551 595 592 divinitus
648 551 746 592 data
797 553 938 592 ratum
981 553 1234 604 gratumque
1275 548 1440 600 habuit,
1482 547 1524 589 id
1567 546 1645 589 sub

87 621 325 675 Evangelio
354 623 438 675 ipsi
466 623 687 677 displicere
715 622 884 675 nequit3
915 636 1010 663 cum
1039 620 1321 674 Evangelium
1345 634 1422 661 nec
1442 620 1511 672 jus
1536 618 1646 661 Gren-

85 693 203 745 tium,
233 708 310 735 nec
338 693 556 745 Politicas,
585 709 662 736 nec
687 695 784 747 jura
812 693 1022 735 bellorum
1051 693 1232 744 aboleat,
1259 691 1411 744 quibus
1436 690 1488 732 ad
1513 691 1646 732 socie-

85 763 188 806 tatis
216 764 427 807 humanae
458 765 821 807 conservationem
852 779 958 818 opus
990 766 1065 806 est.

138 834 358 878 XXXVII.
387 835 719 878 Hallucinantur
746 836 880 890 igitur
908 835 1220 888 Anabaptistae
1249 837 1290 876 et
1320 833 1548 885 Sociniani,
1574 833 1646 886 qui

85 910 245 960 negant
291 907 564 961 Magi-stratui
610 922 778 960 quoque
821 907 1062 949 Christiano
1111 906 1270 948 bellum
1313 905 1516 947 divinitus
1557 919 1646 946 esse

86 978 270 1020 licitum:
300 994 386 1020 non
414 979 743 1030 considerantes,
772 993 849 1020 nec
878 978 1120 1020 Johannem
1145 977 1399 1030 Baptistam,
1424 992 1501 1018 nec
1525 975 1646 1017 Chri-

87 1052 211 1101 stum,
242 1065 319 1092 nec
346 1050 593 1103 Apostolos,
624 1049 950 1091 Centurionibus
980 1063 1028 1089 ac
1054 1048 1261 1089 militibus
1291 1049 1343 1090 ab
1367 1048 1472 1102 ipsis
1497 1047 1646 1089 salutis

87 1120 309 1163 consilium
347 1121 604 1174 petentibus,
642 1120 852 1172 fidemque
889 1118 1175 1161 Christianam
1203 1119 1516 1172 profitentibus,
1547 1133 1646 1161 con-

86 1192 276 1244 suluisse,
305 1207 392 1234 non
420 1194 468 1233 ut
497 1206 615 1233 arma
643 1206 717 1233 sua
747 1191 991 1243 abjicerent,
1022 1190 1094 1232 sed
1122 1192 1170 1231 ut
1200 1190 1412 1244 stipendio
1441 1205 1514 1232 suo
1546 1205 1647 1232 con-

85 1263 194 1305 tenti
237 1265 389 1314 essent,
433 1261 555 1304 Matt.
599 1262 636 1303 8.
678 1261 776 1304 Luc.
820 1263 857 1303 3.
900 1262 1045 1304 Actor.
1091 1262 1151 1302 10.
1190 1260 1269 1302 His
1309 1252 1545 1302 addendum
1584 1263 1647 1302 est

26 1376 33 1384 ,
87 1334 286 1388 Apostoli
315 1333 439 1376 Pauli
469 1334 720 1388 exemplum,
752 1334 825 1386 qui
856 1334 1029 1388 cognita
1056 1332 1357 1375 nonnullorum
1385 1331 1647 1374 Judaeorum

89 1405 289 1447 adversus
327 1406 470 1459 ipsum
507 1406 813 1458 conjuratione,
842 1405 1003 1446 tribuni
1032 1404 1325 1446 Romanorum
1355 1403 1567 1457 praesidio
1599 1418 1645 1446 ac

88 1477 332 1519 defensione
371 1479 519 1519 contra
550 1477 645 1518 illos
675 1476 860 1519 Judaeos
888 1478 1024 1528 utenS,
1053 1476 1136 1518 hoc
1166 1491 1240 1518 suo
1270 1477 1384 1518 facto
1415 1476 1647 1528 quemlibet

85 1548 389 1602 Magistratum
428 1563 479 1590 ex
512 1549 606 1602 jure
646 1549 787 1590 divino
826 1548 878 1590 ad
915 1548 1125 1590 bonorum
1161 1547 1474 1601 protectionem
1503 1547 1644 1600 gladio

86 1634 212 1673 posse
240 1620 304 1661 uti
333 1620 653 1672 demonstravit,
682 1620 777 1661 Act.
808 1621 871 1672 23,
902 1621 965 1661 21.

138 1690 380 1733 XXXVIII.
417 1690 535 1732 Idem
572 1691 806 1746 Apostolus
846 1690 1067 1733 Caesarem
1106 1691 1337 1744 appellans,
1374 1705 1503 1743 seque
1531 1691 1646 1743 apud

87 1763 175 1816 ejus
212 1762 400 1804 tribunal
432 1762 615 1815 judicari
652 1765 850 1816 oportere
888 1762 1015 1804 Festo
1054 1762 1324 1817 respondens,
1362 1762 1457 1803 Act.
1487 1762 1551 1813 25,
1582 1762 1644 1803 10.

82 1833 290 1886 judicium
328 1834 606 1888 Magistratus
642 1835 686 1875 in
723 1834 985 1876 facinorosos
1015 1833 1155 1875 innuit
1184 1848 1273 1875 esse
1299 1834 1408 1886 juris
1439 1833 1571 1875 divini
1599 1848 1647 1874 ac

87 1905 335 1958 communis,
365 1921 413 1947 ac
440 1905 619 1959 proinde
649 1906 725 1947 sub
752 1906 847 1958 ipso
874 1920 1043 1958 quoque
1067 1905 1302 1959 Evangelio
1328 1905 1506 1946 licitum.
1532 1904 1646 1946 Nam

87 1977 201 2030 quod
234 1977 320 2030 juri
350 1977 492 2019 divino
523 1980 565 2018 et
593 1980 801 2030 perpetuo
830 1979 1054 2030 repugnat,
1083 1976 1175 2018 fieri
1202 1979 1399 2030 oportere
1428 1990 1646 2029 nunquam

86 2049 274 2092 dicturus
313 2049 474 2091 fuisset.
513 2048 631 2091 Idem
658 2048 875 2091 Romanos
905 2050 1061 2100 monet,
1095 2048 1218 2090 Rom.
1250 2049 1312 2100 13,
1341 2048 1379 2090 4.
1410 2048 1524 2100 quod
1552 2047 1646 2089 Ma-

86 2114 291 2175 gistratus
319 2121 582 2163 facinorosos
613 2121 754 2175 gladio
785 2121 971 2174 plectere
997 2123 1091 2173 jure
1121 2136 1168 2162 ac
1196 2121 1349 2162 merito
1378 2121 1525 2175 possit.
1552 2121 1644 2170 Quo

84 2193 226 2246 posito
267 2192 425 2234 corruit
462 2192 545 2234 hoc
583 2192 909 2234 Socinianorum
938 2192 1118 2241 axioma,
1150 2192 1387 2234 doctrinam
1415 2192 1645 2245 Evangeli-

85 2278 178 2305 cam
207 2262 451 2305 Christiano
480 2277 566 2304 non
594 2264 854 2317 permittere,
885 2265 933 2304 ut
961 2263 1091 2305 homo
1121 2263 1285 2304 homini
1309 2262 1440 2304 vitam
1465 2261 1644 2313 adimat3

86 2335 199 2388 quod
222 2335 415 2389 ipsorum
442 2336 609 2377 axioma
634 2335 793 2376 Christi
817 2335 944 2376 effato
971 2334 1147 2376 refutari
1171 2337 1328 2388 potest,
1354 2333 1478 2376 Matt.
1499 2334 1562 2386 26,
1580 2335 1643 2375 52.

86 2405 185 2455 Qui
224 2406 467 2459 gladium
504 2406 735 2460 accipit,
774 2406 961 2459 gladio
990 2405 1216 2459 peribit.
1246 2405 1315 2447 Ad
1343 2408 1529 2447 veterem
1559 2407 1645 2446 ete-

85 2476 172 2518 nim
208 2477 316 2531 legis
353 2478 520 2519 divinae
559 2478 821 2520 sanctionem
858 2477 1049 2519 Christus
1086 2480 1304 2531 provocat,
1344 2480 1392 2518 ut
1421 2491 1513 2518 eam
1537 2476 1645 2528 juris

85 2547 293 2601 primitivi
331 2564 380 2591 ac
407 2549 604 2604 perpetui
634 2564 723 2591 esse
752 2549 922 2600 indicet,
950 2544 1151 2590 nimirum
1178 2549 1230 2590 ad
1258 2548 1375 2590 illam
1408 2547 1509 2589 Gen.
1539 2549 1577 2599 9,
1607 2549 1643 2590 6.

86 2619 187 2668 Qui
226 2620 495 2662 effuderit
524 2621 847 2675 sanguinem
874 2621 1134 2672 hominis,
1165 2621 1353 2664 vindicta
1382 2623 1551 2675 privata
1580 2625 1644 2664 at-

86 2705 167 2744 que
203 2691 457 2743 inordinata,
495 2707 589 2745 per
616 2692 887 2734 hominem
915 2694 1139 2746 sanguis
1170 2695 1284 2746 ejus
1316 2694 1643 2746 effundetur,

84 2778 237 2817 nempe
267 2778 317 2804 ex
346 2763 532 2805 vindicta
560 2763 731 2817 publica
759 2767 888 2817 atque
914 2764 1129 2807 ordinata:
1156 2780 1284 2818 quam
1309 2765 1525 2808 Sociniani
1549 2780 1645 2807 cum

85 2834 253 2887 privata
296 2836 424 2887 atque
465 2834 707 2876 inordinata
750 2835 1070 2887 confundentes,
1115 2850 1166 2878 ex
1205 2836 1309 2878 locis
1349 2836 1503 2889 quibus
1539 2836 1644 2879 haec

85 2905 350 2959 prohibetur,
393 2905 603 2958 videlicet,
644 2905 843 2959 Matt.-5,
882 2907 944 2948 39.
985 2909 1026 2949 et
1062 2907 1185 2950 Rom.
1226 2909 1288 2961 12,
1327 2909 1389 2950 17.
1429 2908 1490 2952 19.
1529 2908 1642 2951 illius

85 2991 255 3029 quoque
283 2977 619 3030 prohibitionem
646 2977 755 3020 male
785 2977 1002 3031 colligunt.
