1931 3224
646 99 710 140 DE
738 98 879 140 Meum
907 98 1140 140 CREATIONE.
1622 102 1672 142 85

116 238 192 266 suo
231 223 428 266 Creatore
465 224 700 276 aequaliter
738 225 881 277 potest
920 223 1100 276 operari.
1130 222 1220 264 Nec
1250 226 1296 264 ut
1326 223 1671 277 instrumentalis,

117 296 317 349 quoniam
353 295 397 337 in
427 295 639 337 creatione
668 310 717 337 ex
747 294 892 347 nihilo,
923 294 1033 336 nihil
1063 296 1126 336 est
1155 295 1198 335 in
1229 309 1312 347 quo
1342 295 1673 338 instrumentum

116 370 358 421 occupetur.

167 437 305 480 XVII.
335 437 480 479 Tertia
509 440 586 489 est,
618 438 732 491 quod
762 437 890 480 Sacra
919 437 1139 491 Scriptura
1169 438 1419 491 plerumque
1450 454 1499 481 ex
1529 441 1675 483 mundi

115 509 340 562 creatione,
371 509 556 561 Patrem,
587 509 744 551 Filium
773 512 815 551 et
844 509 1052 563 Spiritum
1082 508 1295 562 Sanctum,
1326 525 1456 552 unum
1482 511 1602 552 illum
1627 527 1674 553 ac

113 596 261 623 verum
298 581 436 623 Deum
475 598 498 623 a
535 582 697 623 fictitiis
733 581 980 623 distinctum
1009 595 1097 623 esse
1127 582 1401 633 demonstrat,
1432 585 1480 623 ut
1509 582 1579 624 Es.
1609 583 1673 624 40.

113 651 200 695 Jer.
230 653 293 694 10.
322 652 421 695 Joh.
452 653 487 694 1.
517 653 625 695 Heb.
657 654 690 705 1,
722 654 758 694 2.

168 724 326 767 XVIII.
357 724 592 766 Creationis
616 724 761 766 mundi
787 740 912 766 causa
935 724 1156 778 impellens
1180 726 1448 778 προηγουμένη
1471 729 1534 767 est
1561 742 1672 767 sum-

113 811 183 838 ma
221 795 300 837 Dei
336 796 520 848 bonitas,
551 811 634 849 qua
664 796 715 838 ad
745 810 788 837 se
817 798 1037 848 tamquam
1066 811 1276 837 summum
1306 797 1464 838 bonum
1494 798 1618 840 rebus
1649 816 1673 840 a

114 883 157 910 se
191 868 381 910 creandis
411 867 807 909 communicandum
837 882 884 908 ac
913 867 1255 922 patefaciendum
1284 870 1457 911 affectus
1487 870 1578 911 fuit.
1612 871 1675 913 De

116 955 200 992 qua
238 940 298 981 sic
335 939 527 991 loquitur
555 939 834 994 Augustinus,
865 939 908 980 in
939 954 1014 981 suo
1045 939 1308 991 Enchiridio,
1339 955 1429 994 cap.
1459 942 1494 982 9.
1526 942 1673 984 Satis

114 1013 196 1052 est
235 1010 575 1063 Christiano,
615 1025 791 1052 rerum
830 1013 1141 1052 creatarum
1170 1026 1404 1063 causam,
1435 1014 1675 1055 nonnisi

112 1081 420 1124 bonitatem
450 1082 668 1124 credere
698 1082 996 1124 Creatoris.

166 1152 282 1195 XIX.
311 1152 436 1194 Hanc
463 1152 545 1194 Dei
574 1153 812 1212 bonitatem
841 1152 1005 1195 Psaltes
1034 1153 1162 1195 variis
1191 1154 1235 1194 in
1265 1153 1444 1195 Psalmis
1475 1155 1669 1208 celebrat,

113 1226 241 1277 atque
275 1223 485 1277 imprimis
513 1223 582 1265 Ps.
613 1225 649 1266 8.
680 1224 770 1278 1051.
805 1227 846 1266 et
876 1225 964 1265 136.
996 1225 1069 1266 ubi
1097 1225 1202 1267 haec
1232 1225 1419 1267 clausula
1448 1226 1671 1279 aliquoties

112 1297 332 1351 reperitur,
365 1296 654 1338 Celebrate
683 1296 989 1349 Dominum,
1023 1296 1147 1350 quia
1177 1297 1347 1338 bonus
1378 1301 1470 1339 est.

167 1368 260 1410 XX.
303 1368 505 1421 Ejusdem
547 1368 773 1410 creationis
815 1383 941 1410 causa
982 1368 1181 1410 directi-ix
1225 1371 1288 1410 est
1324 1369 1403 1410 Dei
1442 1370 1671 1427 sapienti-[m

117 1440 355 1482 exsecutrix
394 1440 590 1494 potentia
627 1440 715 1492 ejus
752 1438 931 1480 infinita.
960 1438 1079 1480 Haec
1108 1454 1158 1481 ex
1188 1454 1299 1481 nova
1326 1454 1468 1481 rerum
1498 1441 1672 1494 origine,

111 1511 186 1553 illa
235 1526 286 1553 ex
334 1513 531 1553 accurata
573 1510 806 1552 formarum
849 1510 1109 1552 diversarum
1153 1511 1433 1565 dispositione
1476 1527 1524 1553 00
1566 1514 1672 1555 serie

114 1584 362 1637 percipitur.

164 1654 278 1697 XXI.
323 1654 461 1696 Tanta
505 1656 568 1696 est
605 1653 716 1696 enim
746 1668 886 1695 rerum
915 1656 1151 1696 creatarum
1180 1655 1376 1706 varietas,
1407 1657 1496 1696 tam
1526 1658 1673 1697 exacta

112 1729 154 1769 et
193 1726 453 1768 admirabilis
485 1741 630 1768 earnm
658 1725 921 1777 constitutio,
951 1728 999 1766 ut
1028 1725 1200 1767 cuilibet
1229 1725 1403 1777 homini,
1435 1741 1504 1767 eas
1535 1726 1670 1769 consi-

112 1799 289 1851 deranti,
329 1797 516 1840 divinam
554 1797 767 1839 Creatoris
805 1797 870 1838 sui
909 1797 1164 1850 sapientiam
1204 1799 1245 1838 et
1282 1797 1520 1850 potentiam
1551 1798 1670 1850 quasi

111 1872 260 1925 aperto
301 1884 373 1912 ore
402 1868 672 1921 annuncient,
702 1870 830 1922 atque
860 1871 1026 1910 exserto
1057 1868 1194 1922 digito
1226 1871 1570 1921 commonstrent,
1601 1869 1666 1911 Ps.

111 1942 174 1994 19,
204 1942 240 1983 2.
270 1942 307 1983 3.
336 1940 459 1983 Rom.
491 1941 526 1992 1,
555 1941 619 1982 20.

163 2012 298 2055 XXII.
337 2012 455 2055 Haec
494 2027 637 2054 rerum
676 2012 930 2054 universitas
970 2012 1178 2066 producta
1219 2015 1282 2054 est
1322 2027 1371 2054 ex
1410 2012 1557 2065 nihilo,
1588 2028 1673 2054 non

110 2085 321 2140 privative
360 2084 432 2126 sed
469 2084 669 2138 negative
700 2087 883 2139 sumpto,
913 2085 1093 2137 ideoque
1122 2099 1198 2137 per
1228 2084 1442 2137 ἀφαίρεσιν
1474 2087 1515 2127 et
1543 2099 1672 2139 nega-

110 2159 270 2200 tionem
310 2156 446 2199 omnis
485 2155 688 2209 entitatis,
729 2171 753 2198 a
787 2158 934 2199 nostro
963 2156 1183 2199 intellectu
1215 2156 1473 2210 concipitur,
1505 2157 1618 2209 quod
1648 2172 1670 2197 0

113 2228 366 2282 quibusdam
396 2231 733 2281 καταχρηστικῶς
763 2243 811 2270 00
840 2228 959 2270 valde
993 2229 1242 2282 οὶκυρολόγως
1283 2227 1461 2269 materia
1500 2243 1549 2269 ex
1588 2243 1670 2281 qua

110 2299 367 2345 nominatur,
393 2299 467 2341 ubi
491 2299 603 2341 enim
627 2299 734 2341 nihil
760 2302 836 2351 est,
861 2300 920 2342 ib'i
945 2300 1179 2353 improprie
1204 2300 1382 2341 materia
1399 2314 1488 2342 esse
1504 2300 1668 2342 dicitur.

162 2368 321 2411 XXIII.
350 2369 531 2412 Materia
558 2384 658 2411 vero
689 2385 740 2412 ex
769 2370 904 2412 nihilo
936 2371 1155 2424 producta,
1185 2371 1227 2412 in
1259 2371 1471 2424 principio
1497 2370 1578 2411 fuit
1606 2370 1669 2411 in-

111 2441 321 2495 disposita
357 2443 399 2482 et
432 2440 635 2482 inhabilis
665 2441 717 2483 ad
746 2443 888 2484 01111110
918 2458 977 2495 ea,
1010 2457 1116 2496 quae
1147 2442 1261 2485 Deus
1292 2445 1441 2496 postea
1470 2457 1544 2484 suo
1574 2442 1667 2485 loco

110 2512 346 2565 disponere,
377 2526 536 2565 suaque
563 2512 700 2555 forma
729 2514 937 2569 singulari
967 2515 1164 2557 exornari
1190 2515 1337 2556 voluit.

162 2583 319 2626 XXIV.
346 2583 647 2633 Quaestionem
672 2584 1033 2629 Scholasticorum
1057 2587 1181 2628 nimis
1203 2587 1425 2638 curiosam,
1443 2586 1520 2627 An
1534 2602 1669 2628 1111111-

110 2655 204 2697 dus
258 2670 363 2698 non
403 2657 658 2710 potuerit
702 2658 880 2700 creari
923 2659 984 2700 ab
1029 2661 1286 2701 aeterno?
1331 2657 1666 2700 Christianorum

109 2728 385 2781 responsione
413 2727 632 2782 indignam
662 2744 890 2782 censemus,
919 2730 1033 2772 haud
1057 2730 1360 2784 ignorantium,
1389 2729 1502 2783 quod
1526 2744 1668 2772 sacrae

107 2799 258 2841 literae
295 2799 390 2853 ipsa
426 2814 529 2841 voce
569 2800 806 2853 creationis,
846 2801 1049 2843 mundum
1078 2802 1122 2843 in
1149 2803 1341 2854 tempore
1371 2816 1395 2842 a
1421 2800 1511 2843 Deo
1540 2801 1668 2843 fuisse

110 2871 338 2921 conditum,
378 2871 602 2925 Deumque
641 2872 779 2914 solum
815 2873 908 2915 sine
946 2873 1157 2926 principio
1197 2887 1244 2914 ac
1273 2887 1349 2926 per
1378 2887 1421 2913 se
1451 2875 1668 2915 aeternum

109 2956 209 2995 esse,
249 2943 411 2996 passim
448 2943 639 2985 doceant.
679 2943 800 2992 Quod
830 2944 1099 2997 Augustinus
1129 2943 1181 2985 ad
1209 2943 1398 2997 Angelos
1429 2945 1661 2998 applicans,
