1931 3224
231 194 308 234 370
788 190 1031 231 DISPUTATIO
1059 187 1236 230 XXXV.

232 332 352 370 quae,
383 317 461 358 etsi
491 316 671 358 servitus
703 314 990 367 corruptionis
1020 316 1061 355 et
1090 328 1203 355 mors
1233 313 1362 355 etiam
1389 313 1496 366 ipsa,
1527 312 1664 354 adhuc
1688 328 1796 355 nexa

230 388 275 429 in
313 386 491 429 vinculis
527 389 692 437 teneat,
733 388 983 439 exspectant
1021 387 1164 427 tamen
1197 399 1281 426 una
1310 399 1406 426 cum
1435 384 1656 426 animabus
1687 386 1796 427 ἐλευ-

230 458 366 511 &splm
400 464 470 506 τῆς
503 457 629 508 δόξης,
665 458 732 500 ux}
766 457 1039 509 ἀπολύτρωσιν
1070 459 1137 499 τοῦ
1170 456 1360 507 σώματος
1393 456 1510 507 ἡμῶν,
1544 455 1588 497 in
1617 455 1682 497 die
1715 470 1798 508 quo

229 545 252 571 a
293 545 336 571 se
381 529 637 582 redemptos,
683 527 876 569 Christus
914 527 1083 569 liberali
1121 543 1251 570 manu
1289 530 1469 577 asseret;
1508 527 1681 569 interim
1719 527 1797 569 sub

225 602 351 653 liujus
381 600 648 642 liberationis
678 614 752 653 spe
783 599 1060 652 quiescenteS,
1091 599 1223 641 donec
1253 598 1584 641 abscondita
1613 599 1666 640 ad
1689 600 1797 640 tem-

225 688 304 726 pus
344 673 458 715 vita
496 687 676 714 eorum
714 686 825 713 cum
864 669 1086 713 Christo
1125 671 1177 712 in
1214 670 1344 723 Deo,
1377 670 1591 723 quando
1623 668 1798 711 Chris-

224 748 309 786 tus
339 744 734 786 manifestatus
762 742 1228 793 fuerit,cun1illo
1260 741 1423 783 etiam
1446 740 1798 783 manifesten-

224 820 312 858 tur
353 816 407 857 in
448 815 650 868 gloria,
694 814 817 856 Rom.
863 814 898 864 8,
941 814 1005 856 21.
1045 816 1086 855 et
1125 814 1188 854 23.
1229 812 1318 855 Gal.
1357 813 1395 864 5,
1435 812 1497 854 17.
1536 810 1636 853 Joh.
1666 811 1704 862 6,
1734 810 1797 852 44.

226 888 314 930 Col.
345 889 382 929 3.
414 890 455 929 et
483 888 522 929 4.

276 958 404 1001 XLV.
443 958 583 1011 Hujus
622 958 839 1000 doctrinae
877 957 1104 1011 multiplex
1133 970 1233 998 usus
1263 970 1313 998 ex
1342 955 1465 997 dictis
1496 956 1691 996 constare
1719 968 1798 1007 po-

225 1033 320 1083 test,
362 1030 593 1072 secundum
632 1030 771 1072 varios
809 1029 1020 1071 libertatis
1050 1028 1219 1082 gradus.
1251 1026 1318 1069 Ex
1348 1025 1498 1080 primis
1526 1025 1608 1067 hoc
1635 1025 1798 1067 habent

229 1103 457 1155 credentes,
488 1102 601 1155 quod
631 1105 782 1157 pacata
814 1100 1072 1145 conscientia
1101 1115 1188 1142 non
1216 1099 1398 1155 amplius
1427 1100 1641 1141 terrentur
1669 1097 1795 1139 minis

227 1175 453 1231 legalibus,
492 1176 534 1216 et
570 1173 692 1215 filiali
732 1172 974 1215 obedientia
1003 1172 1235 1214 secundum
1263 1170 1369 1224 legis
1401 1169 1678 1212 directionem
1709 1170 1798 1212 sine

228 1247 446 1289 coactione
486 1246 761 1297 delectantur,
800 1244 869 1286 Ps.
909 1245 944 1296 1,
983 1245 1019 1285 2.
1052 1243 1215 1286 Deinde
1244 1242 1462 1285 confidunt
1491 1242 1695 1295 obsequia
1724 1256 1799 1283 sua

230 1319 422 1371 quamvis
461 1317 674 1359 infantilia
713 1320 842 1370 atque
879 1317 984 1358 adeo
1024 1314 1289 1368 imperfecta,
1326 1313 1449 1355 Patri
1476 1313 1684 1355 benevolo
1713 1327 1800 1355 non

233 1391 468 1443 displicere,
499 1390 571 1431 sed
601 1390 654 1430 ab
685 1404 733 1431 eo
763 1389 808 1429 in
838 1388 992 1429 dilecto
1023 1402 1098 1428 suo
1129 1386 1354 1440 acceptari.

282 1461 431 1503 XLVI.
472 1461 538 1502 Ex
579 1461 743 1502 duobus
780 1459 1021 1513 postremis,
1059 1459 1172 1500 hunc
1211 1458 1420 1511 colligunt
1455 1457 1654 1508 fructum,
1685 1457 1799 1508 quod

226 1533 364 1575 sciunt
408 1532 688 1574 conscientias
731 1547 827 1573 suas
870 1532 1089 1584 exemptas
1133 1545 1221 1572 esse
1260 1530 1313 1571 ab
1353 1529 1541 1571 oninium
1577 1527 1799 1570 hominum

223 1606 450 1658 potestate,
494 1604 514 1644 1
558 1602 651 1645 Cor.
690 1603 726 1655 3,
767 1603 830 1644 27.
867 1605 909 1644 et
938 1603 974 1654 7,
1005 1603 1068 1644 23.
1100 1601 1223 1651 Quod
1250 1602 1361 1643 veris
1391 1600 1587 1652 cultibus,
1617 1600 1644 1641 i.
1673 1598 1799 1653 spiri-

229 1676 428 1728 tualibus,
471 1675 576 1727 Deo,
615 1690 701 1717 non
736 1675 938 1716 creaturis
966 1674 1123 1716 servire
1154 1673 1335 1725 discunt,
1363 1688 1416 1715 ne
1445 1671 1527 1714 sibi
1557 1674 1630 1713 aut
1659 1671 1798 1714 homi-

225 1747 350 1788 nibus
383 1747 427 1788 in
459 1747 619 1788 malum
648 1746 911 1800 indulgeant.
942 1744 1065 1794 Quod
1096 1745 1322 1787 concordia
1349 1744 1394 1786 in
1422 1743 1614 1786 Ecclesia
1642 1744 1799 1786 retine-

226 1821 308 1870 tur,
349 1819 572 1860 observata
611 1818 655 1860 in
694 1817 821 1859 rebus
850 1817 1096 1871 adiaphoris
1126 1816 1326 1858 libertate
1355 1814 1617 1866 Christiana;
1649 1817 1690 1857 et
1719 1813 1802 1856 Dei

228 1890 348 1932 donis
392 1905 443 1932 ex
484 1890 565 1932 fide
608 1892 777 1932 utentes
819 1890 864 1932 in
902 1905 1026 1931 usum
1062 1890 1107 1930 in
1146 1903 1271 1942 quem
1309 1903 1333 1929 a
1371 1887 1463 1930 Deo
1504 1887 1661 1929 donata
1689 1889 1799 1939 sunt,

226 1962 405 2004 eundem
434 1976 557 2003 usum
587 1976 639 2003 ex
669 1961 846 2003 caritate
876 1961 928 2002 ad
957 1960 1142 2014 proximi
1172 1959 1511 2002 aedificationem
1540 1961 1582 2001 et
1612 1973 1801 2001 commu-

228 2048 325 2074 nem
355 2033 536 2074 salutem
564 2033 850 2074 moderentur.

279 2103 452 2146 XLVII.
491 2104 618 2145 Patet
658 2104 798 2155 etiam,
839 2103 1082 2145 libertatem
1110 2103 1229 2145 illam
1256 2118 1343 2146 non
1373 2118 1461 2145 esse
1486 2101 1800 2144 immunitatem

226 2176 278 2217 ab
319 2176 515 2217 omnibus
553 2175 719 2228 legibus
748 2175 902 2217 divinis
934 2178 976 2217 et
1004 2175 1224 2227 humanis,
1254 2189 1341 2217 non
1372 2189 1460 2216 esse
1490 2174 1710 2216 licentiam
1737 2173 1800 2215 vi-

227 2246 353 2288 vendi
393 2261 444 2288 ex
482 2246 612 2288 animi
651 2247 860 2288 sententia
902 2249 944 2288 et
983 2246 1233 2300 indulgendi
1263 2244 1620 2299 concupiscentiis
1650 2244 1801 2296 carnis,

225 2333 363 2370 neque
406 2317 650 2359 libertatem
688 2333 712 2359 a
752 2317 865 2359 civili
904 2317 1182 2371 obligatione,
1223 2316 1502 2359 servitutibus
1544 2318 1586 2358 et
1615 2314 1798 2357 tributis.

225 2388 347 2430 Nihil
385 2389 497 2430 enim
534 2389 713 2442 impedit
744 2390 971 2442 quominus
1005 2389 1077 2442 qui
1107 2389 1386 2444 spiritualiter
1415 2389 1539 2434 liberi
1567 2390 1678 2440 sunt,
1708 2402 1800 2430 cor-

226 2475 329 2513 pore
359 2459 557 2512 serviant,
590 2461 609 2501 1
644 2460 736 2502 Gor.
768 2461 803 2512 7,
834 2461 897 2502 21.
929 2463 971 2502 et
998 2460 1109 2514 Eph.
1136 2461 1172 2513 6,
1198 2461 1233 2502 5.
1264 2459 1373 2502 Vos
1404 2459 1550 2502 servi
1579 2459 1800 2502 obedite

227 2532 545 2574 carnalibus
582 2532 786 2575 vestris
825 2531 1096 2584 Dominis,
1136 2534 1410 2585 tamquam
1438 2531 1681 2574 Domino.
1712 2529 1800 2572 Ma-

224 2606 328 2644 nent
365 2603 498 2657 igitur
538 2602 769 2645 Christiani
802 2604 887 2645 suis
916 2603 1108 2657 Regibus
1140 2606 1182 2645 et
1210 2603 1536 2657 Magistratibus
1565 2602 1724 2644 subditi
1752 2603 1800 2642 ut

226 2674 357 2727 prius,
407 2674 529 2717 Rom.
578 2675 640 2727 13,
680 2675 716 2717 1.
756 2677 798 2716 et
837 2674 945 2717 serio
986 2675 1240 2717 damnantur
1278 2689 1424 2717 omnes
1465 2674 1538 2727 qui
1574 2675 1828 2735 praetextu.

225 2746 437 2788 libertatis
467 2745 734 2789 Christianae
760 2747 860 2789 dum
884 2746 1218 2800 Magistratuum
1241 2748 1394 2800 jugum
1420 2748 1617 2788 excutere
1643 2759 1799 2788 conan-

225 2819 307 2869 tur,
351 2833 394 2859 se
438 2818 622 2860 Diabolo
665 2818 925 2872 mancipant,
964 2818 1292 2860 libertatem
1331 2819 1384 2860 in
1421 2818 1603 2860 carnis
1641 2816 1798 2859 lasci-

225 2888 366 2930 viam
396 2892 815 2942 convertentes,
844 2889 936 2932 Gal.
967 2890 1096 2942 1,13.

282 2958 476 3001 XLVIII.
508 2960 711 3016 Pugnant
743 2961 872 3003 etiam
902 2976 998 3003 cum
1026 2957 1224 3003 libertate
1255 2961 1498 3004 Christiana
1527 2963 1692 3004 somnia
1719 2961 1798 3003 Ju-

224 3029 431 3071 daeorum
473 3031 522 3072 de
551 3047 684 3084 regno
714 3032 896 3075 Messiae
926 3033 1166 3086 temporali,
1198 3048 1275 3075 nec
1306 3048 1399 3074 eain
1427 3032 1648 3086 attingunt
1677 3046 1798 3085 mag-
