1931 3224
694 77 757 119 DF.
785 77 914 121 LAPsu
943 78 1091 121 ADAMI.
1596 81 1672 123 119

162 204 318 247 XXIX.
349 204 442 254 Quo
470 204 699 259 respiciens
730 203 977 256 Apostolus,
1007 203 1079 255 ait,
1109 203 1246 245 virum
1272 218 1356 245 non
1382 204 1499 258 prius
1525 205 1671 247 seduc-

108 279 200 318 tum
239 275 378 328 fuisse,
418 275 491 317 sed
528 275 759 327 mulierem,
798 275 992 328 hancque
1028 275 1380 328 transgressionis
1409 275 1543 329 ipsius
1575 292 1672 318 0311-

110 363 200 390 sam
227 348 370 399 fuisse,
395 347 609 399 nimirum,
635 346 927 389 administram
951 349 1079 400 atque
1103 346 1481 399 instrumentalem,
1514 349 1533 389 1
1565 347 1672 390 Tim.

109 420 145 471 2,
175 419 238 460 13.
269 419 330 460 14.

162 489 296 531 XXX.
327 488 461 531 Causa
489 489 632 543 lapsus
661 490 838 540 interna,
869 492 933 531 est
957 489 1091 532 libera
1115 489 1336 543 utriusque
1360 490 1497 531 nostri
1522 505 1674 544 paren-

108 561 164 603 tis
193 561 402 614 voluntas,
428 560 495 602 vel
520 560 663 615 potius
689 561 866 603 deflexio
892 561 1136 614 voluntatis,
1164 561 1346 604 Satanae
1371 561 1515 615 potius
1547 577 1674 615 quam

108 632 200 674 Deo
232 632 523 674 auscultantis.

162 703 318 745 XXXI.
348 703 540 756 Uterque
570 718 665 745 cum
694 703 752 745 sic
782 718 806 744 a
834 703 926 745 Deo
957 704 1150 746 conditus
1179 704 1308 746 fuerit
1336 707 1384 746 ut
1413 707 1559 758 posset
1586 719 1673 747 non

108 790 297 830 peccare,
328 775 364 817 si
392 775 526 817 nollet
554 790 740 829 peccare,
774 777 815 817 et
843 778 999 828 posset,
1031 776 1065 817 si
1096 776 1232 818 vellet.

161 845 336 888 XXXII.
368 846 426 888 Et
454 846 646 899 quamvis
674 846 790 888 Deus
820 849 1047 900 utrumque
1075 847 1340 889 mutabiliter
1369 848 1529 889 bonum
1561 864 1674 891 crea-

108 919 230 972 verit,
281 918 364 960 ista
407 921 549 961 tamen
592 919 856 961 mutabilitas
900 920 944 961 in
988 921 1104 961 statu
1144 920 1336 973 ipsorum
1375 921 1557 974 integro,
1597 936 1674 962 nec

108 990 296 1032 defectus
330 990 412 1031 fuit
439 993 617 1032 naturae
647 991 699 1032 ad
727 991 958 1044 imaginem
988 990 1068 1033 Dei
1098 991 1305 1043 conditae,
1334 1006 1411 1033 nec
1439 994 1672 1044 peccatum,

107 1077 184 1103 nec
228 1077 353 1103 causa
395 1062 571 1115 peccati,
615 1062 688 1104 sed
726 1062 913 1104 conditio
954 1064 1172 1104 creaturae
1211 1063 1486 1113 conveniens3
1528 1079 1551 1105 a
1592 1079 1676 1115 qua

109 1135 273 1175 creator
296 1133 376 1175 hac
400 1133 675 1187 perfectionis
700 1135 802 1175 nota
825 1133 1216 1176 incommunicabili
1242 1134 1530 1188 distinguitur,
1558 1136 1671 1188 quod

108 1220 184 1259 per
212 1220 255 1247 se
285 1221 333 1248 ac
359 1209 514 1249 natura
543 1206 598 1247 sit
627 1206 951 1248 immutabiliter
980 1206 1129 1248 bonus.

162 1277 361 1321 XXXIII.
404 1277 496 1320 Nec
538 1277 632 1319 ideo
677 1279 876 1331 parentes
920 1278 1057 1320 nostri
1098 1280 1197 1319 sunt
1242 1278 1515 1331 excusabiles,
1562 1280 1676 1332 quod

111 1350 283 1393 Diaboli
324 1349 531 1391 instinctu
572 1349 818 1391 mandatum
858 1349 941 1391 Dei
981 1349 1300 1403 transiliverint,
1346 1366 1439 1392 cum
1468 1350 1675 1393 Diabolus

111 1415 285 1465 externa
323 1421 518 1464 suasione
546 1421 708 1463 nullam
736 1421 948 1463 voluntati
977 1422 1167 1476 ipsorum
1194 1422 1675 1476 necessitatemwcogen-

110 1497 198 1537 tem
226 1493 376 1536 afferre
407 1494 610 1547 potuerit.

163 1565 362 1607 XXXIV.
392 1564 573 1607 Peccato
602 1564 667 1606 illi
693 1564 829 1607 forma
854 1566 1026 1620 proprie
1051 1566 1261 1619 assignari
1286 1580 1371 1608 non
1398 1568 1552 1620 potest,
1581 1583 1675 1609 011111

111 1637 166 1679 sit
202 1636 388 1691 privatio
426 1636 588 1678 formae
625 1636 691 1678 vel
729 1636 976 1678 deformitas
1008 1639 1049 1678 et
1079 1636 1258 1679 defectio
1289 1653 1312 1678 a
1342 1637 1599 1692 perfectione
1627 1654 1675 1681 ac

110 1709 204 1761 lege
233 1723 361 1761 quam
390 1707 506 1750 Deus
535 1707 700 1750 homini
729 1708 919 1758 dederat;
950 1722 1027 1750 nec
1054 1708 1165 1760 finis,
1197 1723 1291 1749 011111
1322 1708 1376 1749 sit
1406 1709 1618 1751 aberratio
1650 1725 1674 1751 a

110 1779 205 1832 fine,
235 1781 276 1821 et
305 1780 358 1821 ab
389 1779 536 1822 ordine
565 1779 618 1821 ad
646 1779 785 1832 finem,
817 1779 870 1821 ad
900 1794 1027 1832 quem
1054 1779 1184 1821 homo
1215 1779 1296 1821 fuit
1328 1782 1505 1822 creatus.

164 1849 339 1892 XXXV.
369 1851 533 1893 Effecta
562 1853 785 1904 peccatum
813 1850 916 1892 illud
945 1851 1248 1904 consequentia
1276 1853 1373 1893 sunt
1401 1866 1575 1904 poenae,
1601 1855 1674 1893 aut

110 1923 280 1975 utrique
309 1922 478 1977 parenti
507 1937 762 1974 communes,
793 1924 866 1964 aut
896 1921 1019 1964 alteri
1047 1922 1259 1977 propriae.

163 1993 360 2036 XXXVI.
389 1993 558 2036 Poenae
588 2008 831 2036 communes
861 1996 972 2045 sunt,
1005 1994 1039 2036 1.
1071 1994 1243 2036 amissio
1267 1995 1461 2047 justitiae
1488 1995 1673 2048 origina—

110 2067 176 2109 lis.
215 2067 250 2107 2.
281 2080 426 2108 sensus
454 2066 673 2108 nuditatis.
704 2067 742 2108 3.
772 2068 911 2108 terror
942 2065 1236 2108 conscientiae.
1266 2067 1303 2107 4.
1335 2067 1484 2119 ejectio
1514 2082 1565 2108 ex
1593 2066 1674 2107 Pa-

111 2138 262 2180 radiso.
301 2138 337 2179 5.
378 2137 513 2179 omnis
551 2138 718 2192 generis
756 2138 954 2180 laborum
992 2152 1040 2179 30
1079 2138 1341 2180 cruciatuum
1376 2138 1606 2191 congeries.
1637 2140 1673 2180 6.

111 2209 320 2252 moriendi
348 2210 589 2251 necessitas.

164 2279 384 2323 XXXVII.
422 2280 581 2322 Errant
620 2295 734 2334 ergo,
774 2281 847 2333 qui
876 2282 1099 2332 peccatum
1126 2280 1348 2333 utriusque
1377 2281 1580 2333 parentis,
1610 2283 1674 2322 at-

112 2367 193 2406 que
236 2352 447 2405 imprimis
488 2351 654 2405 Adami,
700 2353 901 2407 exiguum
943 2367 991 2395 ac
1034 2352 1196 2395 veniale
1238 2352 1368 2394 fuisse
1397 2352 1671 2394 arbitrantur.

112 2423 204 2473 Quo
243 2423 354 2465 enim
392 2423 473 2465 Dei
507 2424 755 2466 mandatum
791 2423 872 2466 fuit
909 2424 1044 2466 levius
1081 2427 1209 2477 atque
1239 2423 1466 2466 observatu
1493 2423 1672 2475 facilius,

112 2510 160 2538 eo
196 2495 333 2549 magis
361 2496 540 2548 uterque
570 2495 624 2537 ob
653 2495 764 2538 illius
792 2496 1175 2549 transgressionem
1205 2511 1348 2538 coram
1376 2495 1467 2537 Deo
1496 2495 1578 2536 fuit
1607 2495 1671 2536 in·-

112 2567 376 2619 excusabilis,
407 2582 456 2608 ac
484 2581 579 2609 reus
606 2567 757 2609 mortis
783 2568 1068 2621 temporariae
1099 2570 1140 2609 et
1169 2569 1375 2609 aeternae.

162 2638 402 2681 XXXVIII.
433 2638 614 2692 Propria
642 2639 722 2680 viri
750 2654 887 2693 poena
917 2640 1011 2692 fuit⁷
1042 2639 1270 2693 singularis
1297 2638 1500 2691 quaedam
1531 2652 1671 2679 rerum

110 2714 204 2754 toto
233 2712 345 2755 vitae
373 2726 473 2753 suae
502 2710 709 2753 curriculo
739 2711 1019 2765 gerendarum
1050 2726 1150 2753 cura
1180 2725 1228 2752 ac
1256 2709 1511 2751 sollicitudo.

163 2782 360 2825 XXXIX.
402 2782 586 2836 Propria
629 2782 818 2825 mulieris
856 2797 1006 2836 poena,
1036 2782 1118 2824 fuit
1155 2796 1319 2823 summa
1356 2783 1503 2836 partus
1541 2783 1670 2834 atque

112 2854 374 2897 educationis
400 2855 631 2896 liberorum
660 2854 900 2897 difficultas.

164 2926 250 2968 XL.
290 2926 652 2975 Quemadmodum
689 2940 834 2968 omnes
870 2926 1065 2968 homines
1093 2925 1136 2966 in
1166 2926 1348 2977 utroque
1377 2927 1553 2978 parente
1583 2924 1666 2965 ori-
