1931 3224
696 194 759 237 DE
787 194 1061 237 IDOLOLATRIA.
1586 189 1662 230 163

97 320 176 362 hac
214 319 431 373 distingui,
469 334 563 361 cum
600 334 687 361 non
719 320 856 361 omnis
885 317 1206 372 superstitiosus
1237 317 1292 357 sit
1320 314 1494 368 proprie
1523 313 1660 354 idolo-

97 391 219 444 latra,
258 391 339 433 etsi
376 391 512 432 omnis
541 390 770 432 idololatra
801 390 855 432 sit
885 388 1214 444 superstitiosus.
1246 385 1311 428 De
1338 386 1418 427 hac
1446 386 1664 438 postrema

97 462 221 504 nobis
245 463 334 515 jam
364 477 414 503 ex
445 461 590 504 ordine
618 461 841 515 agendum.

151 533 226 576 IV.
264 532 433 574 Dicitur
462 531 720 585 Idololatria,
754 532 926 574 nomine
956 547 1006 574 ex
1034 531 1197 573 duobus
1228 530 1467 582 composito
1501 528 1665 570 εἴδωλον

99 607 142 647 et
179 605 362 658 λατρεία,
403 605 525 657 quasi
560 603 670 646 Idoli
708 604 845 646 cultus
883 603 949 645 Vel
987 602 1190 651 servitus3
1224 601 1386 644 εἴδωλον
1429 603 1587 650 autem,
1629 599 1665 641 si

97 677 212 720 vocis
252 678 441 730 etymum
480 679 730 730 spectemus,
770 676 823 717 ab
863 673 1066 723 εἴδεσθοιι,
1098 673 1211 726 quod
1240 672 1410 715 Graecis
1440 674 1564 714 sonat
1593 671 1664 712 vi-

99 747 215 790 deri
243 748 310 790 vel
338 747 663 800 assimilari,
696 750 838 789 ortum
865 746 1016 797 habet;
1048 748 1089 788 et
1117 745 1162 787 in
1192 760 1345 799 genere
1375 744 1487 798 apud
1518 746 1664 785 aucto-

97 835 164 862 res
206 819 378 873 linguae
422 819 605 861 Graecae
645 819 852 873 probatos
895 818 1245 860 simulacrum
1288 819 1329 859 et
1370 816 1664 869 imaginem

99 890 333 943 quamlibet
362 891 585 945 significat,
616 891 703 932 sive
733 892 874 932 mente
903 892 1165 942 conceptam,
1196 889 1282 930 sive
1310 903 1439 929 manu
1466 887 1663 934 effictam,

99 962 186 1004 sive
209 962 271 1004 rei
296 962 546 1014 exsistentis,
573 962 659 1004 sive
683 976 769 1004 non
795 961 1049 1003 exsistentis,
1074 959 1176 1002 Non
1199 960 1333 1014 igitur
1359 962 1422 1001 est
1446 958 1666 1000 diminuti—

97 1049 209 1086 vum,
240 1037 287 1076 ut
316 1035 467 1077 volunt
496 1034 736 1086 adversarii,
768 1034 820 1075 ab
851 1030 955 1080 εἶδος
987 1034 1165 1087 propter
1189 1031 1397 1073 defectum
1422 1045 1667 1085 repraesen-

98 1105 287 1158 tationis,
319 1106 438 1159 quasi
468 1108 577 1148 esset
607 1104 786 1157 Idolum,
812 1106 873 1147 rei
898 1120 1005 1158 quae
1031 1120 1117 1146 non
1142 1107 1217 1157 est,
1244 1104 1665 1157 repraesentativum.

101 1175 222 1226 Quod
261 1177 428 1219 etiamsi
466 1177 694 1219 contendat
732 1176 1028 1228 Bellarminus,
1057 1176 1215 1218 fatetur
1244 1179 1388 1218 tamen
1418 1175 1596 1217 Lorinus
1627 1177 1668 1217 et

99 1247 190 1302 ipse
217 1247 384 1290 Jesuita
412 1248 466 1290 in
496 1263 605 1302 cap.
637 1249 698 1290 17.
729 1248 842 1290 Act.
872 1263 1005 1290 vers.
1037 1248 1099 1289 16.
1130 1262 1277 1289 vocem
1301 1247 1411 1288 hanc
1435 1247 1546 1288 inter
1569 1261 1668 1301 pro-

97 1319 220 1361 fanos
258 1322 450 1362 auctores
489 1335 623 1373 aeque
660 1320 746 1362 late
783 1322 929 1374 patere
959 1334 1084 1373 posse
1114 1322 1241 1372 atque
1273 1322 1340 1361 τοῦ
1374 1318 1524 1367 εἰκόνος,
1556 1321 1597 1359 et
1634 1318 1669 1359 si

97 1391 312 1434 latinitate
336 1395 561 1445 utramque
587 1392 803 1445 donemus,
830 1391 1005 1434 eandem
1031 1406 1120 1433 esse
1145 1391 1501 1445 significationem
1531 1389 1668 1431 Idoli

99 1464 141 1504 et
168 1461 374 1515 leonis,
405 1463 490 1505 sive
518 1463 731 1516 imaginis.

151 1533 203 1577 V.
235 1534 357 1584 Quod
385 1538 528 1577 autem
556 1535 684 1587 addit,
716 1549 794 1576 usu
824 1535 1107 1577 ecclesiastico
1131 1535 1175 1576 in
1199 1535 1354 1576 malam
1379 1549 1545 1587 semper
1570 1549 1667 1588 par-

98 1608 186 1648 tem
225 1606 371 1660 accipi,
411 1607 454 1648 id
493 1610 535 1649 et
570 1622 648 1649 nos
688 1607 972 1660 agnoscimus,
1003 1609 1044 1648 et
1073 1621 1152 1660 pro
1183 1606 1305 1648 Idolo
1335 1606 1552 1657 habemus,
1582 1620 1668 1647 non

100 1678 237 1720 solum
276 1680 495 1719 externam
532 1677 764 1731 imaginem
793 1680 884 1720 arte
913 1677 1083 1729 factam,
1113 1677 1166 1718 ad
1194 1677 1597 1732 repraesentandum
1627 1679 1669 1718 et

101 1749 322 1791 colendum
344 1764 514 1801 numen,
540 1749 626 1791 sive
650 1764 808 1801 verum,
833 1749 920 1790 sive
943 1749 1101 1801 fictum,
1128 1749 1200 1790 sed
1220 1749 1348 1790 etiam
1375 1764 1498 1791 omne
1513 1764 1669 1790 numen

98 1821 263 1870 falsum,
302 1821 391 1863 sine
428 1820 626 1875 imagine,
663 1821 729 1863 vel
769 1821 821 1863 ab
849 1821 1095 1863 hominibus
1125 1821 1429 1874 excogitatum,
1460 1836 1553 1863 cum
1583 1835 1670 1863 non

100 1892 176 1943 sit3
204 1892 270 1934 vel
299 1893 466 1934 etiamsi
493 1908 560 1935 res
588 1893 731 1946 aliqua
759 1894 815 1934 sit
843 1892 1091 1944 subsistens,
1120 1893 1191 1934 sed
1221 1895 1414 1934 creatura
1439 1893 1505 1934 cui
1529 1893 1670 1934 divina

100 1964 354 2016 aestimatio,
393 1965 459 2007 vel
496 1965 633 2006 cultus
672 1964 839 2006 divinus
867 1965 1085 2006 tribuitur.
1113 1964 1213 2006 Ideo
1242 1967 1355 2006 recte
1383 1963 1532 2006 Patres
1561 1964 1669 2006 Con-

101 2035 188 2077 cilii
239 2035 608 2078 Francofurtensis
663 2036 872 2087 dicebant,
926 2036 989 2078 Se
1036 2036 1305 2090 imagines
1347 2035 1670 2078 Sanctorum

100 2123 206 2150 non
242 2108 390 2150 idola
427 2123 765 2161 nuncupare,
805 2108 893 2150 sed
931 2123 992 2149 ne
1022 2108 1170 2149 idola
1199 2100 1703 2162 nuncuparenturs

101 2179 328 2221 adorare
371 2194 424 2221 se
467 2194 554 2221 eas
597 2184 648 2221 et
688 2179 887 2231 colere,
926 2179 1108 2231 iisque
1148 2180 1437 2221 servitium
1474 2179 1670 2233 impen-

102 2251 225 2294 dere
254 2251 423 2303 nolle,
453 2250 708 2305 Capitularis
739 2266 829 2305 cap.
858 2250 916 2293 M.
946 2250 1037 2293 Lib.
1066 2252 1102 2292 2.
1133 2266 1166 2293 c.
1197 2251 1258 2292 18.

154 2322 229 2365 VI.
268 2322 436 2364 Idolum
474 2323 602 2364 etiam
641 2337 736 2364 cum
771 2322 997 2376 Apostolo,
1038 2324 1059 2365 1
1100 2322 1211 2365 Cor.
1251 2322 1287 2374 8,
1317 2323 1354 2364 4.
1382 2322 1525 2364 nihil
1554 2337 1670 2364 esse

100 2394 154 2436 in
195 2394 386 2435 mundo
430 2395 626 2445 dicimus;
667 2409 754 2436 non
792 2395 974 2447 quidem,
1014 2397 1062 2436 ut
1099 2395 1294 2437 nonnulli
1322 2395 1432 2436 male
1461 2395 1672 2447 interpre-

101 2467 260 2517 tantur,
291 2465 405 2518 quod
432 2480 498 2507 res
525 2466 570 2507 in
599 2480 741 2507 rerum
764 2468 918 2507 natura
943 2480 1027 2508 non
1054 2466 1261 2508 exsistens
1285 2466 1399 2507 idolo
1425 2480 1673 2518 repraesen-

99 2539 229 2589 tetur,
272 2536 508 2579 Daemonia
547 2537 659 2579 enim
697 2537 918 2589 exsistunt,
955 2538 1149 2591 ipsorum
1185 2540 1330 2579 tamen
1366 2536 1527 2578 idolum
1564 2536 1673 2577 nihil

104 2610 189 2659 est3
220 2608 294 2650 sed
324 2608 425 2661 quia
451 2608 558 2649 nihil
589 2608 674 2650 tale
702 2611 764 2650 est
794 2623 872 2662 pro
903 2608 1019 2661 quali
1049 2608 1214 2660 colitur,
1245 2610 1293 2650 ut
1318 2607 1554 2649 divinitatis
1580 2607 1672 2661 opi-

101 2679 277 2721 nionem
304 2679 371 2721 vel
395 2678 556 2720 cultum
579 2681 885 2732 promereatur,
911 2682 985 2721 aut
1009 2680 1061 2721 ad
1085 2679 1265 2721 salutem
1291 2679 1519 2732 quicquam
1543 2679 1672 2732 prod-

106 2765 197 2792 esse
249 2751 400 2804 possit,
450 2750 805 2803 quemadmodum
855 2750 967 2792 idem
1017 2750 1252 2804 Apostolus
1303 2752 1445 2803 negat,
1489 2750 1510 2791 1
1559 2749 1671 2792 Cor.

105 2821 167 2882 lQ,
207 2822 270 2864 19.
308 2821 431 2864 idolis
467 2821 749 2873 immolatum,
781 2836 870 2864 esse
901 2822 1073 2874 aliquid,
1104 2822 1225 2874 quasi
1255 2821 1424 2872 diceret,
1455 2835 1672 2863 consecra-

104 2893 266 2936 tionem
308 2895 397 2947 ejus
439 2907 592 2935 vanam
635 2906 737 2935 esse.
781 2892 899 2935 Haec
936 2893 1070 2946 igitur
1106 2892 1252 2933 nihil
1281 2891 1479 2933 dicuntur
1508 2893 1673 2934 ratione

106 2964 329 3017 efficaciae,
370 2967 411 3007 et
451 2965 552 3017 quia
588 2964 746 3005 nullius
785 2966 883 3006 sunt
920 2963 1136 3014 momenti,
1170 2964 1212 3004 et
1240 2963 1366 3004 nihili
1393 2963 1598 3015 facienda,
1626 2967 1674 3005 ut

103 3035 247 3078 nihil
285 3051 374 3078 esse
413 3036 567 3078 dicitur
607 3035 698 3087 qui
735 3049 787 3076 se
818 3036 983 3088 ’putat
1013 3048 1128 3076 esse
1157 3033 1389 3087 aliquid,
1421 3033 1527 3076 Gal.
1557 3035 1592 3087 6,
1623 3035 1672 3086 3„
