1931 3224
541 110 606 154 DE
633 110 782 155 DIVINA
808 111 1212 155 PRAEDEsrmArmNE.
1583 109 1661 151 223

97 233 279 277 Electi
316 237 557 278 assecuti
596 239 742 289 sunt,
780 235 988 290 reliqui
1026 234 1539 286 000a1111er1111n11e0
1569 233 1658 274 sine

97 306 303 359 ejusmodi
343 307 395 349 ad
436 308 540 350 alios
582 310 780 362 respectu
818 307 1035 350 electionis
1072 322 1155 349 vox
1190 306 1236 347 in
1272 305 1400 349 Sacra
1428 304 1519 347 Scri
1528 307 1657 358 ptura

94 381 338 431 usurpatur.

149 449 201 490 X.
238 449 356 492 Haec
394 449 546 493 electio
577 451 630 493 ad
658 451 839 492 salutem
869 451 1033 493 duobus
1060 449 1198 492 modis
1228 448 1517 491 consideratur
1529 463 1538 498 3
1569 447 1659 501 pri-

95 534 178 573 mo,
207 524 338 574 prout
365 522 418 563 ab
447 524 620 564 aeterno
649 522 763 564 facta
793 524 856 564 est
883 522 927 563 in
955 522 1037 564 Dei
1067 521 1266 575 eligentis
1297 520 1478 572 decreto,
1510 518 1658 560 deinde

95 594 224 645 prout
259 592 305 634 in
341 594 534 646 tempore
572 593 696 635 electi
732 592 826 644 Dei,
864 593 1005 646 reipsa
1034 607 1055 634 e
1085 592 1241 634 mundo
1272 593 1502 634 evocantur
1530 592 1659 642 atque

97 663 350 715 eximuntur,
395 665 437 704 et
479 663 648 705 Christo
691 679 767 717 per
808 663 935 705 fidem
977 663 1241 713 inseruntur3
1273 662 1323 704 de
1353 676 1436 715 qua
1465 660 1659 702 Christus

94 733 297 787 loquitur,
339 733 440 776 Joh.
482 734 546 786 15,
590 735 652 776 19.
691 733 797 777 Vos
837 749 858 776 e
896 735 1086 776 mundo
1115 749 1220 776 non
1250 748 1271 775 e
1285 733 1409 785 stis,
1440 732 1530 774 sed
1560 746 1656 785 ego

94 820 121 847 v
132 820 156 848 o
169 820 187 847 s
225 806 305 848 ele
317 806 371 860 gi
408 821 429 848 e
439 821 468 848 x
494 821 538 848 m
547 821 574 847 u
584 821 613 847 n
625 806 650 848 d
662 820 686 848 0
700 838 709 858 ,
739 820 868 859 quam
893 808 1119 858 utramque
1147 804 1414 859 Augustinus
1443 804 1659 858 eleganter

95 877 329 931 conjungit,
375 876 414 918 D
428 892 449 919 e
491 877 525 918 P
537 892 558 919 r
569 893 593 919 a
605 893 626 919 e
639 877 664 918 d
677 892 698 919 e
709 878 832 919 stin.
877 892 895 918 s
909 892 968 918 an
981 879 1041 918 ct.
1087 891 1108 918 c
1119 891 1194 930 ap.
1241 877 1315 928 17„
1362 890 1456 917 cum
1496 875 1658 928 inquit:

95 947 262 989 electi
301 963 479 990 sumus
519 951 643 990 ante
680 948 860 990 mundi
900 947 1382 998 constitutionem,
1424 961 1481 988 ea
1509 960 1659 1000 prae-

95 1018 494 1072 destinatione,
534 1034 635 1072 qua
667 1019 810 1061 Deus
841 1034 932 1061 sua
959 1019 1150 1060 futura
1177 1018 1327 1060 facta
1356 1018 1657 1071 praevidit;

95 1089 153 1130 de
194 1090 386 1131 mundo
430 1093 606 1132 autem
649 1090 813 1132 electi
855 1105 1053 1143 sumus,
1097 1105 1156 1132 ea
1196 1089 1514 1141 vocatione,
1559 1103 1659 1141 qua

94 1159 233 1202 Deus
263 1161 314 1202 id
344 1162 483 1214 quod
510 1177 538 1215 p
554 1162 978 1213 raedestinavit,
1008 1161 1274 1215 implevit.

147 1231 220 1273 XI.
258 1231 375 1274 Licet
412 1235 553 1274 autem
586 1235 768 1286 utraque
796 1232 902 1274 haec
932 1232 1080 1274 electio
1111 1246 1161 1273 ex
1191 1231 1338 1273 eodem
1363 1231 1482 1273 fonte
1510 1246 1658 1275 nasca-

93 1306 175 1356 tur,
215 1306 257 1346 et
293 1304 506 1358 posterior
541 1304 597 1345 sit
633 1304 834 1358 proprius
864 1304 1021 1358 prioris
1052 1304 1238 1355 effectus,
1269 1304 1319 1345 de
1348 1304 1488 1357 prima
1515 1306 1658 1345 tamen

92 1375 198 1417 haec
230 1377 378 1417 nostra
415 1375 650 1428 disputatio
688 1375 960 1428 peculiariter
997 1375 1239 1416 instituitur
1251 1391 1259 1425 ;
1299 1390 1347 1417 ac
1384 1375 1563 1428 proinde
1591 1375 1658 1428 ip-

93 1447 180 1489 sius
216 1449 425 1498 naturam,
465 1447 815 1499 circumstantias,
848 1461 995 1488 causas
1024 1449 1152 1500 atque
1180 1462 1280 1489 usus
1308 1447 1354 1489 in
1382 1446 1657 1500 sequentibus

93 1516 316 1571 sigillatim
345 1533 616 1572 exponemus.

145 1588 242 1631 XII.
271 1589 339 1631 Ad
366 1592 542 1632 naturae
570 1591 658 1644 ejus
688 1590 1017 1644 intelligentiam
1044 1604 1167 1632 voces
1198 1590 1374 1643 aliquae,
1406 1604 1513 1642 quae
1539 1606 1655 1633 συνω-

91 1660 217 1712 νύμως
256 1675 280 1702 a
309 1659 528 1716 Scriptura
557 1676 862 1714 nonnunquam
890 1664 1164 1714 usurpantur,
1195 1662 1383 1703 breviter
1410 1661 1658 1702 indicandae

93 1734 210 1784 sunt3
252 1747 432 1785 quarum
471 1733 610 1786 prima
648 1735 712 1775 est
739 1748 822 1775 vox
852 1732 1115 1785 προγνώσεως,
1145 1748 1172 1786 p
1185 1748 1206 1774 r
1218 1747 1241 1774 a
1254 1747 1275 1775 e
1288 1748 1309 1774 c
1321 1747 1344 1774 0
1357 1747 1385 1786 g
1395 1732 1537 1774 nitio
1549 1732 1656 1784 nis,

93 1818 175 1856 qua
212 1804 348 1845 utitur
384 1804 621 1858 Apostolus
650 1803 772 1846 Rom.
802 1805 838 1857 8,
868 1805 931 1846 29.
962 1807 1003 1846 et
1031 1804 1051 1845 1
1085 1803 1178 1845 Pet.
1211 1804 1246 1855 1,
1278 1804 1313 1844 2.
1344 1805 1386 1845 et
1415 1817 1658 1857 supremum

89 1874 134 1916 in
171 1875 251 1917 hac
290 1875 510 1917 electionis
550 1875 662 1917 scala
691 1875 873 1929 gradum
903 1889 1068 1929 semper
1097 1874 1274 1916 obtinet.
1304 1873 1368 1915 Ea
1397 1876 1540 1916 autem
1567 1888 1653 1915 non

91 1961 169 2000 pro
207 1946 364 1988 notitia
402 1946 595 2002 simplici,
636 1961 719 1999 qua
759 1947 888 1989 etiam
915 1948 1097 2000 rejectos
1126 1945 1259 1997 novit,
1295 1945 1366 1987 sed
1394 1960 1471 1999 pro
1501 1945 1658 1987 notitia

90 2018 374 2071 approbativa
423 2033 471 2061 ae
521 2018 836 2072 sapientissimo
875 2018 955 2060 Dei
994 2018 1185 2070 consilio,
1226 2032 1309 2070 quo
1352 2031 1422 2059 eos
1462 2032 1541 2071 pro
1574 2017 1658 2058 suis

91 2091 298 2143 agnoscit,
352 2091 545 2133 sumitur.
599 2089 963 2139 Quemadmodum
1013 2089 1043 2132 J
1045 2090 1113 2132 oh.
1157 2090 1220 2141 10,
1265 2089 1327 2130 14.
1372 2088 1565 2130 Christus
1607 2089 1656 2130 de

91 2160 239 2203 ovibus
283 2162 369 2204 suis
412 2162 565 2214 inquit,
613 2176 709 2215 ego
754 2175 1025 2215 cognosco
1070 2175 1197 2203 oves
1238 2175 1402 2213 meas,
1450 2162 1500 2202 et
1540 2174 1658 2213 cog-

89 2247 287 2275 noscor
323 2248 348 2275 a
383 2232 528 2275 meis.
558 2231 708 2275 Altera
737 2248 819 2275 vox
849 2236 1093 2286 προορισμοῦ,
1129 2232 1157 2273 1.
1188 2231 1657 2285 praedestinatio-

89 2303 193 2356 nis,
226 2319 309 2357 qua
336 2304 473 2346 utitur
501 2304 737 2358 Apostolus
767 2304 891 2347 Rom.
921 2305 958 2357 8,
988 2304 1051 2346 30.
1083 2306 1124 2345 et
1153 2303 1266 2357 Eph.
1297 2303 1331 2355 1,
1360 2302 1398 2344 4.
1426 2305 1502 2345 etc.
1518 2302 1656 2357 ipsam

91 2373 489 2417 determinationem
527 2378 620 2417 tum
657 2376 893 2418 mediorum
932 2378 1025 2417 tum
1062 2374 1170 2426 finis,
1200 2375 1245 2415 in
1276 2373 1434 2415 eisdem
1462 2374 1657 2426 personis

86 2446 177 2499 jam
204 2446 492 2500 praecognitis
523 2446 709 2489 denotat.
742 2446 1104 2496 Quemadmodum
1133 2445 1268 2497 liquet
1297 2459 1347 2486 ex
1375 2443 1498 2485 Rom.
1529 2444 1566 2495 8,
1592 2444 1655 2485 30.

91 2532 223 2570 quos
271 2532 396 2559 vero
443 2517 758 2571 praenovit,
794 2517 927 2559 illos
967 2519 1016 2559 et
1053 2515 1499 2570 praedestinavit
1540 2528 1656 2556 con—

88 2588 372 2630 formando
386 2603 405 2630 s
433 2588 661 2645 imagini
685 2587 818 2629 Filii
842 2588 945 2640 sui,
973 2590 1068 2629 etc.
1090 2586 1286 2638 Denique
1310 2599 1394 2626 vox
1420 2584 1656 2638 προθέσεως,

89 2673 117 2712 p
128 2674 149 2700 r
162 2674 185 2701 o
197 2674 225 2713 p
239 2673 262 2701 o
275 2659 393 2711 siti,
436 2659 481 2700 in
525 2658 605 2700 hac
645 2658 825 2700 materia
866 2658 1111 2711 frequenter
1153 2658 1371 2710 usurpata,
1408 2655 1656 2698 firmitatem

90 2729 397 2772 immutabilem
443 2729 574 2770 divini
615 2729 742 2782 hujus
780 2729 946 2771 consilii
981 2728 1153 2779 indicat,
1193 2730 1234 2769 et
1264 2727 1390 2769 simul
1418 2727 1656 2780 gratuitum

91 2799 255 2843 fontem
291 2801 402 2842 unde
441 2800 484 2842 id
524 2800 746 2842 consilium
774 2800 881 2842 fluit.
911 2799 1274 2849 Quemadmodum
1302 2812 1354 2840 ex
1383 2798 1562 2840 duorum
1590 2799 1653 2840 lo-

95 2886 238 2914 corum
278 2872 501 2914 collatione
538 2871 685 2924 liquet,
715 2885 867 2925 nempe
897 2870 1019 2913 Rom.
1049 2870 1086 2922 9,
1117 2870 1179 2910 11.
1207 2868 1249 2911 U
1259 2871 1278 2910 t
1307 2884 1335 2923 p
1347 2884 1368 2911 r
1379 2883 1403 2911 0
1414 2885 1442 2923 p
1456 2883 1480 2911 o
1492 2870 1602 2912 situ
1612 2885 1654 2911 m

89 2942 208 2997 Dei,
255 2959 317 2997 qu
332 2943 393 2986 od
437 2945 517 2985 est
564 2957 615 2984 se
630 2942 855 2985 cundum
893 2941 1233 2993 electionem,
1263 2944 1521 2994 maneret,
1550 2956 1654 2983 non
