1931 3224
0 2999 7 3031 t

0 3193 18 3224 {a
36 3194 41 3220 ῖ

0 3057 58 3103 [εζ-

599 778 1073 827 DISPUTATIO
1119 779 1156 827 I.

316 965 448 1037 SE.
559 965 1444 1039 THEOLOGIA.

388 1095 585 1138 Praeside
618 1095 670 1138 D.
699 1095 727 1138 J
731 1095 979 1138 OHANNE
1009 1095 1378 1139 POLYANDRO.

456 1187 732 1238 Respondente
763 1188 1017 1227 JOHANNE
1047 1188 1312 1228 SWALMIO.

246 1278 523 1317 Quandoquidem
549 1279 732 1318 Scriptura
757 1281 925 1309 divinitus
948 1281 1134 1319 inspirata,
1159 1284 1207 1310 est
1230 1279 1302 1310 S.S.
1332 1280 1526 1318 Theoloqiae

385 1336 615 1375 principium,
641 1340 875 1374 argumentum
900 1339 930 1365 et
953 1337 1227 1375 instrumentum,
1252 1336 1293 1366 ab
1318 1337 1379 1366 huc

576 1393 822 1432 disputationes
845 1396 982 1423 nostras
1007 1393 1191 1424 ordiemur.

751 1490 943 1534 'rursm
983 1491 1016 1534 I.

260 1593 512 1622 HEOLOGIA
548 1582 624 1633 est,
655 1581 780 1634 juxta
816 1581 1000 1624 nominis
1027 1581 1305 1633 notationem,
1334 1583 1382 1623 ut
1412 1581 1663 1634 quibusdam

159 1587 414 1705 Tplacet,
464 1666 601 1694 sermo
651 1651 745 1705 Dei,
787 1653 854 1695 vel
894 1653 1038 1707 potius
1081 1668 1217 1695 sermo
1261 1653 1311 1695 de
1352 1652 1457 1707 Deo,
1499 1656 1547 1695 ut
1587 1668 1664 1696 nos

107 1734 335 1763 censemus.

158 1792 212 1834 H.
253 1792 423 1835 Nomen
459 1795 541 1836 hoc
576 1795 658 1836 fuit
695 1795 833 1850 primo
870 1798 1121 1850 usurpatum
1159 1796 1212 1837 ab
1249 1795 1444 1838 Ethnicis
1482 1795 1664 1849 Graecis,

105 1864 213 1905 teste
249 1863 483 1918 Lactantio,
524 1865 615 1908 Lib.
654 1868 689 1919 1,
728 1867 778 1909 de
810 1867 873 1909 ira
910 1867 1003 1920 Dei,
1038 1881 1128 1921 cap.
1159 1868 1196 1919 2,
1228 1881 1277 1909 ac
1304 1870 1452 1921 postea
1481 1868 1533 1910 ab
1562 1868 1665 1922 ipsis

105 1932 366 1988 Christianis,
405 1939 453 1978 ut
491 1937 634 1992 colligi
671 1940 814 1992 potest
852 1953 903 1980 ex
930 1938 1215 1993 Apocalypsis
1244 1940 1469 1994 ἐπιγραφῇ,
1506 1940 1550 1981 in
1584 1954 1667 1993 qua

103 2004 321 2048 §Iohannes
358 2006 632 2062 Evangelista
662 2012 703 2052 et
731 2010 976 2065 Apostolus,
1005 2010 1217 2064 Theologi
1247 2011 1386 2064 elogio
1414 2010 1665 2064 insignitur:

105 2079 233 2131 atque
262 2092 315 2120 ex
343 2078 492 2121 Basilii
521 2080 644 2134 epist.
673 2081 711 2133 2,
741 2082 794 2123 ad
824 2080 949 2136 Greg.
979 2080 1310 2134 Nazianzenum,
1334 2082 1407 2123 ubi
1431 2081 1667 2124 doctrinam

104 2148 256 2192 Sacrae
284 2149 528 2205 Scripturae
556 2151 839 2206 Theologiam
865 2155 1096 2206 nuncupat.

156 2219 233 2263 III.
271 2221 521 2276 Theologia,
560 2222 595 2264 si
633 2238 723 2265 rem
758 2224 803 2265 in
842 2239 886 2266 se
923 2227 1175 2278 spectemus,
1213 2226 1276 2265 est
1304 2238 1399 2275 una,
1431 2223 1465 2265 si
1493 2223 1666 2266 modum

105 2293 168 2335 rei
204 2293 379 2336 diversis
417 2295 616 2348 subjectis
654 2296 927 2348 inhaerentis,
968 2298 1030 2338 est
1070 2296 1245 2338 diversa.
1284 2293 1330 2338 Si
1364 2294 1476 2337 enim
1503 2294 1548 2336 in
1575 2294 1667 2337 Deo

108 2365 407 2418 consideretur,
461 2369 669 2419 quatenus
713 2370 776 2410 est
817 2367 1005 2419 scientia,
1050 2382 1132 2421 qua
1174 2383 1216 2410 se
1260 2366 1486 2420 omniaque
1528 2366 1669 2409 divina

107 2436 233 2478 modo
273 2436 414 2479 divino
452 2437 667 2492 intelligit,
707 2441 770 2481 est
806 2439 1059 2493 archetypa3
1098 2453 1145 2481 ac
1173 2438 1364 2493 proinde,
1392 2441 1441 2480 ut
1468 2438 1561 2492 ipsa
1588 2437 1670 2480 Dei

108 2507 301 2560 essentia,
342 2508 404 2550 ita
444 2509 548 2552 haec
590 2510 764 2552 scientia
802 2510 1036 2552 communis
1078 2513 1140 2553 est
1181 2509 1291 2552 Filio
1331 2525 1426 2552 cum
1461 2508 1589 2552 Patre
1626 2511 1669 2552 et

107 2578 270 2632 Spiritu
310 2579 487 2632 Sanct03
526 2584 568 2623 et
597 2581 721 2624 sicuti
748 2582 872 2624 unius
902 2582 1107 2624 essentiae
1137 2581 1302 2624 divinae
1329 2584 1416 2624 tres
1444 2584 1543 2623 sunt
1571 2596 1669 2635 per-

108 2663 236 2692 sonae
271 2653 419 2693 mutua
455 2652 656 2695 societate
694 2656 736 2695 et
775 2653 1157 2695 communicatione
1195 2652 1578 2706 conjunctissimae,
1610 2653 1670 2696 sic

110 2736 182 2764 eae
217 2722 366 2766 intime
405 2726 447 2765 et
482 2723 788 2777 perfectissime
826 2739 869 2767 se
905 2725 1086 2767 invicem
1119 2726 1288 2767 norunt.
1319 2723 1412 2774 Quo
1440 2724 1668 2779 respiciens

109 2791 301 2835 Christus
340 2794 413 2847 ait,
449 2794 547 2837 Joh.
586 2796 622 2847 7,
659 2796 723 2837 29.
752 2795 864 2850 Ego
902 2796 1031 2838 novi
1069 2796 1305 2847 Patrem,
1345 2795 1471 2848 quia
1509 2796 1571 2838 ab
1609 2811 1667 2838 eo

109 2878 241 2916 sum;
266 2867 307 2907 et
334 2865 434 2909 Joh.
461 2867 523 2919 10,
549 2867 611 2908 15.
641 2866 811 2909 Prout
838 2882 914 2910 me
942 2867 1098 2910 novit
1128 2866 1311 2919 Pater,
1341 2870 1390 2908 et
1418 2881 1513 2922 ego
1542 2868 1668 2910 novi

109 2934 339 2979 Patrem.

162 3005 237 3049 IV.
275 3007 321 3049 Si
354 3023 454 3051 vero
491 3008 729 3063 Theologia
766 3010 1066 3062 consideretur,
1107 3011 1314 3062 quatenus
1348 3011 1413 3051 est
1440 3009 1616 3052 scientia
1644 3024 1668 3050 a

1506 3084 1521 3108 1
