1931 3224
691 118 756 160 DE
783 117 1057 161 IDOLOLATRIA.
1582 116 1662 157 173

100 243 238 284 derint
278 243 331 284 iis
375 244 447 295 qui
489 246 642 285 natura
683 243 755 284 Dii
797 258 883 285 non
925 231 1035 285 sunt.
1078 241 1142 282 De
1182 240 1441 295 ὑπερδουλείᾳ
1481 239 1590 280 nihil
1618 239 1662 280 in

100 312 334 367 Scriptura,
363 328 501 366 neque
531 314 659 356 etiam
687 315 731 355 in
758 314 844 356 ullo
874 316 1014 356 vetere
1044 313 1250 367 scriptore
1280 312 1505 365 reperitur.
1536 310 1660 352 Crea-

52 409 54 411 »
103 385 212 426 turis
263 385 397 439 igitur
448 385 620 428 reddere
663 400 889 439 possumus
932 385 1120 427 Latriam
1163 387 1204 426 et
1246 383 1429 425 Duliam.
1475 380 1665 423 Creatori

101 456 230 497 etiam
266 455 455 497 Latriam
493 459 534 498 et
571 456 744 498 Duliam
781 460 997 511 praestare
1037 456 1248 508 debemus,
1288 455 1313 496 i.
1353 454 1509 496 servire
1539 452 1664 494 debe-

99 541 193 568 mus
223 528 403 569 creatori
433 530 474 569 et
502 531 731 571 creaturae.

153 597 309 640 XXIX.
339 597 420 640 Sed
448 614 501 641 ne
530 600 677 641 eodem
707 600 844 642 cultus
874 615 1040 654 genere,
1068 600 1180 653 quod
1208 599 1272 640 fas
1297 613 1384 641 non
1410 599 1484 648 est,
1510 596 1553 638 id
1577 596 1664 647 fiat,

101 669 399 723 distinguenda
423 673 520 712 sunt
550 671 714 713 diversa
738 671 928 713 membra
952 671 1090 713 cultus
1118 669 1379 724 religiosi
1409 672 1451 711 et
1479 667 1666 710 civilis

101 744 175 783 aut
203 741 528 783 dilectionis
559 745 610 784 et
638 743 951 793 societatis;
978 757 1106 795 quam
1129 741 1444 783 distinctionem
1469 738 1669 793 probavit

100 813 283 855 maxime
307 813 587 867 Augustinus,
614 814 687 867 qui
712 814 813 855 satis
838 814 944 855 vidit
969 829 1055 855 non
1081 813 1273 855 sufficere
1299 812 1534 865 simplicem
1548 810 1669 852 illam

103 885 295 938 λατρείαις
337 888 379 927 613
416 886 611 935 δουλείαις,
653 886 762 939 quia,
802 888 850 927 ut
884 885 996 926 idem
1034 885 1106 937 ait,
1144 885 1197 925 in
1226 884 1375 926 Exod
1387 898 1467 924 11111
1497 898 1573 936 qu.
1604 882 1668 924 94.

102 957 261 999 δουλείκ
293 957 522 999 debetur
552 957 660 999 Deo
689 960 963 1010 tamquam
990 955 1243 1007 Domino,
1270 969 1397 1008 quam
1420 969 1506 995 non
1523 952 1668 995 deberi

103 1027 268 1070 Sanctis
298 1028 519 1081 defunctis,
547 1029 659 1071 idem
687 1029 823 1081 docet,
849 1043 944 1070 cum
973 1028 1046 1079 ait,
1076 1028 1134 1069 de
1161 1042 1285 1069 vera
1314 1025 1471 1079 relig.
1502 1040 1607 1080 cap.
1633 1026 1668 1066 1.

104 1115 174 1142 eos
203 1115 228 1142 a
255 1101 378 1142 nobis
406 1101 609 1142 honorari
639 1101 897 1151 caritate,
929 1115 1031 1142 non
1061 1099 1347 1141 servitute.
1378 1098 1435 1140 Et
1459 1097 1670 1139 Martinus

103 1171 298 1214 Peresius
326 1172 452 1225 Ajala
491 1173 673 1225 scriptor
710 1172 972 1223 Pontificius,
1003 1171 1077 1213 De
1119 1170 1324 1212 Tradit.
1362 1171 1497 1223 part.
1536 1170 1573 1211 3.
1612 1169 1671 1211 de

105 1244 226 1286 cult.
257 1244 433 1287 Sanct.
462 1245 700 1298 profitetur,
732 1259 775 1286 se
803 1244 964 1286 nescire
993 1259 1055 1285 an
1083 1243 1182 1284 hoc
1215 1242 1465 1284 officium
1490 1241 1671 1295 appel-

103 1315 208 1359 lari
243 1317 527 1360 debuisset
565 1316 738 1365 δουλείοι,
779 1331 890 1358 011111
927 1315 1214 1357 veneratio
1244 1314 1344 1356 illa
1376 1328 1510 1366 quae
1539 1327 1671 1354 00111-

102 1390 340 1432 muniter
369 1388 586 1432 Sanctis
611 1388 851 1440 debetur,
877 1387 1094 1429 minime
1118 1386 1171 1427 in
1195 1386 1410 1439 signum
1436 1383 1669 1426 servitu-

102 1462 176 1503 tis
214 1460 554 1504 exhibeatur.
587 1459 777 1501 Omnes
807 1459 945 1501 enim
973 1458 1117 1500 servi
1146 1457 1245 1499 Dei
1274 1471 1471 1508 sumus,
1511 1470 1671 1508 quan-

105 1547 257 1585 quam
286 1532 502 1574 meritis
532 1534 579 1574 et
610 1531 914 1573 sanctitate
944 1529 1208 1583 dispares,
1232 1527 1521 1581 Deumigitur
1537 1526 1672 1568 solum

103 1605 300 1659 religiose
339 1605 588 1656 colimus,
629 1603 794 1645 Fideles
831 1605 973 1644 autem
1003 1604 1044 1643 et
1073 1601 1250 1644 Sanctos
1281 1600 1538 1650 caritate,
1568 1612 1673 1640 non

106 1677 399 1726 servitute,
439 1675 740 1718 dilectione
780 1677 830 1716 et
869 1673 1165 1724 societate,
1206 1686 1312 1724 quae
1343 1670 1486 1712 omnia
1516 1669 1672 1711 sanctis

104 1748 282 1802 Angelis
320 1750 361 1790 et
398 1747 643 1789 hominibus
680 1746 892 1788 reddimus
931 1745 1058 1787 modo
1097 1743 1383 1794 conveniente,
1414 1742 1465 1783 iis
1495 1741 1568 1794 qui
1595 1755 1673 1782 no—

105 1820 269 1862 biscum
306 1819 572 1861 familiariter
609 1833 695 1860 non
729 1819 1043 1868 conversantur,
1074 1815 1223 1857 saltem
1255 1814 1323 1866 (de
1352 1812 1531 1866 Angelis
1560 1811 1671 1865 dico)

105 1891 262 1933 visibili
290 1891 429 1942 modo,
459 1892 501 1932 et
532 1890 604 1943 qui
632 1889 789 1931 infiniti
816 1903 902 1930 non
931 1890 1051 1929 sunt:
1076 1901 1230 1940 nempe
1254 1884 1504 1927 memoriam
1528 1899 1674 1926 eorum

107 1966 251 2006 sancte
279 1963 513 2005 recolentes
544 1965 585 2004 et
615 1976 761 2003 eorum
792 1960 1085 2003 excellentiam
1119 1960 1397 2013 agnoscentes
1428 1959 1469 1998 et
1506 1956 1675 2010 praedi-

108 2037 263 2076 cantes.
288 2033 483 2086 Denique
509 2032 674 2075 civilem
699 2032 946 2074 servitutem
970 2033 1011 2072 et
1035 2030 1244 2072 honorem
1268 2027 1480 2070 reddimus
1504 2026 1555 2068 iis
1581 2026 1675 2079 qui-

107 2107 284 2148 buscum
314 2106 359 2147 in
391 2105 593 2147 societate
625 2104 811 2145 humana
853 2103 1034 2145 vivimus
1078 2101 1307 2143 secundum
1344 2098 1676 2151 uniuscujusque

109 2178 287 2232 gradum
326 2180 367 2219 et
405 2177 608 2218 ordinem.
647 2175 742 2218 Hoc
774 2175 900 2217 modo
940 2173 1164 2228 perspicue
1204 2172 1539 2224 distinguuntur,
1570 2184 1676 2223 quae

108 2249 200 2291 Deo
232 2252 273 2291 et
302 2247 547 2291 hominibus
576 2247 794 2289 debentur.

161 2320 295 2363 XXX.
335 2320 439 2363 Cum
478 2322 620 2361 autem
654 2318 839 2361 Domino
868 2320 1016 2360 nostro
1045 2316 1073 2359 J
1077 2331 1150 2358 esu
1180 2314 1362 2366 Christo,
1393 2316 1563 2355 aeterno
1595 2311 1677 2353 Dei

110 2391 234 2444 Filio,
272 2391 563 2434 omnimodum
599 2390 819 2444 religionis
858 2389 1022 2431 cultum
1059 2387 1293 2440 aequaliter
1332 2400 1426 2426 cum
1464 2384 1590 2425 Patre
1635 2384 1676 2424 et

111 2462 276 2516 Spiritu
306 2462 462 2504 Sancto
491 2461 740 2513 tribuamus,
770 2461 852 2503 hoc
880 2461 973 2514 ipso
1004 2459 1267 2513 profitemur,
1297 2472 1374 2499 nos
1402 2471 1497 2498 eum
1522 2468 1677 2508 agnos-

113 2549 204 2576 cere
240 2549 319 2588 pro
355 2533 448 2575 Deo
485 2533 529 2574 in
568 2535 787 2574 aeternum
824 2531 1059 2574 benedicto.
1098 2531 1163 2572 Ac
1204 2529 1381 2585 proinde
1420 2528 1678 2569 detestamur

112 2603 405 2647 Idololatriam
430 2620 638 2647 novorum
659 2604 1116 2654 Samosatenianorum,
1144 2602 1217 2655 qui
1237 2601 1318 2643 sibi
1338 2599 1505 2641 Idolum
1521 2597 1679 2640 Christi

112 2676 396 2727 fabricarunt3
428 2692 533 2729 eum,
564 2676 730 2718 sublata
759 2675 840 2730 ipsi
869 2674 1118 2725 Divinitate,
1151 2687 1284 2725 eoque
1308 2671 1568 2726 inordinem
1589 2684 1677 2711 cre-

114 2750 332 2790 aturarum
361 2748 544 2799 redacto,
577 2747 712 2789 eidem
740 2746 1018 2788 nihilominus
1049 2744 1227 2786 Divinos
1255 2743 1440 2784 honores
1471 2742 1677 2794 tribuunt,

115 2820 421 2862 abominandae
460 2821 597 2861 sectae
637 2817 915 2870 antesignani,
947 2816 1024 2858 etsi
1054 2814 1291 2869 gregalium
1322 2812 1587 2866 quorundam
1614 2811 1678 2853 in-

117 2891 267 2944 gratia,
309 2891 382 2944 qui
421 2891 702 2934 necessariam
732 2889 982 2937 οὶκολούθησιν
1011 2886 1271 2929 Nazianzeni
1296 2887 1543 2944 agnoscunt,
1577 2886 1608 2927 εἶ
1635 2885 1677 2925 δὲ

121 2963 388 3016 προσκυνητὸν,
418 2966 499 3011 πῶς
527 2963 566 3005 οὐ
597 2961 753 3010 σεπτὸν,
783 2963 821 3004 εἴ
845 2962 888 3003 δὲ
917 2959 1073 3008 σεπτὸν,
1101 2962 1183 3006 πῶς
1211 2960 1251 3001 οὐ
1278 2957 1369 3005 θεός.
1397 2956 1510 2998 Η1110
1531 2955 1680 2998 Patres
