1931 3224
733 152 796 194 DE
825 152 932 195 LEGE
960 153 1052 194 Dm.
1598 153 1672 193 161

162 276 288 318 XLV.
318 275 495 318 Interim
524 275 638 318 Deus
670 277 856 319 officium
885 277 1098 331 perfectae
1129 276 1316 317 caritatis
1347 275 1428 316 sibi
1457 291 1504 317 ac
1529 275 1674 328 proxi-

109 363 179 390 mo
223 350 370 390 nostro
414 348 616 400 debitum,
661 363 684 389 a
725 348 848 390 nobis
881 349 975 401 jure
1015 347 1160 402 exigit,
1190 361 1284 389 cum
1314 347 1402 399 ejus
1431 346 1676 400 praestandi

109 420 356 461 facultatem
383 422 559 461 naturae
587 422 758 462 nostrae
783 420 826 461 in
857 419 1006 474 primis
1035 419 1194 461 nostris
1223 418 1472 472 parentibus
1502 418 1675 459 dederit.

162 490 312 532 XLVI.
341 490 427 532 Lex
456 491 748 533 ceremonialis
779 493 841 533 est
871 491 1146 545 σκιχγρκφίκ,
1176 505 1223 531 30
1249 489 1476 531 delineatio
1503 491 1677 530 externa

112 563 250 604 cultus
279 562 423 614 divini,
455 577 580 615 quem
608 562 722 604 Deus
751 562 795 604 in
825 566 1008 615 quatuor
1038 563 1202 616 primae
1233 561 1405 603 tabulae
1435 560 1676 614 praeceptis

111 634 333 688 efflagitat,
372 634 425 676 311
461 634 644 676 formam
680 634 957 688 Reipublicae
994 633 1255 675 israeliticae
1298 632 1399 674 olim
1438 645 1676 674 accommo-

111 705 221 756 data,
246 705 374 747 variis
400 709 597 747 constans
622 706 783 748 umbris
803 705 974 759 typicis,
992 720 1171 758 quarum
1188 718 1340 757 corpus
1357 706 1419 745 est
1434 703 1477 744 in
1494 702 1675 754 Christo,

112 776 185 829 qui
221 776 422 817 mandata
460 777 573 818 illius
610 792 684 831 per
723 791 891 818 carnem
928 791 1050 818 suam
1089 776 1286 827 abolevit,
1327 778 1374 815 ut
1404 774 1569 816 sublato
1599 774 1674 815 illo

110 848 359 901 intergerivi
395 848 507 890 inter
538 848 723 890 Judaeos
754 851 796 890 et
825 847 1014 889 Gentiles
1043 847 1219 900 parietis
1244 850 1377 900 septo,
1406 849 1610 899 utrosque
1635 847 1678 887 in

110 934 195 961 uno
239 935 417 973 corpore
459 935 534 973 per
575 934 741 962 crucem
779 919 870 961 Deo
910 918 1217 970 reconciliaret,
1260 918 1348 960 Col.
1387 919 1423 968 2,
1465 918 1526 959 17.
1565 917 1677 970 Eph.

110 991 148 1043 2,
179 991 240 1033 15.
272 992 334 1032 16.

163 1061 335 1104 XLVII.
366 1062 431 1104 De
454 1061 534 1104 hac
558 1077 705 1104 verum
730 1064 792 1104 est
815 1062 920 1103 illud
944 1061 1133 1103 axioma:
1158 1060 1264 1102 Lex
1289 1060 1678 1102 ceremonialis

113 1137 192 1176 est
237 1136 467 1186 mortua,
517 1136 568 1176 et
603 1134 646 1175 si
684 1134 1039 1187 postliminio
1078 1135 1397 1184 revocetur,
1437 1132 1508 1174 fit
1549 1147 1679 1174 mor-

110 1204 188 1246 tif
194 1220 296 1247 era.
446 1200 450 1203 i

163 1275 357 1318 XLVIII.
396 1276 552 1319 Varius
581 1277 686 1330 legis
715 1277 830 1319 illius
858 1292 958 1319 usus
986 1276 1068 1318 fuit
1097 1276 1174 1318 sub
1205 1275 1354 1317 Veteri
1383 1275 1678 1318 Testamento:

165 1349 200 1389 1.
231 1347 292 1390 Ut
321 1349 505 1402 populus
534 1348 794 1391 Israeliticus
822 1349 949 1402 hujus
980 1349 1289 1399 observatione,
1320 1350 1540 1400 tamquam
1565 1347 1679 1400 pari-

112 1419 191 1462 etis
227 1420 477 1474 intergerivi
506 1423 641 1474 septo,
675 1421 727 1462 ab
767 1421 861 1462 aliis
900 1419 1106 1462 Gentibus
1144 1419 1333 1474 profanis
1374 1420 1678 1472 sejungeretur,

111 1506 164 1532 ne
200 1490 401 1533 familiari
435 1507 530 1534 cum
558 1492 625 1534 his
656 1492 961 1535 consuetudine
989 1492 1034 1533 in
1063 1492 1239 1533 eandem
1270 1506 1364 1533 cum
1393 1490 1498 1543 ipsis
1527 1491 1679 1543 impie-

112 1564 245 1605 tatem
276 1566 404 1617 atque
432 1564 723 1606 idololatriam
751 1563 1061 1617 prolaberetur.

167 1635 203 1675 2.
241 1633 304 1677 Ut
342 1650 393 1676 ex
432 1635 617 1676 externis
646 1634 759 1676 illius
790 1634 943 1676 ritibus
973 1633 1275 1687 intelligerent,
1305 1648 1391 1675 non
1420 1636 1587 1675 tantum
1614 1635 1678 1675 in—

112 1707 281 1747 ternum
319 1706 497 1758 animae,
536 1707 609 1748 secl
646 1707 775 1748 etiam
805 1709 1026 1748 externum
1057 1706 1247 1759 corporis
1278 1705 1440 1747 cultum
1468 1704 1559 1747 Deo
1591 1720 1678 1747 esse

115 1777 455 1820 consecrandum.

167 1850 204 1891 3.
240 1849 302 1892 Ut
332 1864 485 1891 nervus
516 1852 625 1891 esset
656 1852 697 1890 et
726 1849 1008 1891 retinaculum
1036 1849 1144 1890 sacri
1173 1848 1401 1890 ministerii
1429 1847 1607 1889 Levitici
1636 1848 1679 1888 in

113 1920 304 1963 Ecclesia
333 1920 511 1963 Judaica
541 1936 675 1973 usque
705 1921 757 1962 311
786 1919 944 1961 Christi
974 1920 1202 1961 adventum
1232 1920 1518 1961 conservandi.

166 1992 205 2033 4.
235 1991 296 2034 Ut
326 1995 436 2034 esset
465 1992 799 2045 chirographum
828 1991 932 2044 ipsis
958 1991 1123 2032 occulte
1149 1991 1423 2041 contrarium,
1451 2006 1533 2043 quo
1560 2005 1681 2032 31111111

114 2066 280 2105 reatum
333 2067 460 2116 atque
513 2063 821 2116 obligationem
863 2063 915 2104 ad
956 2078 1139 2116 poenam
1181 2063 1332 2103 mortis
1376 2065 1584 2113 aeternae,
1628 2063 1681 2104 ob

114 2134 223 2188 legis
262 2135 429 2177 divinae
465 2135 828 2188 transgressiones
866 2134 1064 2176 adversus
1103 2134 1353 2187 semetipsos
1394 2134 1681 2187 obsignarent,

116 2205 203 2248 Col.
233 2208 270 2258 2,
296 2207 359 2248 14.

170 2278 206 2319 5.
235 2277 298 2320 Ut
327 2280 436 2320 esset
465 2277 732 2331 paedagogia
761 2277 813 2319 ad
842 2277 1071 2329 Christum,
1103 2276 1193 2319 Gal.
1223 2278 1260 2318 3.

170 2348 207 2388 6.
236 2347 298 2390 Ut
326 2349 473 2402 typica
500 2349 615 2391 illius
645 2349 849 2391 sacrificia
880 2352 1019 2391 essent
1047 2348 1240 2402 symbola
1270 2349 1500 2390 oblationis
1525 2348 1683 2390 Christi

118 2418 390 2472 expiatoriae,
429 2424 684 2474 nostraeque
722 2421 1071 2463 sanctificationis
1108 2435 1185 2474 per
1224 2420 1512 2474 aspersionem
1549 2421 1683 2474 ipsius

118 2490 350 2546 sanguinis,
378 2490 510 2533 Hebr.
539 2493 576 2533 9.
607 2494 648 2533 61
678 2492 739 2533 10.

173 2561 322 2604 XLIX.
360 2561 446 2603 Lex
483 2562 661 2616 politica
691 2565 765 2614 est,
796 2577 903 2615 quae
935 2562 1075 2604 officia
1102 2563 1433 2616 magistratuum
1463 2577 1511 2604 ac
1539 2562 1682 2604 subcli-

117 2635 260 2676 torum
298 2633 575 2687 Reipublicae
613 2633 872 2675 Israeliticae
911 2635 1037 2676 certis
1077 2633 1453 2676 constitutionibus
1488 2634 1682 2676 civilibus

120 2706 386 2757 determinat,
426 2720 580 2758 easque
608 2707 757 2759 poenis
787 2706 1080 2759 corporalibus
1110 2706 1155 2747 in
1181 2706 1356 2747 rebelles
1387 2706 1534 2756 sancit,
1559 2706 1683 2758 juxta

119 2792 314 2819 normam
341 2778 564 2830 utriusque
593 2777 766 2819 tabulae
795 2776 1013 2830 Decalogi,
1039 2779 1167 2829 atque
1196 2776 1407 2829 imprimis
1437 2776 1676 2822 secundae„

173 2848 218 2890 L.
246 2848 386 2901 Hujus
416 2848 668 2902 praecipuus
697 2862 797 2889 usus
825 2847 919 2900 fuit,
949 2850 998 2889 ut
1027 2850 1223 2889 accurata
1252 2847 1551 2889 mandatorum
1574 2848 1684 2904 legis

110 2920 295 2962 *moralis
334 2934 382 2962 ac
417 2919 708 2962 ceremonialis
737 2919 1044 2969 observatione,
1071 2919 1241 2972 justitia
1271 2933 1366 2960 cum
1393 2920 1554 2973 pietate
1585 2934 1684 2961 con-

117 2990 266 3043 juncta
293 2991 405 3033 inter
433 2990 620 3033 Judaeos
649 2990 920 3043 peculiariter
949 2990 1122 3043 vigeret.

1508 3064 1540 3089 11
