1931 3224
563 101 627 143 Da
656 100 838 143 Prnsom
867 101 1014 143 PA‘rms
1044 116 1091 143 ΕΤ
1122 100 1238 144 me.
1622 104 1672 145 75

115 242 234 270 num
286 226 634 268 invocantem
677 227 728 267 et
770 225 1060 268 dicentem:
1104 225 1331 268 Domine
1373 225 1522 278 Jesu,
1565 242 1673 269 sus-

117 299 234 353 cipe
286 296 544 351 spiritum
586 311 778 348 meum,
822 299 862 338 et
901 296 996 339 Act.
1034 298 1071 348 9,
1116 297 1176 339 14.
1219 297 1359 350 inquit
1396 297 1586 340 Ananias
1624 297 1674 340 de

115 368 267 411 Saulo:
306 369 540 422 Accepit
576 370 914 423 potestatem
943 368 1222 411 vinciendi
1251 382 1452 420 omnes,
1483 369 1573 422 qui
1601 369 1674 411 in-

115 442 311 484 vocant
339 454 527 481 nomen
556 442 613 481 tu
624 455 716 481 um.
747 439 817 482 Sic
845 440 1002 482 Paulus
1031 441 1189 494 passim
1218 440 1263 481 in
1289 439 1500 493 principio
1527 442 1569 482 et
1592 440 1675 482 fine

115 512 407 566 Epistolarum
449 527 621 553 suarum
664 526 761 553 eum
800 511 982 563 invocat,
1025 513 1067 554 et
1110 511 1346 565 gratiarum
1387 512 1598 553 actionem
1635 514 1676 553 et

115 584 282 625 laudem
321 583 494 625 eandem
534 598 629 625 cum
668 582 796 624 Patre
834 583 871 625 ei
910 583 1045 636 offert,
1085 583 1198 636 quod
1231 585 1273 625 et
1301 582 1445 626 Sancti
1473 583 1518 624 in
1547 582 1675 625 coelis

114 654 288 706 faciunt,
326 654 460 708 Apoc.
498 655 535 705 5,
572 655 608 696 9.
646 655 732 696 imo
772 657 814 696 et
851 653 1008 708 Angeli
1044 654 1126 696 Dei
1156 669 1313 707 omnes,
1341 654 1474 696 Hebr.
1504 654 1538 706 1,
1569 655 1606 696 6.
1635 657 1677 696 et

115 725 250 780 Apoc.
290 727 327 778 5,
367 726 430 767 12.
461 728 538 767 etc.
566 725 633 767 Ita
662 725 791 767 etiam
822 725 1169 779 baptizamur
1196 726 1249 767 in
1276 725 1491 767 nomine
1519 724 1675 777 Filii,

116 797 225 840 sicut
262 798 307 839 in
344 798 515 839 nomine
552 796 693 838 Patris
734 799 775 839 et
814 796 999 850 Spiritus
1036 796 1194 849 Sancti,
1232 796 1335 838 Mat.
1364 796 1428 838 28.
1460 795 1676 839 Credimus

115 869 160 911 in
188 871 341 923 ipsum,
372 869 470 911 Joh.
497 869 558 921 14,
586 868 621 909 1.
651 867 892 910 Creditis
915 868 969 909 in
992 867 1179 919 Deum,
1204 871 1254 910 et
1278 869 1330 909 in
1355 883 1429 909 me
1455 867 1675 909 credite.

117 940 343 995 Speramus
381 940 425 982 in
463 940 617 994 ipsu'm,
658 939 678 980 1
719 938 812 981 Cor.
851 939 913 991 15,
943 940 1006 981 19.
1037 939 1091 982 Si
1118 939 1169 980 in
1198 939 1296 981 hac
1323 938 1438 981 vita
1465 941 1677 981 tantum

117 1014 171 1055 in
208 1012 430 1054 Christo
469 1026 760 1065 speramus,
799 1011 1095 1053 miserrimi
1125 1025 1301 1053 sumus
1330 1010 1562 1053 omnium
1590 1010 1676 1052 ho-

117 1085 327 1126 minum.
370 1082 461 1125 Imo
504 1097 603 1125 vero
649 1097 792 1124 omnes
834 1085 1032 1124 tenentur
1060 1082 1330 1124 honorare
1359 1082 1581 1135 Filium,
1612 1082 1677 1124 si-

118 1157 207 1197 cut
235 1154 509 1197 honorant
538 1153 774 1206 Patrem,
804 1152 905 1196 Joh.
933 1154 970 1205 5,
999 1154 1063 1196 23.

170 1225 326 1268 XXXI.
370 1224 485 1275 Quae
525 1224 731 1267 hactenus
773 1239 798 1266 a
838 1225 962 1267 nobis
999 1225 1223 1279 proposita
1260 1228 1370 1277 sunt,
1407 1240 1549 1267 coram
1577 1239 1677 1267 con-

118 1297 304 1340 scientiis
333 1297 522 1339 omnium
551 1311 710 1348 eorum,
740 1297 814 1350 qui
842 1297 969 1338 fidem
997 1312 1117 1338 suam
1141 1296 1222 1338 Dei
1248 1297 1377 1339 verbo
1403 1297 1563 1339 sincere
1578 1296 1677 1337 sub-

114 1369 244 1422 jicere
285 1368 473 1422 cupiunt,
513 1367 672 1410 invicte
710 1368 1015 1420 demonstrant,
1053 1368 1166 1410 hunc
1202 1367 1299 1410 fidei
1328 1370 1499 1410 nostrae
1527 1367 1678 1409 funda-

119 1440 349 1483 mentalem
377 1440 604 1482 articulum
634 1454 723 1482 esse
753 1442 915 1482 certum
944 1442 985 1481 et
1012 1439 1193 1481 firmum.
1223 1439 1374 1481 Restat
1401 1441 1449 1481 ut
1468 1440 1559 1492 jam
1582 1439 1677 1481 bre-

119 1512 228 1554 viter
257 1512 455 1554 adversus
486 1510 750 1554 Sabellianos
779 1513 821 1553 et
851 1510 1120 1553 Servetianos
1149 1510 1388 1564 probemus,
1415 1508 1573 1551 Filium
1596 1508 1678 1551 Dei

121 1598 209 1626 esse
237 1598 381 1625 veram
411 1586 452 1625 et
483 1583 727 1625 distinctam
756 1597 780 1624 a
808 1582 935 1624 Patre
963 1596 1202 1636 personam.

173 1653 353 1698 XXXII.
398 1654 556 1697 Veram
596 1669 685 1696 esse
722 1669 961 1708 personam,
1001 1654 1230 1696 ostendunt
1268 1653 1530 1696 conditiones
1570 1653 1677 1705 illae,

119 1742 228 1781 quae
262 1728 306 1769 in
338 1742 433 1769 vera
462 1741 643 1780 persona
672 1727 958 1780 requiruntur.
987 1725 1067 1768 Est
1096 1726 1209 1767 enim
1237 1725 1502 1768 individuum
1529 1740 1606 1779 per
1635 1739 1678 1767 se

120 1799 367 1849 subsistens,
412 1798 537 1851 quia
580 1800 870 1851 antequam
910 1797 1183 1839 Abraham
1228 1800 1394 1849 esset,
1432 1796 1548 1850 ipse
1577 1799 1677 1849 est,

119 1869 217 1912 Joh.
256 1870 293 1920 8,
331 1870 393 1911 58.
433 1869 550 1921 vivit,
588 1884 705 1911 nam
742 1869 906 1911 Pater
942 1869 1091 1911 dedit
1129 1869 1176 1911 ei
1203 1869 1370 1911 vitam
1398 1868 1596 1910 habere
1626 1867 1678 1909 111

119 1955 172 1982 se
216 1941 357 1995 ipso,
401 1939 501 1983 Joh.
544 1941 582 1993 5,
624 1942 687 1982 26.
730 1940 949 1994 intelligit,
991 1955 1108 1982 nam
1145 1940 1299 1982 novit
1338 1940 1534 1991 omnia,
1579 1938 1678 1981 Joh.

118 2014 183 2065 21,
212 2013 274 2055 17,
309 2012 411 2065 vult,
441 2027 539 2054 nam
570 2012 747 2054 Filius
777 2027 909 2066 quos
938 2012 1077 2065 vult,
1108 2010 1519 2063 vivificat,·Joh.
1548 2011 1585 2063 5,
1614 2011 1678 2052 21.

120 2078 370 2127 facultatem
394 2084 548 2138 agendi
572 2084 714 2136 habet,
748 2099 864 2126 nam
892 2084 1059 2126 habet
1082 2085 1419 2138 potestatem
1444 2083 1679 2137 ponendi

122 2156 349 2198 animam
394 2171 537 2198 suam
582 2159 634 2199 et
676 2171 787 2198 eam
828 2171 1017 2198 rursus
1059 2155 1321 2207 sumendi,
1366 2154 1465 2197 Joh.
1510 2155 1572 2205 10,
1617 2154 1678 2196 18.

122 2230 336 2282 operatur,
375 2243 491 2270 nam
530 2243 661 2281 quae
698 2228 862 2270 Pater
898 2228 1059 2280 facit,
1099 2242 1156 2269 ea
1193 2226 1371 2269 Filius
1416 2225 1680 2268 similiter

121 2300 278 2351 facit,
308 2299 406 2342 Joh.
436 2300 474 2352 5,
504 2300 567 2342 19.

175 2369 374 2413 XXXIII.
412 2370 671 2413 Distinctam
709 2387 809 2414 vero
840 2387 864 2413 a
893 2372 1020 2414 Patre
1048 2385 1275 2425 personam
1305 2385 1406 2422 esse,
1438 2370 1579 2411 onmia
1606 2368 1681 2410 illa

121 2442 227 2493 loca,
273 2456 380 2494 quae
418 2457 547 2496 supra
585 2458 609 2484 3
644 2442 766 2484 nobis
805 2443 934 2485 allata
972 2445 1081 2494 sunt,
1110 2442 1336 2483 manifesto
1367 2456 1535 2494 quoque
1565 2440 1681 2482 evin-

123 2516 243 2564 cunt3
282 2516 325 2556 et
360 2516 531 2568 praeter
568 2529 627 2564 ea,
667 2530 774 2568 quae
810 2516 1036 2565 testantur,
1074 2529 1170 2555 eum
1198 2528 1287 2555 esse
1316 2513 1429 2567 apud
1458 2512 1607 2563 Deum,
1637 2512 1681 2553 in

123 2587 218 2629 sinu
246 2585 401 2637 Patris,
432 2584 590 2628 Filium
617 2585 711 2637 Dei,
741 2586 917 2629 missum
947 2600 970 2627 3
997 2585 1140 2637 Patre,
1170 2585 1299 2626 alium
1323 2586 1477 2626 testem
1501 2582 1681 2635 aPatre,

123 2657 294 2700 mittere
322 2656 531 2711 Spiritum
561 2657 601 2701 S.
631 2673 656 2699 a
686 2657 825 2710 Patre,
854 2658 1085 2712 imaginem
1114 2670 1353 2710 expressam
1384 2655 1547 2706 Patris3
1576 2654 1680 2696 item

123 2729 168 2771 in
204 2729 357 2783 quibus
396 2728 525 2771 Pater
562 2729 717 2771 dicitur
754 2744 830 2783 per
866 2728 1023 2771 Filium
1061 2742 1222 2770 creasse
1261 2726 1414 2779 omnia,
1442 2727 1487 2768 in
1514 2726 1608 2780 ipso
1639 2729 1681 2769 et

124 2816 201 2855 per
240 2801 382 2855 ipsum
423 2815 500 2842 nos
544 2800 733 2854 elegisse,
775 2815 853 2843 nos
890 2801 935 2842 in
971 2801 1064 2853 ipso
1104 2798 1410 2850 reconciliasse,
1446 2800 1487 2840 et
1524 2797 1680 2840 similia

123 2872 302 2924 infinita,
332 2887 440 2925 quae
467 2871 625 2924 ubique
655 2871 695 2914 S.
725 2870 965 2925 Scripturas
992 2870 1149 2926 legenti
1181 2864 1418 2922 occurrunt,
1445 2873 1486 2912 et
1510 2869 1680 2923 expres-

125 2957 215 2985 sam
246 2943 562 2986 distinctionem
589 2945 753 2985 notant.
