1931 3224
276 163 326 203 82
889 157 1129 198 D1sPuTAT1o
1157 155 1208 196 X.

328 282 502 325 XXVII.
543 282 689 323 Cultus
725 285 766 323 et
802 282 940 322 honor
978 280 1155 332 denique
1194 277 1275 319 soli
1311 275 1403 317 Deo
1433 275 1623 324 debitus3
1652 276 1703 315 ut
1729 287 1824 315 cum

276 356 376 396 fides
414 357 455 396 et
491 354 771 395 invocationis
812 352 950 393 cultus
989 352 1027 392 ei
1065 349 1279 399 tribuitur,
1317 347 1440 389 Mat.
1479 346 1544 387 28.
1574 345 1637 386 19.
1663 345 1688 386 2
1713 343 1823 387 Cor.

275 428 336 477 13,
375 427 437 467 13.
476 426 634 479 Apoc.
674 427 710 476 1,
748 425 783 466 4.
823 427 864 465 et
903 438 924 465 e
963 422 1186 473 contrario,
1227 420 1276 461 de
1306 420 1483 472 peccato
1512 418 1556 458 in
1586 431 1682 458 eum
1710 431 1825 458 com-

275 498 403 538 misso
442 497 757 550 pronunciatur,
799 494 957 535 Omne
986 494 1268 546 peccatum
1297 491 1347 531 et
1374 487 1723 541 blasphemia
1750 502 1825 528 re-

273 569 526 609 mittetur
555 566 886 616 hominibus,
918 563 1168 617 Spiritus
1198 575 1323 603 vero
1353 558 1545 602 Sancti
1573 558 1825 612 blasphe-

273 639 373 679 mia
410 654 511 680 11011
550 638 865 679 remittetur
901 635 989 677 hic
1029 637 1118 676 aut
1155 634 1209 675 in
1247 633 1434 674 futuro
1466 630 1671 682 seculo,
1702 629 1824 672 Mat.

275 710 334 759 12,
372 710 434 750 32.
472 723 554 761 quo
584 710 804 761 peccatum
832 707 876 748 in
906 705 1114 760 Spiritum
1143 705 1357 757 Sanctum,
1387 717 1473 745 non
1500 704 1590 744 tam
1619 703 1826 754 aequatur

272 780 314 820 in
353 777 524 821 Patrem
560 778 799 831 Filiumque
836 779 1098 832 perpetrato,
1128 791 1267 829 quam,
1298 777 1412 816 certo
1441 775 1638 827 respectu
1666 772 1719 814 ad
1746 787 1824 814 nos

272 849 432 902 habito,
474 850 601 891 etiam
640 850 810 904 gravius
850 851 1054 901 censetur,
1094 864 1142 890 ac
1175 845 1467 889 irremissibile
1495 845 1823 898 pronunciatur;

275 922 387 974 quod
427 922 672 974 neutiquam
709 922 802 963 fieri
838 924 997 975 posset,
1034 921 1116 962 nisi
1155 919 1321 972 aequali
1349 921 1502 960 natura
1532 920 1574 960 01
1602 918 1825 971 majestate

274 1008 368 1034 cum
394 992 523 1034 Patre
551 992 748 1045 Filioque
777 995 898 1034 esset.

323 1063 517 1106 XXVIII.
561 1064 626 1105 Ex
668 1064 735 1106 his
779 1065 973 1118 omnibus
1010 1063 1172 1117 liquido
1211 1065 1409 1117 apparet,
1443 1065 1484 1105 et
1522 1060 1824 1114 concludimus,

271 1134 477 1187 Spiritum
519 1134 720 1176 Sanctum
766 1134 884 1177 Patri
920 1134 1114 1188 Filioque
1152 1134 1347 1186 ὃμοούσιον
1381 1148 1482 1175 0330.
1520 1132 1642 1175 Certe
1683 1133 1746 1174 ita
1780 1132 1826 1174 in

274 1205 378 1257 Deo,
408 1220 458 1247 ex
486 1205 589 1257 Deo,
621 1209 662 1248 01
691 1205 770 1248 Dei
799 1209 873 1257 est,
902 1208 950 1248 ut
977 1205 1094 1247 Deus
1123 1207 1190 1248 sit.

322 1275 476 1318 XXIX.
506 1276 647 1330 Atque
675 1277 779 1319 haec
808 1276 1057 1319 Orthodoxa
1082 1277 1132 1319 de
1153 1277 1316 1331 Spiritu
1343 1276 1500 1319 Sancto
1527 1279 1591 1318 est
1617 1276 1824 1329 doctrina,

227 1354 231 1358 “
271 1348 336 1388 001
373 1347 646 1389 adversantur
681 1348 897 1390 haereses:
935 1349 970 1390 1.
1000 1348 1252 1400 Macedonii,
1284 1349 1357 1401 qui
1385 1347 1595 1402 Spiritum
1623 1346 1827 1390 8311010111

271 1421 517 1471 creaturam,
547 1422 589 1461 et
618 1419 715 1461 Filii
746 1420 989 1461 ministrum
1020 1421 1248 1472 statuebat,
1279 1423 1408 1473 atque
1435 1420 1518 1462 hoc
1545 1421 1695 1461 nostro
1720 1433 1824 1460 aevo

272 1488 487 1542 Campani,
526 1491 699 1542 ejusque
740 1490 1006 1532 asseclarum.
1037 1489 1146 1532 Item
1174 1490 1595 1533 Antitrinitariorum
1625 1490 1825 1542 omnium,

270 1561 341 1612 qui
378 1560 460 1614 ipsi
497 1561 839 1615 πνευματομοέχοι
878 1564 988 1614 30111,
1020 1577 1068 1604 30
1097 1561 1284 1615 Spiritus
1313 1561 1460 1605 Sancti
1487 1576 1713 1616 personam
1741 1562 1826 1603 dis-

268 1631 445 1672 tinctam
485 1632 528 1672 in
565 1630 656 1672 Deo
694 1635 864 1685 negant,
907 1647 1040 1686 eoque
1078 1634 1144 1675 vel
1180 1633 1354 1676 Patrem
1390 1634 1458 1676 vel
1495 1635 1583 1688 ejus
1610 1634 1825 1685 virtutem,

270 1701 425 1742 donum
461 1703 686 1754 motusque
717 1705 898 1755 sanctos,
928 1719 975 1745 30
1004 1704 1090 1745 vim
1118 1704 1304 1746 hominis
1332 1705 1515 1759 regeniti
1542 1707 1710 1747 tantum
1737 1704 1826 1758 sig-

268 1771 430 1814 nificari
467 1772 695 1815 insaniunt.
725 1772 918 1827 Denique
951 1789 1096 1817 eorum
1123 1776 1335 1830 impietas,
1366 1777 1440 1829 qui
1464 1777 1724 1830 singularem
1748 1791 1825 1829 pa-

268 1843 509 1885 tefactionis
559 1844 730 1886 modum
778 1860 826 1887 eo
869 1845 1062 1889 denotari
1105 1846 1417 1901 blasphemant,
1459 1850 1509 1889 ut
1551 1861 1697 1890 omnes
1738 1846 1826 1889 fere

269 1913 487 1957 Libertini.

904 2076 1184 2084 *-

762 2241 1233 2291 DISPUTATIO
1274 2242 1333 2291 X.

1019 2349 1065 2372 DE

624 2422 913 2489 Mundi
979 2423 1457 2493 Oreatione.

561 2546 757 2589 Praeside
786 2547 837 2589 D.
867 2547 1146 2593 JOHANNE
1174 2550 1544 2596 POLYANDRO.

646 2638 920 2687 Respondente
947 2640 1182 2680 HENRIOO
1212 2641 1443 2682 HAMERS.

915 2742 1106 2788 THESIS
1144 2745 1176 2788 Ι.

426 2843 471 2870 m
501 2828 662 2883 Optimi
689 2829 879 2883 Maximi,
909 2847 992 2885 quo
1021 2833 1225 2877 hactenus
1253 2835 1538 2890 disseruimus,
1567 2840 1823 2881 1010033011-

427 2901 523 2953 1130,
561 2903 651 2943 10111
688 2916 966 2956 personarum
995 2908 1202 2960 respectu,
1232 2921 1339 2961 opus
1369 2909 1515 2952 ordine
1542 2910 1728 2964 primum
1757 2912 1823 2954 031

274 2970 418 3013 mundi
447 2973 615 3015 creatio.
