<?xml version="1.0" encoding="UTF-8"?>
<!DOCTYPE html PUBLIC "-//W3C//DTD XHTML 1.0 Transitional//EN"
    "http://www.w3.org/TR/xhtml1/DTD/xhtml1-transitional.dtd">
<html xmlns="http://www.w3.org/1999/xhtml" xml:lang="en" lang="en">
 <head>
  <title>
</title>
<meta http-equiv="Content-Type" content="text/html;charset=utf-8" />
  <meta name='ocr-system' content='tesseract 3.04.00' />
  <meta name='ocr-capabilities' content='ocr_page ocr_carea ocr_par ocr_line ocrx_word'/>
</head>
<body>
  <div class='ocr_page' id='page_1' title='image "./synopsispurioris00poly_0477.png"; bbox 0 0 1931 3224; ppageno 0'>
   <div class='ocr_carea' id='block_1_1' title="bbox 273 123 1628 169">
    <p class='ocr_par' dir='ltr' id='par_1_1' title="bbox 273 123 1628 169">
     <span class='ocr_line' id='line_1_1' title="bbox 273 123 1628 169; baseline -0.004 -1"><span class='ocrx_word' id='word_1_1' title='bbox 273 127 337 169; x_wconf 69' lang='lat' dir='ltr'>DE</span> <span class='ocrx_word' id='word_1_2' title='bbox 367 127 538 169; x_wconf 70' lang='lat' dir='ltr'>CHms‘ro</span> <span class='ocrx_word' id='word_1_3' title='bbox 568 124 710 168; x_wconf 76' lang='lat' dir='ltr'>CAPITE</span> <span class='ocrx_word' id='word_1_4' title='bbox 739 126 958 169; x_wconf 73' lang='lat' dir='ltr'>ECCLssiAE</span> <span class='ocrx_word' id='word_1_5' title='bbox 988 140 1035 166; x_wconf 79' lang='grc' dir='ltr'>ΕΤ</span> <span class='ocrx_word' id='word_1_6' title='bbox 1064 139 1112 167; x_wconf 70' lang='lat' dir='ltr'>Dr.</span> <span class='ocrx_word' id='word_1_7' title='bbox 1142 124 1427 166; x_wconf 73' lang='lat' dir='ltr'>ANTmHRIs&#39;ro.</span> <span class='ocrx_word' id='word_1_8' title='bbox 1551 123 1628 164; x_wconf 76' lang='lat'>457</span> 
     </span>
    </p>
   </div>
   <div class='ocr_carea' id='block_1_2' title="bbox 74 247 1638 1447">
    <p class='ocr_par' dir='ltr' id='par_1_2' title="bbox 74 247 1638 1076">
     <span class='ocr_line' id='line_1_2' title="bbox 75 247 1634 304; baseline -0.003 -12"><span class='ocrx_word' id='word_1_9' title='bbox 75 251 185 293; x_wconf 90' lang='lat' dir='ltr'>fidei.</span> <span class='ocrx_word' id='word_1_10' title='bbox 215 250 326 300; x_wconf 77' lang='lat' dir='ltr'>Quin</span> <span class='ocrx_word' id='word_1_11' title='bbox 355 251 391 292; x_wconf 88' lang='lat' dir='ltr'>si</span> <span class='ocrx_word' id='word_1_12' title='bbox 422 251 516 304; x_wconf 87' lang='lat' dir='ltr'>quis</span> <span class='ocrx_word' id='word_1_13' title='bbox 546 251 862 293; x_wconf 85' lang='lat' dir='ltr'>oecumenicum</span> <span class='ocrx_word' id='word_1_14' title='bbox 891 250 1153 304; x_wconf 78' lang='lat' dir='ltr'>Episcopum</span> <span class='ocrx_word' id='word_1_15' title='bbox 1182 264 1225 291; x_wconf 89' lang='lat' dir='ltr'>se</span> <span class='ocrx_word' id='word_1_16' title='bbox 1252 247 1365 300; x_wconf 89' lang='lat' dir='ltr'>dicit,</span> <span class='ocrx_word' id='word_1_17' title='bbox 1394 262 1481 289; x_wconf 90' lang='lat' dir='ltr'>non</span> <span class='ocrx_word' id='word_1_18' title='bbox 1509 247 1634 288; x_wconf 92' lang='lat' dir='ltr'>modo</span> 
     </span>
     <span class='ocr_line' id='line_1_3' title="bbox 77 320 1636 374; baseline -0.003 -11"><span class='ocrx_word' id='word_1_19' title='bbox 77 322 320 363; x_wconf 70' lang='lat' dir='ltr'>dominatur</span> <span class='ocrx_word' id='word_1_20' title='bbox 355 322 399 363; x_wconf 93' lang='lat' dir='ltr'>in</span> <span class='ocrx_word' id='word_1_21' title='bbox 437 322 608 374; x_wconf 90' lang='lat' dir='ltr'>clerum,</span> <span class='ocrx_word' id='word_1_22' title='bbox 649 323 669 363; x_wconf 90' lang='lat'>1</span> <span class='ocrx_word' id='word_1_23' title='bbox 699 321 791 364; x_wconf 86' lang='lat' dir='ltr'>Pet.</span> <span class='ocrx_word' id='word_1_24' title='bbox 820 321 857 373; x_wconf 84' lang='lat'>5,</span> <span class='ocrx_word' id='word_1_25' title='bbox 885 322 921 362; x_wconf 82' lang='lat'>3.</span> <span class='ocrx_word' id='word_1_26' title='bbox 952 321 1025 362; x_wconf 90' lang='lat' dir='ltr'>sed</span> <span class='ocrx_word' id='word_1_27' title='bbox 1054 323 1096 362; x_wconf 87' lang='lat' dir='ltr'>et</span> <span class='ocrx_word' id='word_1_28' title='bbox 1124 320 1168 361; x_wconf 89' lang='lat' dir='ltr'>in</span> <span class='ocrx_word' id='word_1_29' title='bbox 1198 334 1421 362; x_wconf 81' lang='lat' dir='ltr'>conservos</span> <span class='ocrx_word' id='word_1_30' title='bbox 1452 321 1493 360; x_wconf 93' lang='lat' dir='ltr'>et</span> <span class='ocrx_word' id='word_1_31' title='bbox 1522 333 1636 372; x_wconf 86' lang='lat' dir='ltr'>sym-</span> 
     </span>
     <span class='ocr_line' id='line_1_4' title="bbox 75 391 1637 446; baseline -0.002 -12"><span class='ocrx_word' id='word_1_32' title='bbox 75 393 349 446; x_wconf 81' lang='lat' dir='ltr'>presbyteros</span> <span class='ocrx_word' id='word_1_33' title='bbox 373 396 602 446; x_wconf 85' lang='lat' dir='ltr'>tyrannum</span> <span class='ocrx_word' id='word_1_34' title='bbox 628 393 731 446; x_wconf 68' lang='lat' dir='ltr'>agii,</span> <span class='ocrx_word' id='word_1_35' title='bbox 757 395 905 435; x_wconf 86' lang='lat' dir='ltr'>contra</span> <span class='ocrx_word' id='word_1_36' title='bbox 930 392 1175 433; x_wconf 87' lang='lat' dir='ltr'>mandatum</span> <span class='ocrx_word' id='word_1_37' title='bbox 1200 391 1369 442; x_wconf 85' lang='lat' dir='ltr'>Christi,</span> <span class='ocrx_word' id='word_1_38' title='bbox 1397 391 1637 444; x_wconf 86' lang='lat' dir='ltr'>disceptan-</span> 
     </span>
     <span class='ocr_line' id='line_1_5' title="bbox 74 462 1638 517; baseline -0.001 -13"><span class='ocrx_word' id='word_1_39' title='bbox 74 463 190 504; x_wconf 89' lang='lat' dir='ltr'>tibus</span> <span class='ocrx_word' id='word_1_40' title='bbox 227 463 456 517; x_wconf 80' lang='lat' dir='ltr'>discipulis,</span> <span class='ocrx_word' id='word_1_41' title='bbox 497 463 591 516; x_wconf 87' lang='lat' dir='ltr'>quis</span> <span class='ocrx_word' id='word_1_42' title='bbox 619 464 811 517; x_wconf 89' lang='lat' dir='ltr'>ipsorum</span> <span class='ocrx_word' id='word_1_43' title='bbox 839 465 976 516; x_wconf 85' lang='lat' dir='ltr'>major</span> <span class='ocrx_word' id='word_1_44' title='bbox 1005 465 1126 514; x_wconf 86' lang='lat' dir='ltr'>esset,</span> <span class='ocrx_word' id='word_1_45' title='bbox 1155 465 1221 504; x_wconf 86' lang='lat' dir='ltr'>ter</span> <span class='ocrx_word' id='word_1_46' title='bbox 1248 462 1492 516; x_wconf 87' lang='lat' dir='ltr'>repetitum,</span> <span class='ocrx_word' id='word_1_47' title='bbox 1522 462 1638 503; x_wconf 87' lang='lat' dir='ltr'>vide-</span> 
     </span>
     <span class='ocr_line' id='line_1_6' title="bbox 75 534 1634 588; baseline -0.002 -11"><span class='ocrx_word' id='word_1_48' title='bbox 75 536 175 577; x_wconf 89' lang='lat' dir='ltr'>licet</span> <span class='ocrx_word' id='word_1_49' title='bbox 214 535 259 576; x_wconf 89' lang='lat' dir='ltr'>in</span> <span class='ocrx_word' id='word_1_50' title='bbox 300 535 451 577; x_wconf 86' lang='lat' dir='ltr'>itinere</span> <span class='ocrx_word' id='word_1_51' title='bbox 490 534 755 588; x_wconf 83' lang='lat' dir='ltr'>Capernaum</span> <span class='ocrx_word' id='word_1_52' title='bbox 792 550 949 577; x_wconf 87' lang='lat' dir='ltr'>versus.</span> <span class='ocrx_word' id='word_1_53' title='bbox 988 535 1112 576; x_wconf 87' lang='lat' dir='ltr'>Matt.</span> <span class='ocrx_word' id='word_1_54' title='bbox 1152 535 1215 586; x_wconf 84' lang='grc'>18,</span> <span class='ocrx_word' id='word_1_55' title='bbox 1252 535 1289 575; x_wconf 90' lang='grc'>1.</span> <span class='ocrx_word' id='word_1_56' title='bbox 1329 534 1458 575; x_wconf 87' lang='lat' dir='ltr'>Marc.</span> <span class='ocrx_word' id='word_1_57' title='bbox 1496 535 1532 585; x_wconf 83' lang='lat'>9,</span> <span class='ocrx_word' id='word_1_58' title='bbox 1572 534 1634 574; x_wconf 82' lang='lat'>33.</span> 
     </span>
     <span class='ocr_line' id='line_1_7' title="bbox 76 605 1635 660; baseline -0.001 -12"><span class='ocrx_word' id='word_1_59' title='bbox 76 606 174 648; x_wconf 87' lang='lat' dir='ltr'>Luc.</span> <span class='ocrx_word' id='word_1_60' title='bbox 211 607 249 658; x_wconf 84' lang='lat'>9,</span> <span class='ocrx_word' id='word_1_61' title='bbox 285 607 349 647; x_wconf 82' lang='lat'>46.</span> <span class='ocrx_word' id='word_1_62' title='bbox 389 621 523 660; x_wconf 89' lang='lat' dir='ltr'>prope</span> <span class='ocrx_word' id='word_1_63' title='bbox 561 606 747 659; x_wconf 83' lang='lat' dir='ltr'>Jericho,</span> <span class='ocrx_word' id='word_1_64' title='bbox 786 606 910 648; x_wconf 86' lang='lat' dir='ltr'>Matt.</span> <span class='ocrx_word' id='word_1_65' title='bbox 949 608 1011 658; x_wconf 91' lang='lat'>20,</span> <span class='ocrx_word' id='word_1_66' title='bbox 1042 608 1106 648; x_wconf 83' lang='lat'>21.</span> <span class='ocrx_word' id='word_1_67' title='bbox 1134 606 1264 648; x_wconf 84' lang='lat' dir='ltr'>Marc.</span> <span class='ocrx_word' id='word_1_68' title='bbox 1296 607 1358 657; x_wconf 89' lang='grc'>10,</span> <span class='ocrx_word' id='word_1_69' title='bbox 1387 606 1451 647; x_wconf 80' lang='lat'>35.</span> <span class='ocrx_word' id='word_1_70' title='bbox 1482 605 1635 646; x_wconf 85' lang='lat' dir='ltr'>Hiero-</span> 
     </span>
     <span class='ocr_line' id='line_1_8' title="bbox 77 676 1637 732; baseline -0.002 -12"><span class='ocrx_word' id='word_1_71' title='bbox 77 679 251 732; x_wconf 84' lang='lat' dir='ltr'>solymis</span> <span class='ocrx_word' id='word_1_72' title='bbox 288 678 333 719; x_wconf 91' lang='grc'>111</span> <span class='ocrx_word' id='word_1_73' title='bbox 370 692 488 719; x_wconf 84' lang='lat' dir='ltr'>sacra</span> <span class='ocrx_word' id='word_1_74' title='bbox 526 677 679 729; x_wconf 85' lang='lat' dir='ltr'>Coena,</span> <span class='ocrx_word' id='word_1_75' title='bbox 717 677 813 719; x_wconf 89' lang='lat' dir='ltr'>Luc.</span> <span class='ocrx_word' id='word_1_76' title='bbox 853 679 916 729; x_wconf 90' lang='lat'>22,</span> <span class='ocrx_word' id='word_1_77' title='bbox 956 678 1018 719; x_wconf 84' lang='lat'>24.</span> <span class='ocrx_word' id='word_1_78' title='bbox 1048 677 1111 719; x_wconf 88' lang='lat' dir='ltr'>Ac</span> <span class='ocrx_word' id='word_1_79' title='bbox 1142 692 1190 718; x_wconf 92' lang='lat' dir='ltr'>eo</span> <span class='ocrx_word' id='word_1_80' title='bbox 1221 676 1491 730; x_wconf 83' lang='lat' dir='ltr'>Diotrephen</span> <span class='ocrx_word' id='word_1_81' title='bbox 1519 680 1637 730; x_wconf 76' lang='grc' dir='ltr'><em>φιλο-</em></span> 
     </span>
     <span class='ocr_line' id='line_1_9' title="bbox 76 747 1636 802; baseline -0.003 -10"><span class='ocrx_word' id='word_1_82' title='bbox 76 750 323 802; x_wconf 67' lang='grc' dir='ltr'>πρωτεύοντκ</span> <span class='ocrx_word' id='word_1_83' title='bbox 354 749 603 791; x_wconf 86' lang='lat' dir='ltr'>aemulatur.</span> <span class='ocrx_word' id='word_1_84' title='bbox 633 749 756 798; x_wconf 79' lang='lat' dir='ltr'>Quod</span> <span class='ocrx_word' id='word_1_85' title='bbox 786 752 928 790; x_wconf 85' lang='lat' dir='ltr'>autem</span> <span class='ocrx_word' id='word_1_86' title='bbox 953 748 1106 790; x_wconf 88' lang='lat' dir='ltr'>dicitur</span> <span class='ocrx_word' id='word_1_87' title='bbox 1136 748 1258 789; x_wconf 89' lang='lat' dir='ltr'>Matt.</span> <span class='ocrx_word' id='word_1_88' title='bbox 1288 749 1350 789; x_wconf 83' lang='lat'>20.</span> <span class='ocrx_word' id='word_1_89' title='bbox 1382 751 1424 789; x_wconf 85' lang='lat' dir='ltr'>et</span> <span class='ocrx_word' id='word_1_90' title='bbox 1447 747 1544 788; x_wconf 91' lang='lat' dir='ltr'>Luc.</span> <span class='ocrx_word' id='word_1_91' title='bbox 1573 749 1636 788; x_wconf 92' lang='lat'>22.</span> 
     </span>
     <span class='ocr_line' id='line_1_10' title="bbox 78 819 1637 872; baseline -0.002 -10"><span class='ocrx_word' id='word_1_92' title='bbox 78 820 165 862; x_wconf 89' lang='lat' dir='ltr'>Vos</span> <span class='ocrx_word' id='word_1_93' title='bbox 203 836 288 862; x_wconf 92' lang='lat' dir='ltr'>non</span> <span class='ocrx_word' id='word_1_94' title='bbox 325 822 396 872; x_wconf 88' lang='lat' dir='ltr'>sic,</span> <span class='ocrx_word' id='word_1_95' title='bbox 436 821 497 862; x_wconf 84' lang='lat' dir='ltr'>ibi</span> <span class='ocrx_word' id='word_1_96' title='bbox 534 836 626 862; x_wconf 85' lang='lat' dir='ltr'>vos</span> <span class='ocrx_word' id='word_1_97' title='bbox 663 835 765 862; x_wconf 87' lang='lat' dir='ltr'>non</span> <span class='ocrx_word' id='word_1_98' title='bbox 804 820 899 872; x_wconf 86' lang='lat' dir='ltr'>sic,</span> <span class='ocrx_word' id='word_1_99' title='bbox 929 835 1015 861; x_wconf 92' lang='lat' dir='ltr'>non</span> <span class='ocrx_word' id='word_1_100' title='bbox 1045 819 1346 861; x_wconf 88' lang='lat' dir='ltr'>dominationis</span> <span class='ocrx_word' id='word_1_101' title='bbox 1374 819 1560 870; x_wconf 89' lang='lat' dir='ltr'>modum,</span> <span class='ocrx_word' id='word_1_102' title='bbox 1589 821 1637 860; x_wconf 89' lang='lat' dir='ltr'>ut</span> 
     </span>
     <span class='ocr_line' id='line_1_11' title="bbox 75 889 1638 945; baseline -0.001 -13"><span class='ocrx_word' id='word_1_103' title='bbox 75 891 361 934; x_wconf 84' lang='lat' dir='ltr'>Bellarminus</span> <span class='ocrx_word' id='word_1_104' title='bbox 382 893 486 944; x_wconf 84' lang='lat' dir='ltr'>vult,</span> <span class='ocrx_word' id='word_1_105' title='bbox 513 893 585 934; x_wconf 90' lang='lat' dir='ltr'>sed</span> <span class='ocrx_word' id='word_1_106' title='bbox 610 907 698 933; x_wconf 85' lang='lat' dir='ltr'>rem</span> <span class='ocrx_word' id='word_1_107' title='bbox 722 891 861 945; x_wconf 88' lang='lat' dir='ltr'>ipsam</span> <span class='ocrx_word' id='word_1_108' title='bbox 883 893 1017 942; x_wconf 89' lang='lat' dir='ltr'>notat,</span> <span class='ocrx_word' id='word_1_109' title='bbox 1044 890 1225 943; x_wconf 87' lang='lat' dir='ltr'>qualiter</span> <span class='ocrx_word' id='word_1_110' title='bbox 1250 890 1318 931; x_wconf 88' lang='lat' dir='ltr'>Ps.</span> <span class='ocrx_word' id='word_1_111' title='bbox 1350 891 1385 931; x_wconf 85' lang='lat'>1.</span> <span class='ocrx_word' id='word_1_112' title='bbox 1414 889 1533 931; x_wconf 88' lang='lat' dir='ltr'>Non</span> <span class='ocrx_word' id='word_1_113' title='bbox 1562 890 1638 931; x_wconf 89' lang='lat' dir='ltr'>sic</span> 
     </span>
     <span class='ocr_line' id='line_1_12' title="bbox 75 961 1637 1017; baseline -0.002 -12"><span class='ocrx_word' id='word_1_114' title='bbox 75 964 251 1017; x_wconf 89' lang='lat' dir='ltr'>impii,</span> <span class='ocrx_word' id='word_1_115' title='bbox 292 966 332 1005; x_wconf 97' lang='grc'>01</span> <span class='ocrx_word' id='word_1_116' title='bbox 369 963 438 1005; x_wconf 88' lang='lat' dir='ltr'>Ps.</span> <span class='ocrx_word' id='word_1_117' title='bbox 480 964 569 1004; x_wconf 84' lang='lat'>147.</span> <span class='ocrx_word' id='word_1_118' title='bbox 608 962 725 1005; x_wconf 90' lang='lat' dir='ltr'>Non</span> <span class='ocrx_word' id='word_1_119' title='bbox 763 963 839 1004; x_wconf 90' lang='lat' dir='ltr'>sic</span> <span class='ocrx_word' id='word_1_120' title='bbox 876 961 1013 1004; x_wconf 86' lang='lat' dir='ltr'>facit</span> <span class='ocrx_word' id='word_1_121' title='bbox 1052 962 1191 1004; x_wconf 86' lang='lat' dir='ltr'>omni</span> <span class='ocrx_word' id='word_1_122' title='bbox 1220 961 1459 1013; x_wconf 85' lang='lat' dir='ltr'>nationi,</span> <span class='ocrx_word' id='word_1_123' title='bbox 1489 961 1532 1002; x_wconf 91' lang='lat' dir='ltr'>id</span> <span class='ocrx_word' id='word_1_124' title='bbox 1562 964 1637 1012; x_wconf 88' lang='lat' dir='ltr'>est,</span> 
     </span>
     <span class='ocr_line' id='line_1_13' title="bbox 75 1034 243 1076; baseline 0 0"><span class='ocrx_word' id='word_1_125' title='bbox 75 1049 160 1076; x_wconf 90' lang='lat' dir='ltr'>non</span> <span class='ocrx_word' id='word_1_126' title='bbox 188 1034 243 1076; x_wconf 89' lang='lat' dir='ltr'>id.</span> 
     </span>
    </p>

    <p class='ocr_par' dir='ltr' id='par_1_3' title="bbox 74 1103 1638 1447">
     <span class='ocr_line' id='line_1_14' title="bbox 127 1103 1638 1158; baseline -0.001 -12"><span class='ocrx_word' id='word_1_127' title='bbox 127 1104 213 1146; x_wconf 89' lang='lat' dir='ltr'>XL.</span> <span class='ocrx_word' id='word_1_128' title='bbox 256 1104 321 1146; x_wconf 87' lang='lat' dir='ltr'>Ex</span> <span class='ocrx_word' id='word_1_129' title='bbox 366 1105 518 1158; x_wconf 86' lang='lat' dir='ltr'>quibus</span> <span class='ocrx_word' id='word_1_130' title='bbox 557 1104 704 1157; x_wconf 89' lang='lat' dir='ltr'>utique</span> <span class='ocrx_word' id='word_1_131' title='bbox 742 1106 933 1158; x_wconf 84' lang='lat' dir='ltr'>apparet,</span> <span class='ocrx_word' id='word_1_132' title='bbox 972 1104 1307 1146; x_wconf 71' lang='lat' dir='ltr'>Pontificem</span> <span class='ocrx_word' id='word_1_133' title='bbox 1346 1106 1396 1145; x_wconf 87' lang='lat' dir='ltr'>et</span> <span class='ocrx_word' id='word_1_134' title='bbox 1433 1103 1638 1157; x_wconf 80' lang='lat' dir='ltr'>Papam</span> 
     </span>
     <span class='ocr_line' id='line_1_15' title="bbox 76 1174 1637 1228; baseline -0.002 -10"><span class='ocrx_word' id='word_1_135' title='bbox 76 1176 277 1218; x_wconf 82' lang='lat' dir='ltr'>Roman</span> <span class='ocrx_word' id='word_1_136' title='bbox 288 1192 369 1218; x_wconf 91' lang='lat' dir='ltr'>um</span> <span class='ocrx_word' id='word_1_137' title='bbox 402 1192 549 1219; x_wconf 81' lang='lat' dir='ltr'>revera</span> <span class='ocrx_word' id='word_1_138' title='bbox 576 1176 780 1218; x_wconf 87' lang='lat' dir='ltr'>Antich</span> <span class='ocrx_word' id='word_1_139' title='bbox 791 1177 986 1217; x_wconf 89' lang='lat' dir='ltr'>ristum</span> <span class='ocrx_word' id='word_1_140' title='bbox 1015 1178 1057 1217; x_wconf 90' lang='grc'>01</span> <span class='ocrx_word' id='word_1_141' title='bbox 1084 1175 1218 1216; x_wconf 75' lang='lat' dir='ltr'>filiuni</span> <span class='ocrx_word' id='word_1_142' title='bbox 1248 1175 1513 1228; x_wconf 83' lang='lat' dir='ltr'>perditionis,</span> <span class='ocrx_word' id='word_1_143' title='bbox 1541 1174 1637 1216; x_wconf 78' lang='lat' dir='ltr'>Ro-</span> 
     </span>
     <span class='ocr_line' id='line_1_16' title="bbox 74 1247 1638 1302; baseline -0.001 -13"><span class='ocrx_word' id='word_1_144' title='bbox 74 1263 278 1289; x_wconf 88' lang='lat' dir='ltr'>manam</span> <span class='ocrx_word' id='word_1_145' title='bbox 315 1263 441 1290; x_wconf 84' lang='lat' dir='ltr'>vero</span> <span class='ocrx_word' id='word_1_146' title='bbox 478 1249 805 1301; x_wconf 81' lang='lat' dir='ltr'>Ecclesiam,</span> <span class='ocrx_word' id='word_1_147' title='bbox 845 1248 1116 1302; x_wconf 87' lang='lat' dir='ltr'>Papanam</span> <span class='ocrx_word' id='word_1_148' title='bbox 1154 1250 1204 1289; x_wconf 88' lang='lat' dir='ltr'>et</span> <span class='ocrx_word' id='word_1_149' title='bbox 1242 1247 1638 1288; x_wconf 84' lang='lat' dir='ltr'>Antichristia-</span> 
     </span>
     <span class='ocr_line' id='line_1_17' title="bbox 75 1318 1638 1374; baseline -0.002 -12"><span class='ocrx_word' id='word_1_150' title='bbox 75 1336 190 1362; x_wconf 88' lang='lat' dir='ltr'>nam</span> <span class='ocrx_word' id='word_1_151' title='bbox 219 1335 345 1362; x_wconf 88' lang='lat' dir='ltr'>esse.</span> <span class='ocrx_word' id='word_1_152' title='bbox 377 1320 505 1374; x_wconf 82' lang='lat' dir='ltr'>Cujus</span> <span class='ocrx_word' id='word_1_153' title='bbox 535 1321 770 1374; x_wconf 81' lang='lat' dir='ltr'>pleniorem</span> <span class='ocrx_word' id='word_1_154' title='bbox 798 1320 1217 1371; x_wconf 72' lang='lat' dir='ltr'>demonstrationem,</span> <span class='ocrx_word' id='word_1_155' title='bbox 1244 1319 1298 1360; x_wconf 89' lang='lat' dir='ltr'>ob</span> <span class='ocrx_word' id='word_1_156' title='bbox 1323 1318 1525 1360; x_wconf 84' lang='lat' dir='ltr'>materiae</span> <span class='ocrx_word' id='word_1_157' title='bbox 1550 1333 1638 1360; x_wconf 86' lang='lat' dir='ltr'>am-</span> 
     </span>
     <span class='ocr_line' id='line_1_18' title="bbox 74 1391 1186 1447; baseline -0.002 -13"><span class='ocrx_word' id='word_1_158' title='bbox 74 1392 339 1446; x_wconf 88' lang='lat' dir='ltr'>plitudinem,</span> <span class='ocrx_word' id='word_1_159' title='bbox 370 1393 413 1434; x_wconf 90' lang='lat' dir='ltr'>in</span> <span class='ocrx_word' id='word_1_160' title='bbox 442 1393 569 1435; x_wconf 89' lang='lat' dir='ltr'>aliam</span> <span class='ocrx_word' id='word_1_161' title='bbox 599 1393 932 1447; x_wconf 86' lang='lat' dir='ltr'>disputationem</span> <span class='ocrx_word' id='word_1_162' title='bbox 959 1391 1186 1445; x_wconf 82' lang='lat' dir='ltr'>rejicimus.</span> 
     </span>
    </p>
   </div>
   <div class='ocr_carea' id='block_1_3' title="bbox 141 1729 1571 1785">
    <p class='ocr_par' dir='ltr' id='par_1_4' title="bbox 141 1729 1571 1785">
     <span class='ocr_line' id='line_1_19' title="bbox 141 1729 1571 1785; baseline -0.003 -12"><span class='ocrx_word' id='word_1_163' title='bbox 141 1732 422 1785; x_wconf 81' lang='lat' dir='ltr'>Augustinus,</span> <span class='ocrx_word' id='word_1_164' title='bbox 452 1732 583 1774; x_wconf 81' lang='lat' dir='ltr'>Serm.</span> <span class='ocrx_word' id='word_1_165' title='bbox 615 1732 677 1784; x_wconf 85' lang='lat'>13,</span> <span class='ocrx_word' id='word_1_166' title='bbox 709 1732 758 1773; x_wconf 90' lang='lat' dir='ltr'>de</span> <span class='ocrx_word' id='word_1_167' title='bbox 787 1731 927 1773; x_wconf 84' lang='lat' dir='ltr'>verbis</span> <span class='ocrx_word' id='word_1_168' title='bbox 955 1729 1130 1772; x_wconf 84' lang='lat' dir='ltr'>Domini</span> <span class='ocrx_word' id='word_1_169' title='bbox 1159 1729 1387 1771; x_wconf 86' lang='lat' dir='ltr'>secundum</span> <span class='ocrx_word' id='word_1_170' title='bbox 1416 1729 1571 1770; x_wconf 88' lang='lat' dir='ltr'>Matth.</span> 
     </span>
    </p>
   </div>
   <div class='ocr_carea' id='block_1_4' title="bbox 77 1854 1640 2123">
    <p class='ocr_par' dir='ltr' id='par_1_5' title="bbox 77 1854 1640 2123">
     <span class='ocr_line' id='line_1_20' title="bbox 130 1854 1640 1910; baseline -0.003 -12"><span class='ocrx_word' id='word_1_171' title='bbox 130 1856 194 1898; x_wconf 84' lang='lat' dir='ltr'>Tu</span> <span class='ocrx_word' id='word_1_172' title='bbox 223 1871 266 1898; x_wconf 92' lang='lat' dir='ltr'>es</span> <span class='ocrx_word' id='word_1_173' title='bbox 295 1871 447 1910; x_wconf 84' lang='lat' dir='ltr'>ergo,</span> <span class='ocrx_word' id='word_1_174' title='bbox 477 1856 680 1910; x_wconf 87' lang='lat' dir='ltr'>inquit,</span> <span class='ocrx_word' id='word_1_175' title='bbox 710 1856 875 1907; x_wconf 87' lang='lat' dir='ltr'>Petrus,</span> <span class='ocrx_word' id='word_1_176' title='bbox 907 1858 948 1897; x_wconf 89' lang='lat' dir='ltr'>et</span> <span class='ocrx_word' id='word_1_177' title='bbox 977 1870 1101 1910; x_wconf 88' lang='lat' dir='ltr'>super</span> <span class='ocrx_word' id='word_1_178' title='bbox 1131 1855 1238 1896; x_wconf 85' lang='lat' dir='ltr'>hanc</span> <span class='ocrx_word' id='word_1_179' title='bbox 1269 1854 1454 1905; x_wconf 80' lang='lat' dir='ltr'>Petram,</span> <span class='ocrx_word' id='word_1_180' title='bbox 1486 1868 1550 1906; x_wconf 89' lang='lat' dir='ltr'>qu</span> <span class='ocrx_word' id='word_1_181' title='bbox 1563 1868 1640 1895; x_wconf 88' lang='lat' dir='ltr'>am</span> 
     </span>
     <span class='ocr_line' id='line_1_21' title="bbox 77 1925 1639 1981; baseline -0.002 -13"><span class='ocrx_word' id='word_1_182' title='bbox 77 1928 393 1981; x_wconf 86' lang='lat' dir='ltr'>cognovisti</span> <span class='ocrx_word' id='word_1_183' title='bbox 435 1928 638 1979; x_wconf 88' lang='lat' dir='ltr'>dicens,</span> <span class='ocrx_word' id='word_1_184' title='bbox 680 1927 744 1969; x_wconf 89' lang='lat' dir='ltr'>Tu</span> <span class='ocrx_word' id='word_1_185' title='bbox 781 1942 823 1969; x_wconf 84' lang='lat' dir='ltr'>es</span> <span class='ocrx_word' id='word_1_186' title='bbox 862 1926 1054 1968; x_wconf 82' lang='lat' dir='ltr'>Christus</span> <span class='ocrx_word' id='word_1_187' title='bbox 1092 1925 1226 1967; x_wconf 87' lang='lat' dir='ltr'>Filius</span> <span class='ocrx_word' id='word_1_188' title='bbox 1256 1925 1337 1967; x_wconf 90' lang='lat' dir='ltr'>Dei</span> <span class='ocrx_word' id='word_1_189' title='bbox 1369 1925 1464 1976; x_wconf 89' lang='lat' dir='ltr'>vivi,</span> <span class='ocrx_word' id='word_1_190' title='bbox 1495 1925 1639 1966; x_wconf 89' lang='lat' dir='ltr'>aedifi-</span> 
     </span>
     <span class='ocr_line' id='line_1_22' title="bbox 78 1997 1640 2052; baseline -0.003 -12"><span class='ocrx_word' id='word_1_191' title='bbox 78 1998 182 2040; x_wconf 87' lang='lat' dir='ltr'>cabo</span> <span class='ocrx_word' id='word_1_192' title='bbox 221 1999 456 2041; x_wconf 84' lang='lat' dir='ltr'>Ecclesiam</span> <span class='ocrx_word' id='word_1_193' title='bbox 495 2014 644 2050; x_wconf 87' lang='lat' dir='ltr'>meam,</span> <span class='ocrx_word' id='word_1_194' title='bbox 683 2014 845 2052; x_wconf 86' lang='lat' dir='ltr'>super</span> <span class='ocrx_word' id='word_1_195' title='bbox 883 2013 958 2040; x_wconf 90' lang='lat' dir='ltr'>me</span> <span class='ocrx_word' id='word_1_196' title='bbox 988 1997 1299 2040; x_wconf 84' lang='lat' dir='ltr'>aedificabo</span> <span class='ocrx_word' id='word_1_197' title='bbox 1329 2000 1401 2048; x_wconf 87' lang='lat' dir='ltr'>te,</span> <span class='ocrx_word' id='word_1_198' title='bbox 1431 2011 1535 2038; x_wconf 91' lang='lat' dir='ltr'>non</span> <span class='ocrx_word' id='word_1_199' title='bbox 1564 2011 1640 2037; x_wconf 92' lang='lat' dir='ltr'>me</span> 
     </span>
     <span class='ocr_line' id='line_1_23' title="bbox 78 2072 1167 2123; baseline 0.001 -13"><span class='ocrx_word' id='word_1_200' title='bbox 78 2084 236 2123; x_wconf 85' lang='lat' dir='ltr'>super</span> <span class='ocrx_word' id='word_1_201' title='bbox 263 2072 326 2112; x_wconf 89' lang='lat' dir='ltr'>te.</span> <span class='ocrx_word' id='word_1_202' title='bbox 1165 2077 1167 2079; x_wconf 82' lang='grc'><strong>’</strong></span> 
     </span>
    </p>
   </div>
   <div class='ocr_carea' id='block_1_5' title="bbox 515 2194 1203 2248">
    <p class='ocr_par' dir='ltr' id='par_1_6' title="bbox 515 2194 1203 2248">
     <span class='ocr_line' id='line_1_24' title="bbox 515 2194 1203 2248; baseline -0.001 -11"><span class='ocrx_word' id='word_1_203' title='bbox 515 2194 644 2248; x_wconf 89' lang='lat' dir='ltr'>Idem,</span> <span class='ocrx_word' id='word_1_204' title='bbox 677 2195 881 2237; x_wconf 86' lang='lat' dir='ltr'>Tractatu</span> <span class='ocrx_word' id='word_1_205' title='bbox 911 2195 956 2236; x_wconf 86' lang='lat' dir='ltr'>in</span> <span class='ocrx_word' id='word_1_206' title='bbox 984 2194 1084 2237; x_wconf 86' lang='lat' dir='ltr'>Joh.</span> <span class='ocrx_word' id='word_1_207' title='bbox 1114 2195 1203 2236; x_wconf 83' lang='lat'>124.</span> 
     </span>
    </p>
   </div>
   <div class='ocr_carea' id='block_1_6' title="bbox 79 2301 1642 2640">
    <p class='ocr_par' dir='ltr' id='par_1_7' title="bbox 79 2301 1642 2640">
     <span class='ocr_line' id='line_1_25' title="bbox 133 2301 1639 2362; baseline -0.001 -18"><span class='ocrx_word' id='word_1_208' title='bbox 133 2302 269 2355; x_wconf 81' lang='lat' dir='ltr'>Super</span> <span class='ocrx_word' id='word_1_209' title='bbox 313 2301 436 2354; x_wconf 89' lang='lat' dir='ltr'>hanc,</span> <span class='ocrx_word' id='word_1_210' title='bbox 478 2302 684 2362; x_wconf 84' lang='lat' dir='ltr'>inquit,</span> <span class='ocrx_word' id='word_1_211' title='bbox 725 2303 899 2345; x_wconf 81' lang='lat' dir='ltr'>Petram</span> <span class='ocrx_word' id='word_1_212' title='bbox 942 2302 1171 2344; x_wconf 88' lang='lat' dir='ltr'>aedificabo</span> <span class='ocrx_word' id='word_1_213' title='bbox 1213 2301 1449 2344; x_wconf 88' lang='lat' dir='ltr'>Ecclesiam</span> <span class='ocrx_word' id='word_1_214' title='bbox 1490 2316 1639 2343; x_wconf 87' lang='lat' dir='ltr'>meam.</span> 
     </span>
     <span class='ocr_line' id='line_1_26' title="bbox 79 2372 1642 2427; baseline -0.001 -14"><span class='ocrx_word' id='word_1_215' title='bbox 79 2372 244 2414; x_wconf 86' lang='lat' dir='ltr'>Petra</span> <span class='ocrx_word' id='word_1_216' title='bbox 273 2372 410 2413; x_wconf 90' lang='lat' dir='ltr'>enim</span> <span class='ocrx_word' id='word_1_217' title='bbox 440 2375 556 2414; x_wconf 88' lang='lat' dir='ltr'>erat</span> <span class='ocrx_word' id='word_1_218' title='bbox 584 2372 858 2425; x_wconf 79' lang='lat' dir='ltr'>Christus,</span> <span class='ocrx_word' id='word_1_219' title='bbox 885 2388 1046 2427; x_wconf 88' lang='lat' dir='ltr'>super</span> <span class='ocrx_word' id='word_1_220' title='bbox 1070 2373 1212 2425; x_wconf 87' lang='lat' dir='ltr'>quod</span> <span class='ocrx_word' id='word_1_221' title='bbox 1233 2372 1642 2414; x_wconf 88' lang='lat' dir='ltr'>fundamentum</span> 
     </span>
     <span class='ocr_line' id='line_1_27' title="bbox 81 2443 1641 2497; baseline -0.001 -12"><span class='ocrx_word' id='word_1_222' title='bbox 81 2443 243 2485; x_wconf 86' lang='lat' dir='ltr'>etiam</span> <span class='ocrx_word' id='word_1_223' title='bbox 293 2443 408 2497; x_wconf 89' lang='lat' dir='ltr'>ipse</span> <span class='ocrx_word' id='word_1_224' title='bbox 460 2443 795 2486; x_wconf 87' lang='lat' dir='ltr'>aedificatus</span> <span class='ocrx_word' id='word_1_225' title='bbox 838 2447 918 2486; x_wconf 85' lang='lat' dir='ltr'>est</span> <span class='ocrx_word' id='word_1_226' title='bbox 960 2444 1170 2486; x_wconf 81' lang='lat' dir='ltr'>Petrus.</span> <span class='ocrx_word' id='word_1_227' title='bbox 1214 2444 1641 2485; x_wconf 89' lang='lat' dir='ltr'>Fundamentum</span> 
     </span>
     <span class='ocr_line' id='line_1_28' title="bbox 82 2514 1642 2569; baseline -0.001 -14"><span class='ocrx_word' id='word_1_228' title='bbox 82 2515 282 2569; x_wconf 88' lang='lat' dir='ltr'>quippe</span> <span class='ocrx_word' id='word_1_229' title='bbox 320 2514 468 2556; x_wconf 91' lang='lat' dir='ltr'>aliud</span> <span class='ocrx_word' id='word_1_230' title='bbox 506 2529 656 2556; x_wconf 91' lang='lat' dir='ltr'>nemo</span> <span class='ocrx_word' id='word_1_231' title='bbox 694 2517 882 2568; x_wconf 87' lang='lat' dir='ltr'>potest</span> <span class='ocrx_word' id='word_1_232' title='bbox 919 2530 1122 2568; x_wconf 88' lang='lat' dir='ltr'>ponere</span> <span class='ocrx_word' id='word_1_233' title='bbox 1150 2518 1371 2569; x_wconf 81' lang='lat' dir='ltr'>praeter</span> <span class='ocrx_word' id='word_1_234' title='bbox 1399 2515 1471 2566; x_wconf 90' lang='lat' dir='ltr'>id,</span> <span class='ocrx_word' id='word_1_235' title='bbox 1504 2514 1642 2566; x_wconf 86' lang='lat' dir='ltr'>quod</span> 
     </span>
     <span class='ocr_line' id='line_1_29' title="bbox 79 2584 909 2640; baseline 0.002 -14"><span class='ocrx_word' id='word_1_236' title='bbox 79 2585 317 2640; x_wconf 88' lang='lat' dir='ltr'>positum</span> <span class='ocrx_word' id='word_1_237' title='bbox 347 2587 428 2627; x_wconf 88' lang='lat' dir='ltr'>est</span> <span class='ocrx_word' id='word_1_238' title='bbox 458 2584 710 2628; x_wconf 85' lang='lat' dir='ltr'>Christus</span> <span class='ocrx_word' id='word_1_239' title='bbox 739 2586 909 2628; x_wconf 84' lang='lat' dir='ltr'>Jesus.</span> 
     </span>
    </p>
   </div>
   <div class='ocr_carea' id='block_1_7' title="bbox 560 2709 1163 2754">
    <p class='ocr_par' dir='ltr' id='par_1_8' title="bbox 560 2709 1163 2754">
     <span class='ocr_line' id='line_1_30' title="bbox 560 2709 1163 2754; baseline 0.002 -3"><span class='ocrx_word' id='word_1_240' title='bbox 560 2709 677 2751; x_wconf 91' lang='lat' dir='ltr'>Idem</span> <span class='ocrx_word' id='word_1_241' title='bbox 704 2710 748 2751; x_wconf 90' lang='lat' dir='ltr'>in</span> <span class='ocrx_word' id='word_1_242' title='bbox 776 2709 875 2752; x_wconf 83' lang='lat' dir='ltr'>Joh.</span> <span class='ocrx_word' id='word_1_243' title='bbox 905 2711 1044 2754; x_wconf 88' lang='lat' dir='ltr'>Tract.</span> <span class='ocrx_word' id='word_1_244' title='bbox 1076 2711 1163 2753; x_wconf 80' lang='grc'>118.</span> 
     </span>
    </p>
   </div>
   <div class='ocr_carea' id='block_1_8' title="bbox 84 2817 1642 3014">
    <p class='ocr_par' dir='ltr' id='par_1_9' title="bbox 84 2817 1642 3014">
     <span class='ocr_line' id='line_1_31' title="bbox 137 2817 1642 2871; baseline 0.001 -12"><span class='ocrx_word' id='word_1_245' title='bbox 137 2818 302 2868; x_wconf 78' lang='lat' dir='ltr'>Quum</span> <span class='ocrx_word' id='word_1_246' title='bbox 340 2820 522 2860; x_wconf 87' lang='lat' dir='ltr'>essent</span> <span class='ocrx_word' id='word_1_247' title='bbox 558 2818 898 2871; x_wconf 83' lang='lat' dir='ltr'>interrogati</span> <span class='ocrx_word' id='word_1_248' title='bbox 936 2833 1137 2869; x_wconf 88' lang='lat' dir='ltr'>omnes,</span> <span class='ocrx_word' id='word_1_249' title='bbox 1168 2818 1319 2860; x_wconf 92' lang='lat' dir='ltr'>solus</span> <span class='ocrx_word' id='word_1_250' title='bbox 1349 2817 1543 2860; x_wconf 85' lang='lat' dir='ltr'>Petrus</span> <span class='ocrx_word' id='word_1_251' title='bbox 1569 2833 1642 2860; x_wconf 86' lang='lat' dir='ltr'>re-</span> 
     </span>
     <span class='ocr_line' id='line_1_32' title="bbox 84 2888 1641 2942; baseline 0.001 -12"><span class='ocrx_word' id='word_1_252' title='bbox 84 2889 336 2942; x_wconf 89' lang='lat' dir='ltr'>spondet,</span> <span class='ocrx_word' id='word_1_253' title='bbox 381 2888 446 2930; x_wconf 88' lang='lat' dir='ltr'>Tu</span> <span class='ocrx_word' id='word_1_254' title='bbox 489 2903 531 2930; x_wconf 88' lang='lat' dir='ltr'>es</span> <span class='ocrx_word' id='word_1_255' title='bbox 569 2888 774 2941; x_wconf 83' lang='lat' dir='ltr'>Christus,</span> <span class='ocrx_word' id='word_1_256' title='bbox 814 2892 864 2931; x_wconf 92' lang='lat' dir='ltr'>et</span> <span class='ocrx_word' id='word_1_257' title='bbox 903 2889 949 2931; x_wconf 91' lang='lat' dir='ltr'>ei</span> <span class='ocrx_word' id='word_1_258' title='bbox 988 2889 1213 2941; x_wconf 90' lang='lat' dir='ltr'>dicitur,</span> <span class='ocrx_word' id='word_1_259' title='bbox 1244 2889 1325 2931; x_wconf 86' lang='lat' dir='ltr'>tibi</span> <span class='ocrx_word' id='word_1_260' title='bbox 1353 2890 1462 2931; x_wconf 88' lang='lat' dir='ltr'>dabo</span> <span class='ocrx_word' id='word_1_261' title='bbox 1493 2890 1641 2942; x_wconf 78' lang='lat' dir='ltr'>claves,</span> 
     </span>
     <span class='ocr_line' id='line_1_33' title="bbox 85 2960 1642 3014; baseline 0.001 -13"><span class='ocrx_word' id='word_1_262' title='bbox 85 2960 238 3012; x_wconf 87' lang='lat' dir='ltr'>quasi</span> <span class='ocrx_word' id='word_1_263' title='bbox 278 2960 488 3013; x_wconf 86' lang='lat' dir='ltr'>ligandi</span> <span class='ocrx_word' id='word_1_264' title='bbox 528 2962 578 3001; x_wconf 88' lang='lat' dir='ltr'>et</span> <span class='ocrx_word' id='word_1_265' title='bbox 615 2960 864 3002; x_wconf 88' lang='lat' dir='ltr'>solvendi</span> <span class='ocrx_word' id='word_1_266' title='bbox 901 2960 1049 3002; x_wconf 89' lang='lat' dir='ltr'>solus</span> <span class='ocrx_word' id='word_1_267' title='bbox 1088 2961 1367 3014; x_wconf 84' lang='lat' dir='ltr'>acceperit</span> <span class='ocrx_word' id='word_1_268' title='bbox 1398 2963 1642 3014; x_wconf 84' lang='lat' dir='ltr'>potesta-</span> 
     </span>
    </p>
   </div>
  </div>
 </body>
</html>
