1931 3224
750 145 814 188 Dr,
843 144 1117 188 lnoromrnm.
1636 150 1711 193 167

149 273 279 325 tione,
318 271 391 314 sed
419 272 471 313 de
498 271 677 313 veritate
705 271 767 312 rei
796 285 846 312 ex
870 270 1030 323 judicio
1056 269 1148 322 Dei,
1178 270 1308 312 verbo
1338 275 1379 313 et
1406 272 1519 314 facto
1549 275 1711 316 testan-

148 345 217 397 tis,
261 343 422 386 cultum
464 342 584 384 illum
626 343 774 384 contra
815 342 934 383 verbi
975 342 1287 402 praescriptum
1325 347 1591 397 usurpatum,
1630 346 1711 387 sibi

149 415 426 469 displicuisse,
456 416 497 456 et
526 413 788 456 Daemonem
819 416 1035 456 auctorem
1063 413 1282 465 habuisse;
1311 415 1390 456 etsi
1414 416 1619 458 secundus
1643 417 1713 459 hic

147 486 421 529 Idololatriae
457 486 607 527 modus
637 500 661 527 a
690 485 829 538 primo
859 500 942 538 quo
973 488 1166 528 creatura
1194 500 1272 539 pro
1302 485 1393 528 Deo
1424 487 1580 529 directe
1610 488 1711 529 coli-

146 560 228 611 tur,
268 557 470 611 gradibus
507 557 687 609 differat,
726 571 832 609 quos
870 557 1025 610 gradus
1063 557 1191 599 etiam
1228 556 1450 611 Scriptura
1487 559 1712 612 distinguit

145 629 191 670 in
228 628 419 680 Achabo,
457 642 552 669 cum
581 628 653 679 ait,
683 628 703 669 1
736 627 858 681 Reg.
890 628 953 679 16,
983 630 1047 670 31.
1076 628 1192 671 leve
1220 629 1308 670 illi
1337 629 1508 671 fuisse
1537 631 1710 672 ambu-

145 701 258 742 lare
308 700 362 741 in
412 699 660 752 peccatis
710 698 1024 751 Jeroboam,
1070 701 1273 742 abiisse
1317 704 1366 742 et
1409 703 1710 745 servivisse

144 770 294 823 Baal,
346 770 835 823 incurvavisseque
887 785 938 812 se
982 772 1049 823 ei,
1094 787 1200 825 quae
1243 773 1452 825 graduum
1493 773 1708 815 distinctio

143 842 285 884 locum
321 856 408 884 non
446 841 636 894 haberet,
671 842 706 883 si
736 841 968 884 Jeroboam
998 844 1216 885 statuisset
1246 844 1449 885 directam
1478 845 1709 886 vitulorum

144 913 436 956 adorationem
463 914 553 955 sine
580 913 787 955 relatione
818 913 869 955 ad
898 913 1037 956 Deum
1066 914 1246 956 Israelis.

195 984 288 1028 XV.
331 984 396 1026 De
438 985 603 1038 origine
645 984 917 1027 Idololatriae
959 1000 1044 1027 non
1088 988 1150 1027 est
1189 987 1302 1039 quod
1330 987 1506 1040 longum
1536 990 1708 1030 conten-

140 1056 272 1098 tionis
309 1056 452 1098 funem
489 1056 701 1107 ducamus,
741 1057 775 1097 si
815 1057 1025 1110 originem
1062 1057 1292 1099 referamus
1331 1059 1384 1100 ad
1421 1061 1589 1112 tempus
1625 1074 1708 1111 quo

142 1126 295 1181 coepit.
333 1126 378 1168 Si
416 1127 466 1168 de
503 1126 765 1179 Idololatria,
806 1130 854 1168 ut
891 1128 953 1169 ita
987 1128 1135 1179 dicam,
1167 1129 1389 1182 spirituali,
1423 1130 1615 1181 quaestio
1643 1130 1708 1171 in-

139 1199 372 1252 telligatur,
412 1213 498 1240 non
527 1198 783 1250 dubitamus,
815 1214 907 1240 eam
937 1214 961 1241 a
991 1199 1266 1241 daemonibus
1295 1203 1541 1254 suggestam
1570 1201 1708 1243 homi-

139 1270 264 1312 nibus
291 1270 376 1312 illis
405 1271 479 1323 qui
507 1270 595 1312 veri
625 1270 706 1312 Dei
735 1271 981 1324 ignorantia
1011 1272 1196 1325 primum
1226 1272 1486 1324 laborarunt,
1519 1275 1559 1314 et
1588 1274 1706 1314 vanis

139 1342 361 1384 affectibus
389 1357 478 1384 sese
507 1342 769 1384 dediderunt.
800 1342 845 1385 Si
875 1343 924 1384 de
954 1342 1203 1385 Idololatria
1234 1346 1419 1396 externa,
1451 1359 1527 1398 per
1551 1345 1707 1398 signa

142 1416 193 1456 et
230 1413 495 1467 imagines
536 1416 785 1467 quaeratur;
826 1414 876 1456 de
912 1417 1105 1468 tempore
1136 1416 1263 1458 etiam
1294 1416 1402 1457 nihil
1430 1419 1574 1469 potest
1604 1418 1707 1458 certi

139 1485 399 1539 responderi.
439 1485 503 1527 De
543 1485 774 1537 occasione,
814 1485 900 1528 fere
940 1501 1084 1528 onmes
1116 1501 1166 1528 ex
1194 1486 1304 1528 libro
1334 1487 1588 1540 Sapientiae,
1618 1489 1706 1541 pri-

138 1571 230 1599 mos
260 1557 505 1599 existimant
532 1557 660 1599 fuisse
687 1556 906 1599 Idolorum
934 1560 1127 1599 auctores
1160 1558 1232 1611 qui
1259 1558 1372 1599 hunc
1400 1558 1606 1600 honorem
1635 1559 1704 1600 de-

138 1629 328 1671 tulerunt
368 1629 562 1680 mortuis,
604 1631 652 1669 ut
697 1643 843 1670 eorum
881 1629 1130 1671 memoriam
1173 1629 1466 1684 superstitiose
1506 1630 1702 1681 colerent,

139 1716 234 1743 cum
271 1700 468 1742 acerbo
507 1700 658 1742 luctu
697 1700 886 1742 dolens
923 1703 1102 1753 pater,
1137 1701 1246 1742 cito
1276 1701 1424 1754 rapti
1453 1701 1568 1742 filii
1598 1701 1703 1742 sibi

137 1772 274 1815 fecit
315 1771 628 1825 imaginem,
675 1773 791 1824 etc.,
836 1786 962 1824 quem
1004 1772 1145 1814 locum
1182 1773 1289 1814 varii
1328 1773 1444 1814 varie
1473 1776 1700 1827 exponunt,

135 1844 249 1886 inter
279 1858 385 1897 quos
408 1842 439 1884 ii
466 1857 556 1885 rem
585 1857 663 1884 acu
690 1845 867 1896 tangere
897 1843 1106 1895 videntur,
1135 1843 1209 1895 qui
1236 1858 1322 1885 non
1350 1844 1535 1897 primum
1562 1843 1703 1886 Idolo-

135 1914 285 1957 latriae
321 1913 595 1968 principium,
632 1914 705 1956 sed
732 1915 870 1968 magis
897 1915 1048 1956 tritum
1078 1917 1120 1957 et
1148 1915 1367 1968 publicum
1395 1919 1612 1958 auctorem
1639 1916 1703 1958 in-

137 1986 296 2028 dicasse
333 1985 542 2036 referunt3
580 1986 655 2027 ubi
690 1988 834 2028 tamen
870 1987 1117 2040 notandum,
1148 1990 1364 2030 auctorem
1392 1988 1522 2040 illum,
1551 1988 1703 2042 imagi-

134 2072 207 2099 nes
235 2057 313 2098 filii
342 2072 366 2098 a
393 2059 515 2110 patre
543 2057 690 2110 factas,
721 2057 874 2100 Idola
903 2059 1131 2111 appellare,
1161 2074 1193 2101 c.
1224 2060 1286 2111 14,
1318 2060 1381 2102 15.

188 2127 304 2171 XVI.
347 2128 430 2171 Sed
474 2144 570 2171 cum
607 2129 657 2171 de
694 2144 739 2171 re
779 2130 873 2183 ipsa
903 2132 1079 2182 constet,
1110 2145 1196 2172 non
1225 2133 1313 2172 tam
1342 2131 1391 2172 (10
1422 2130 1586 2184 origine
1615 2131 1701 2173 liti-

135 2199 334 2254 gandum,
373 2214 501 2253 quam
537 2199 587 2241 de
626 2199 861 2242 abolitione
894 2201 1184 2253 laborandum,
1216 2204 1260 2243 et
1288 2201 1340 2243 iis
1369 2201 1598 2243 liberandis
1630 2202 1701 2254 qui

133 2271 213 2314 hoc
243 2286 384 2313 errore
415 2271 669 2324 detinentur,
701 2272 853 2314 saltem
883 2273 1191 2325 convincendis,
1224 2274 1298 2326 qui
1327 2274 1466 2315 verbis
1496 2276 1537 2315 et
1562 2288 1701 2315 exem-

132 2342 206 2396 plo
245 2341 540 2384 Idololatriam
578 2346 835 2396 promovent
874 2347 915 2386 et
944 2344 1189 2395 stabiliunt3
1221 2345 1366 2397 quales
1393 2345 1475 2386 hoc
1505 2347 1698 2397 tempore

133 2412 393 2455 affirmamus
431 2427 520 2454 esse
561 2412 809 2456 Pontificios
854 2429 1012 2467 01111108,
1049 2415 1143 2457 11108
1182 2417 1351 2469 quidem
1383 2417 1589 2467 seductos,
1619 2416 1697 2457 hos

132 2499 231 2527 vero
271 2484 528 2536 seducentes,
557 2484 685 2538 idque
713 2485 859 2527 multis
887 2486 1144 2539 nominibus,
1177 2489 1217 2528 et
1246 2488 1290 2528 111
1319 2486 1445 2528 variis
1476 2486 1698 2545 capitibus

185 2555 323 2599 XVII.
354 2555 545 2597 Primum
575 2558 616 2597 et
646 2558 922 2610 praecipuum
951 2560 1014 2599 est
1042 2558 1086 2599 in
1117 2558 1231 2599 cultu
1262 2557 1588 2600 Sacramentalis
1617 2557 1698 2598 Pa-

130 2626 196 2669 nis
236 2627 281 2669 in
322 2627 605 2680 Eucharistia,
646 2643 772 2681 quem
808 2629 871 2670 illi
907 2644 992 2671 non
1031 2633 1191 2683 negant
1230 2645 1254 2671 a
1283 2645 1325 2671 se
1356 2629 1544 2671 exhiberi
1574 2630 1698 2682 plane

130 2698 347 2751 Divinum,
378 2714 470 2741 cum
503 2699 624 2752 signo
655 2700 708 2741 ad
736 2700 1015 2743 elevationem
1045 2701 1224 2743 Hostiae
1254 2702 1366 2753 dato,
1393 2716 1550 2753 omnes,
1576 2702 1694 2755 geni-

130 2771 209 2812 bus
249 2771 381 2824 flexis,
425 2773 497 2813 aut
538 2773 631 2813 toto
676 2767 852 2826 corpor‘e
895 2776 1113 2826 prostrato
1157 2773 1478 2816 Sacramentum
1517 2773 1696 2814 adorant

80 2891 82 2893 ¹
130 2844 349 2896 tamquam
376 2842 514 2885 Deum
545 2857 688 2894 suum;
718 2858 846 2896 quam
874 2844 1169 2887 Idololatriam
1198 2845 1416 2898 duplicant
1444 2844 1488 2885 in
1518 2844 1696 2886 circum-

131 2914 370 2967 gestatione
397 2914 537 2966 Panis,
567 2915 816 2967 praesertim
844 2916 888 2957 in
915 2917 1091 2970 proprio
1122 2917 1174 2958 ad
1201 2916 1245 2957 id
1273 2916 1412 2958 dicato
1442 2916 1563 2965 festo,
1594 2931 1694 2969 pro-

128 2975 377 3027 nunciantes
415 2985 641 3028 anathema
679 2986 826 3028 contr’a
855 3002 1013 3039 omnes,
1044 2987 1134 3039 qui
1163 2986 1566 3029 Sacramentum
1594 2987 1693 3028 hoc
1748 3019 1754 3021 Δ
