1931 3224
270 138 347 180 546
833 136 1076 177 D1sru'rAT10
1106 131 1257 174 XLVI.

270 261 542 304 Testamento
582 259 740 300 fuerint
778 260 997 308 cruentae3
1036 260 1084 298 ut
1121 259 1297 309 taceam,
1336 256 1450 308 quod
1477 255 1680 299 Judaicae
1710 256 1828 298 obla-

269 334 407 375 tiones
435 331 579 385 typice
607 332 785 382 tantum,
817 344 865 371 ac
894 329 1175 382 significative
1205 328 1364 370 fuerint
1393 328 1667 381 expiatoriae,
1697 327 1828 370 Missa

269 420 367 446 vero
407 403 634 445 secundum
671 401 964 456 blasphemam
1002 400 1326 442 Pontificiorum
1360 399 1616 442 sententiam
1649 400 1704 442 sit
1731 414 1829 442 vere

270 479 312 517 et
340 473 513 529 proprie
543 473 792 526 expiatoria.
821 471 1096 524 Relinquitur
1127 486 1240 525 ergo,
1269 472 1305 515 si
1334 470 1564 513 secundum
1592 470 1830 513 doctrinam

267 546 419 589 Sacrae
448 544 694 598 Scripturae
722 543 894 585 unicum
923 545 1090 585 tantum
1117 543 1173 584 sit
1203 541 1465 585 Sacrificium
1493 541 1627 585 crucis
1656 541 1829 596 proprie

269 617 439 668 dictum,
487 615 515 657 J
518 616 677 658 udaicis
719 615 936 657 sacrificiis
980 614 1229 669 expiatoriis
1270 614 1621 668 praefiguratum,
1661 627 1829 655 necesse

267 702 366 740 esse,
404 690 452 728 ut
479 687 584 728 illud
614 686 728 739 quod
755 686 967 740 praedixit
995 685 1240 737 Malachias‚
1271 685 1321 727 de
1351 684 1478 727 Cultu
1505 685 1587 727 Dei
1616 684 1831 738 spirituali

267 761 394 812 atque
432 757 728 800 Eucharistico
765 773 842 811 per
879 756 1105 810 Evangelii
1143 756 1504 810 praedicationem
1542 757 1655 798 inter
1684 771 1830 798 omnes

267 831 414 882 gentes
443 828 733 880 instaurando,
765 828 1056 881 metaphorice
1086 828 1334 882 accipiatur.

317 899 490 942 XLVII.
528 899 619 941 Nec
645 899 770 941 realis
799 898 957 941 Christi
985 900 1029 941 in
1057 899 1188 941 Missa
1214 899 1468 951 immolatio,
1499 914 1548 941 ex
1576 899 1660 941 illis
1690 898 1829 941 verbis

266 972 412 1026 ipsius,
449 971 549 1013 Luc.
588 972 652 1023 22,
691 971 752 1013 19.
792 971 854 1012 20.
895 970 1043 1020 Quod
1080 986 1176 1025 pro
1208 971 1361 1013 vobis
1387 971 1563 1023 datur,
1594 969 1830 1012 effundi-

266 1046 374 1096 tur,
411 1042 549 1096 magis
588 1042 807 1094 evincitur,
849 1057 976 1095 quam
1014 1042 1148 1096 ipsius
1186 1057 1301 1085 mors
1331 1058 1381 1084 ex
1409 1042 1515 1094 istis,
1545 1041 1643 1084 Joh.
1675 1043 1736 1094 10,
1767 1042 1830 1084 15.

267 1115 512 1157 Animam
562 1128 726 1156 meam
778 1114 986 1167 depono
1038 1129 1135 1167 pro
1187 1114 1392 1156 ovibus.
1435 1113 1678 1167 Utrumque
1720 1113 1832 1156 enim

268 1189 366 1229 ante
409 1185 661 1228 sacrificium
704 1185 837 1227 crucis
877 1201 954 1240 per
994 1186 1215 1239 enallagen
1251 1186 1458 1240 temporis
1486 1187 1724 1240 praesentis
1752 1199 1830 1240 pro

268 1259 414 1300 futuro
453 1273 477 1299 a
514 1256 684 1298 Christo
723 1257 883 1298 dictum
922 1272 1023 1310 esse,
1061 1272 1147 1300 non
1183 1258 1385 1311 ignorant
1423 1258 1497 1311 qui
1532 1259 1600 1301 vel
1637 1273 1660 1300 a
1687 1258 1832 1300 limine

269 1344 407 1372 sacras
435 1329 580 1371 literas
609 1328 862 1370 salutarunt.

320 1399 515 1443 XLVIII.
558 1399 766 1451 Ceterum,
807 1400 886 1441 etsi
924 1400 1034 1441 nihil
1070 1401 1172 1442 boni
1201 1401 1256 1443 sit
1284 1402 1329 1443 in
1358 1402 1649 1444 commentitio
1677 1402 1832 1444 Missae

269 1472 488 1524 sacrificio,
533 1472 735 1524 quoniam
777 1473 921 1513 tamen
964 1472 1151 1524 aliquam
1189 1472 1292 1514 boni
1330 1473 1515 1526 speciem
1551 1473 1681 1515 habet
1720 1473 1832 1527 apud

266 1545 460 1587 homines
503 1545 645 1585 mente
688 1545 925 1597 corruptos,
969 1542 1194 1585 sacrificuli
1235 1543 1526 1586 Romanenses
1563 1543 1707 1585 fallaci
1744 1545 1832 1597 ejus

266 1616 383 1658 larva
418 1615 574 1656 mirum
612 1614 899 1668 miserumque
927 1615 971 1655 in
1001 1614 1186 1667 modum,
1215 1629 1302 1657 non
1330 1615 1419 1657 sine
1448 1615 1603 1658 erroris
1632 1615 1831 1668 efficacia,

267 1689 311 1729 in
351 1687 521 1740 Papatu
566 1686 811 1728 abutuntur.
855 1685 919 1728 Ac
960 1687 1122 1740 primus
1167 1686 1337 1740 quidem
1372 1686 1526 1729 Missae
1564 1687 1717 1729 abusus
1755 1689 1832 1739 est,

268 1759 382 1811 quod
411 1758 669 1801 sacrificulus
699 1773 791 1800 eam
822 1758 1194 1800 administraturus
1219 1759 1301 1800 1106
1324 1761 1472 1801 utatur
1498 1759 1741 1814 prooemio:
1767 1758 1834 1800 Et

267 1830 515 1872 introibo
554 1830 615 1872 ad
654 1830 830 1872 altare
868 1829 977 1872 Dei.
1015 1829 1179 1872 Fideles
1209 1830 1321 1872 enim
1349 1846 1436 1873 non
1466 1831 1647 1885 amplius
1673 1830 1834 1872 habent

268 1903 402 1944 altare
430 1902 508 1944 sub
538 1901 676 1954 Novo,
709 1902 833 1955 quale
864 1902 966 1944 olim
994 1902 1235 1945 habuerunt
1265 1903 1342 1944 sub
1372 1902 1520 1945 Veteri
1545 1902 1833 1954 Testamento,

269 1974 343 2016 sed
372 1974 505 2016 altare
532 1973 724 2027 ipsorum
756 1989 869 2016 nunc
894 1977 958 2016 est
986 1975 1030 2016 in
1061 1975 1201 2027 coelis,
1229 1975 1443 2026 nimirum,
1468 1973 1593 2016 <lesus
1618 1973 1833 2023 Christus3

267 2048 315 2087 ut
351 2045 538 2088 Thomas
578 2045 772 2098 Aquinas
800 2060 887 2087 non
915 2046 1024 2087 male
1054 2046 1296 2088 observavit
1323 2046 1368 2087 in
1396 2060 1500 2088 vers.
1531 2045 1594 2086 10.
1625 2059 1657 2086 6.
1688 2044 1750 2085 13.
1781 2043 1834 2085 ad

267 2116 499 2168 Hebraeos,
538 2116 612 2158 ubi
649 2116 887 2170 Apostolus
925 2131 1004 2159 nos
1041 2116 1285 2170 hujusmodi
1324 2117 1458 2158 altare
1484 2115 1641 2157 habere
1671 2113 1834 2165 asserit,

270 2203 319 2230 ex
361 2203 445 2241 quo
488 2202 575 2231 non
616 2186 776 2229 habent
818 2187 1065 2229 facultatem
1104 2188 1253 2230 edendi
1291 2188 1364 2240 qui
1402 2186 1530 2229 hodie
1557 2183 1832 2228 tabernaculo

268 2258 516 2311 inserviunt,
547 2261 674 2311 atque
702 2258 866 2300 hostias
894 2258 1155 2301 Judaeorum
1183 2258 1435 2301 umbratiles
1464 2257 1622 2299 Christi
1651 2257 1834 2299 adventu

271 2330 500 2384 abrogatas
526 2329 571 2371 in
598 2330 732 2383 ipsius
761 2329 998 2372 Ecclesiam
1025 2331 1245 2372 reducunt.

323 2400 474 2443 XLIX.
517 2399 731 2444 Secundus
774 2401 929 2444 abusus
971 2404 1034 2443 est
1071 2402 1116 2443 in
1153 2401 1325 2455 publica
1361 2403 1632 2455 peccatorum
1661 2414 1834 2442 suorum

271 2472 547 2525 confessione,
593 2487 720 2525 quarn
763 2487 850 2515 non
892 2473 1031 2515 solum
1069 2473 1121 2514 ad
1157 2473 1308 2525 Deum,
1343 2474 1416 2515 sed
1449 2473 1577 2515 etiam
1606 2473 1658 2514 ad
1688 2487 1833 2515 omnes

270 2545 438 2586 sanctos
479 2543 559 2585 hac
602 2543 691 2585 vita
734 2543 967 2597 defunctos,
1012 2547 1054 2586 et
1098 2545 1149 2586 ad
1185 2545 1339 2587 fratres
1380 2559 1478 2587 suos
1519 2544 1679 2598 dirigit,
1726 2544 1830 2598 Ego

269 2630 391 2657 reus
439 2614 671 2671 (inquiens)
720 2618 770 2657 et
816 2616 1077 2670 indignus
1115 2617 1372 2660 sacerdos
1413 2616 1687 2659 confiteor
1724 2615 1832 2657 Deo

272 2678 664 2741 omnipotenti,
704 2689 756 2729 et
793 2687 991 2730 beatae
1019 2687 1225 2730 Mariae
1253 2687 1472 2742 Virgini
1505 2690 1556 2729 et
1586 2686 1832 2729 omnibus

272 2758 479 2800 sanctis
516 2759 654 2812 ejus,
692 2761 742 2800 et
778 2759 956 2812 vobis,
991 2759 1219 2812 fratres,
1251 2759 1377 2812 quia
1402 2773 1498 2813 ego
1527 2758 1689 2800 miser
1717 2771 1833 2812 pec-

273 2831 425 2870 cator
449 2830 674 2882 peccavi
703 2830 865 2872 nimis
895 2833 1090 2873 contra
1118 2831 1292 2885 legem
1315 2830 1435 2883 Dei,
1463 2829 1832 2885 cogitatione,

273 2898 578 2952 locutione,
638 2916 800 2955 opere
857 2905 907 2944 et
959 2902 1276 2954 omissione,
1328 2917 1439 2944 mea
1491 2901 1672 2954 culpa,
1723 2915 1834 2943 mea

274 2968 452 3022 culpa,
491 2985 603 3012 mea
639 2973 965 3024 gravissima
1003 2974 1172 3028 culpa.
1212 2973 1429 3016 Confessio
1468 2973 1580 3015 enim
1619 2987 1726 3025 quae
1754 2971 1834 3014 soli
