1931 3224
311 130 391 171 654
897 133 1137 176 D1sPUTA'r10
1168 134 1255 176 LII.

309 254 523 296 nionem
551 255 806 298 habeatis
833 257 1134 312 nobiseum,
1159 261 1210 300 et
1241 260 1542 302 communio
1570 263 1762 304 nostra
1790 263 1864 305 sit

311 339 422 366 cum
448 325 612 367 Patre
641 328 691 368 et
718 326 861 370 Filio
894 329 1008 382 ejus
1037 329 1167 372 Jesu
1196 329 1431 373 Christo.

362 395 437 438 IV.
476 395 725 440 Communio
764 401 906 442 autem
939 400 1043 443 haec
1072 416 1164 443 cum
1195 401 1286 445 Deo
1314 402 1497 445 habetur
1526 404 1689 447 duobus
1717 405 1866 458 modis,

309 467 375 509 vel
411 467 610 511 inchoate
647 485 724 523 per
761 470 887 512 fidem
924 471 968 513 in
1005 472 1085 514 hac
1121 472 1221 526 vita,
1252 473 1318 515 vel
1346 473 1534 528 perfecte
1561 490 1637 530 per
1665 476 1870 518 visionem

308 539 481 592 proprie
511 540 668 583 dictam
691 541 735 583 in
760 542 848 585 vita
870 543 1035 596 futura3
1060 546 1190 598 prout
1214 543 1450 598 Apostolus
1476 546 1701 600 distinguit
1725 549 1750 589 2
1774 547 1868 590 Cor.

308 610 345 661 5,
387 611 423 652 7.
467 612 635 665 quando
674 614 746 666 ait,
785 614 1134 658 Ambulamus
1173 631 1265 670 per
1302 617 1485 672 fidem,
1524 633 1627 661 non
1661 635 1755 673 per
1793 635 1869 663 as-

308 697 336 735 p
349 696 369 724 e
382 685 543 737 ctum,
587 684 686 727 licet
729 687 770 728 et
810 686 907 728 fidei
949 701 1049 729 suus
1093 703 1262 741 quoque
1301 692 1496 743 aspectus
1533 690 1758 744 tribuatur,
1797 692 1869 734 sed

307 755 528 808 tamquam
556 770 633 810 per
661 756 870 810 aenigma,
902 759 923 800 1
955 758 1047 801 Cor.
1079 760 1141 812 13,
1171 760 1234 802 12.

360 826 412 868 V.
442 827 692 870 Communio
723 844 851 882 quam
880 845 976 872 cum
999 830 1091 873 Deo
1115 846 1192 884 per
1215 832 1341 875 fidem
1365 833 1584 887 habemus,
1611 837 1674 876 est
1696 835 1868 877 initium

306 899 479 952 aliquod
516 900 629 942 illius
667 903 863 944 aeternae
901 903 1028 955 vitae,
1068 904 1186 956 cujus
1217 905 1574 958 complementum
1603 907 1795 949 succedet
1823 907 1868 949 in

306 970 450 1013 futura
479 974 520 1014 et
547 987 650 1015 voce
680 972 883 1022 υἱοθεσίας
907 989 981 1017 seu
1006 975 1250 1029 adoptionis
1274 976 1319 1018 in
1342 976 1454 1019 filios
1479 977 1566 1019 fere
1595 978 1866 1032 exprimitur3

309 1042 589 1096 Quotquot
618 1045 755 1087 enim
784 1045 1061 1088 Christum
1090 1046 1201 1089 fide
1229 1052 1578 1102 receperunt,
1610 1049 1760 1092 dedit
1790 1051 1866 1093 ei‘s

306 1115 441 1157 hanc
478 1115 670 1169 ἐξουσίαν,
710 1117 754 1159 id
792 1120 869 1168 est,
910 1121 1247 1172 potestatem
1283 1135 1376 1162 seu
1414 1120 1771 1175 dignitatem,
1808 1125 1869 1164 ut

305 1187 421 1230 filii
449 1188 547 1231 Dei
575 1189 804 1241 fierent,
833 1188 932 1231 Joh.
965 1190 1000 1242 1,
1032 1190 1093 1232 12.

357 1258 432 1302 VI.
472 1259 804 1315 Comprehendit
841 1264 983 1304 autem
1019 1262 1101 1305 1106
1137 1264 1249 1306 vitae
1277 1266 1473 1306 aeternae
1501 1264 1682 1317 initium,
1712 1265 1865 1319 primo,
1927 1256 1929 1258 ,

306 1347 475 1374 sensum
504 1334 646 1375 vivum
673 1333 934 1376 remissionis
962 1337 1247 1388 peccatorum,
1279 1338 1320 1378 et
1349 1336 1706 1379 reconciliationis
1730 1337 1867 1379 nostri

307 1420 401 1446 cum
427 1404 541 1455 Deo;
573 1420 728 1458 quum
754 1407 893 1448 enim
917 1407 1119 1448 mortui
1145 1421 1380 1449 essemus
1403 1408 1457 1449 in
1480 1409 1726 1461 peccatis
1750 1423 1864 1450 nos-

305 1477 429 1529 tris,
477 1491 578 1518 una
614 1476 938 1519 vivificabit
975 1492 1070 1519 nos
1108 1493 1201 1532 per
1237 1477 1536 1532 Christum,
1568 1481 1720 1533 cujus
1751 1494 1864 1533 gra-

304 1548 382 1590 tia
422 1548 629 1590 servati
666 1564 866 1602 sumus,
897 1565 1108 1603 unaque
1138 1551 1430 1603 excitavit,
1461 1565 1671 1604 unaque
1702 1551 1864 1593 60110-

304 1620 450 1661 cavit
478 1620 531 1661 in
560 1635 616 1662 co
630 1620 727 1662 elis
757 1622 811 1662 in
840 1620 1065 1664 Christo
1095 1622 1244 1675 Jesu,
1273 1622 1385 1676 Eph.
1416 1624 1452 1676 2,
1477 1622 1514 1664 5.
1542 1624 1583 1664 et
1606 1623 1643 1664 6.
1668 1622 1862 1676 secundo,

302 1692 621 1734 renovationem
656 1693 793 1735 nostri
831 1693 883 1735 ad
919 1693 1149 1747 imaginem
1187 1694 1282 1747 Dei,
1322 1709 1429 1748 quae
1457 1694 1677 1738 renovatio
1705 1694 1863 1736 idcirco

303 1763 381 1804 vit
393 1778 416 1805 a
428 1778 450 1805 e
477 1779 506 1805 n
517 1778 540 1805 o
552 1764 602 1806 vi
613 1767 631 1805 t
643 1779 666 1806 a
678 1779 696 1806 s
727 1765 779 1807 ab
808 1765 1019 1819 Apostolo
1048 1766 1292 1820 appellatur
1321 1766 1444 1809 Rom.
1474 1768 1510 1819 6,
1540 1766 1577 1808 4.
1607 1781 1655 1808 ac
1684 1766 1864 1819 denique

302 1833 488 1887 Spiritus
515 1834 661 1877 Sancti
685 1836 1041 1890 obsignationem,
1067 1852 1173 1891 quae
1198 1853 1285 1880 non
1309 1838 1445 1880 solum
1470 1838 1764 1880 antecedentia
1788 1837 1864 1879 illa

303 1905 417 1948 vitae
455 1906 691 1960 spiritualis
732 1907 842 1950 dona
878 1909 924 1950 111
960 1908 1083 1951 nobis
1114 1910 1335 1951 confirmat
1365 1912 1407 1951 et
1439 1909 1582 1951 vitalia
1609 1909 1760 1961 reddit,
1791 1909 1864 1951 sed
1924 1917 1931 1947 i

303 1978 433 2019 etiam
462 1978 512 2020 de
540 1978 684 2021 futuro
715 1980 1029 2034 complemento
1059 1983 1196 2023 certos
1224 1981 1340 2033 facit,
1372 1984 1413 2023 et
1442 1981 1725 2024 conscientiae
1745 1981 1863 2023 illam
1930 1985 1931 1992 ¹

300 2049 659 2102 tranquillitatem
687 2053 815 2104 atque
845 2053 975 2094 animi
1004 2052 1207 2106 gaudium
1235 2053 1279 2094 in
1307 2052 1431 2095 nobis
1454 2054 1582 2107 parit,
1608 2053 1722 2106 quod
1740 2068 1863 2095 mun-

302 2121 378 2163 dus
406 2122 591 2175 ignorat,
619 2121 720 2165 Joh.
751 2123 814 2176 14,
846 2123 908 2165 17.
938 2126 980 2165 et
1005 2139 1174 2166 omnem
1194 2124 1459 2167 intellectum
1482 2124 1667 2167 hominis
1690 2127 1863 2179 superat

300 2190 410 2233 Phil.
447 2193 485 2245 4,
516 2193 552 2235 7.
585 2194 635 2236 de
663 2209 747 2247 quo
777 2194 1007 2238 Psalmista
1034 2195 1226 2249 loquitur
1256 2196 1325 2238 Ps.
1354 2197 1417 2250 69,
1448 2196 1512 2238 33.
1542 2196 1640 2238 1106
1667 2195 1760 2238 11101
1788 2196 1861 2238 vi-

301 2262 482 2305 derint
519 2266 811 2319 mansueti,
850 2267 1212 2310 laetabuntur
1242 2270 1292 2310 et
1321 2268 1622 2310 reviviscet
1650 2268 1860 2309 animus

299 2349 325 2376 v
339 2337 506 2388 ester,
544 2351 568 2378 0
608 2340 935 2390 quaerentes
964 2338 1002 2380 D
1016 2354 1149 2391 eum3
1178 2340 1264 2382 imo
1294 2342 1472 2394 propter
1500 2339 1606 2381 haec
1635 2339 1789 2392 omnia,
1820 2341 1862 2381 et

299 2421 376 2448 nos
413 2422 490 2461 per
527 2408 653 2450 fidem
681 2408 782 2451 Filii
809 2409 890 2452 Dei
918 2411 1072 2464 vivere,
1101 2414 1143 2454 et
1174 2411 1366 2454 Christus
1395 2411 1440 2454 in
1470 2411 1595 2454 nobis
1623 2411 1693 2453 hic
1721 2411 1861 2454 vivere

301 2478 469 2533 dicitur,
499 2479 589 2522 Gal.
619 2482 656 2533 2,
684 2483 747 2524 20.
764 2494 766 2497 ·

353 2549 448 2593 VII.
476 2551 595 2595 Haec
622 2568 721 2596 vero
749 2553 954 2596 beneficia
975 2554 1088 2597 vitae
1112 2557 1308 2598 aeternae
1331 2556 1501 2598 nomine
1524 2570 1611 2598 non
1634 2569 1730 2597 raro
1755 2567 1860 2607 quo-

302 2637 383 2675 que
410 2623 455 2665 in
479 2622 710 2680 Scripturis
733 2624 1045 2679 intelliguntur,
1070 2641 1156 2668 non
1176 2629 1344 2669 tantum
1369 2627 1469 2681 quia
1491 2627 1544 2669 ad
1568 2627 1700 2669 vitam
1724 2627 1860 2667 aeter-

301 2709 400 2736 nam
424 2694 596 2748 ducunt,
622 2696 694 2738 sed
717 2697 847 2738 etiarn
872 2697 971 2750 quia
996 2698 1084 2751 ejus
1109 2698 1314 2751 quaedam
1337 2701 1435 2741 sunt
1460 2697 1688 2753 primitiae,
1713 2712 1859 2750 quem-

301 2766 528 2809 admodum
553 2766 747 2810 Christus
778 2767 878 2810 Joh.
903 2769 940 2820 6,
964 2769 1027 2811 57.
1062 2769 1328 2823 pronunciat,
1361 2770 1454 2812 Am
1466 2785 1525 2812 en
1558 2784 1635 2811 am
1647 2784 1706 2811 en
1739 2769 1821 2811 dic
1833 2783 1856 2811 o

301 2837 469 2890 vobis,
509 2838 599 2891 qui
629 2839 803 2881 eredit
833 2839 886 2880 in
915 2855 1012 2892 me,
1042 2840 1210 2882 habet
1237 2841 1407 2883 vitam
1436 2844 1730 2893 aeternam,
1761 2854 1856 2893 ego

303 2922 411 2950 sum
440 2923 468 2962 p
483 2909 600 2951 anis
628 2909 727 2952 ille
751 2910 920 2963 vitae,
947 2913 1024 2953 etc.
1050 2914 1092 2953 et
1117 2927 1206 2966 cap.
1234 2913 1296 2965 11,
1321 2914 1384 2955 25.
1409 2913 1521 2967 Ego
1545 2927 1564 2954 s
1578 2927 1659 2954 um
1682 2926 1856 2954 resur-

303 2980 480 3021 rectio
506 2983 554 3022 et
578 2981 712 3033 vita,
739 2982 829 3035 qui
855 2983 1030 3025 credit
1053 2983 1106 3026 111
1130 2998 1217 3035 1116,
1240 2985 1402 3027 etiam
1422 2985 1466 3028 si
1488 2986 1730 3027 mortuus
1749 2983 1856 3026 fue-
