<?xml version="1.0" encoding="UTF-8"?>
<!DOCTYPE html PUBLIC "-//W3C//DTD XHTML 1.0 Transitional//EN"
    "http://www.w3.org/TR/xhtml1/DTD/xhtml1-transitional.dtd">
<html xmlns="http://www.w3.org/1999/xhtml" xml:lang="en" lang="en">
 <head>
  <title>
</title>
<meta http-equiv="Content-Type" content="text/html;charset=utf-8" />
  <meta name='ocr-system' content='tesseract 3.04.00' />
  <meta name='ocr-capabilities' content='ocr_page ocr_carea ocr_par ocr_line ocrx_word'/>
</head>
<body>
  <div class='ocr_page' id='page_1' title='image "./synopsispurioris00poly_0470.png"; bbox 0 0 1931 3224; ppageno 0'>
   <div class='ocr_carea' id='block_1_1' title="bbox 263 132 1236 176">
    <p class='ocr_par' dir='ltr' id='par_1_1' title="bbox 263 132 1236 176">
     <span class='ocr_line' id='line_1_1' title="bbox 263 132 1236 176; baseline -0.002 0"><span class='ocrx_word' id='word_1_1' title='bbox 263 135 343 176; x_wconf 80' lang='lat'>450</span> <span class='ocrx_word' id='word_1_2' title='bbox 858 134 1101 175; x_wconf 77' lang='lat' dir='ltr'>DISPUTATIO</span> <span class='ocrx_word' id='word_1_3' title='bbox 1129 132 1236 174; x_wconf 87' lang='lat' dir='ltr'>XLI.</span> 
     </span>
    </p>
   </div>
   <div class='ocr_carea' id='block_1_2' title="bbox 256 256 1830 3026">
    <p class='ocr_par' dir='ltr' id='par_1_2' title="bbox 259 256 1827 1013">
     <span class='ocr_line' id='line_1_2' title="bbox 265 256 1823 311; baseline -0.002 -11"><span class='ocrx_word' id='word_1_4' title='bbox 265 258 492 300; x_wconf 73' lang='lat' dir='ltr'>contulisse</span> <span class='ocrx_word' id='word_1_5' title='bbox 521 258 701 311; x_wconf 87' lang='lat' dir='ltr'>quidem,</span> <span class='ocrx_word' id='word_1_6' title='bbox 733 260 777 299; x_wconf 87' lang='lat' dir='ltr'>at</span> <span class='ocrx_word' id='word_1_7' title='bbox 805 257 913 298; x_wconf 82' lang='lat' dir='ltr'>nihil</span> <span class='ocrx_word' id='word_1_8' title='bbox 943 258 994 299; x_wconf 91' lang='lat' dir='ltr'>ab</span> <span class='ocrx_word' id='word_1_9' title='bbox 1026 257 1120 299; x_wconf 87' lang='lat' dir='ltr'>aliis</span> <span class='ocrx_word' id='word_1_10' title='bbox 1148 257 1229 299; x_wconf 91' lang='lat' dir='ltr'>sibi</span> <span class='ocrx_word' id='word_1_11' title='bbox 1259 256 1460 298; x_wconf 87' lang='lat' dir='ltr'>collatum</span> <span class='ocrx_word' id='word_1_12' title='bbox 1490 271 1590 307; x_wconf 89' lang='lat' dir='ltr'>esse,</span> <span class='ocrx_word' id='word_1_13' title='bbox 1618 257 1705 298; x_wconf 90' lang='lat' dir='ltr'>imo</span> <span class='ocrx_word' id='word_1_14' title='bbox 1731 271 1823 297; x_wconf 88' lang='lat' dir='ltr'>mu-</span> 
     </span>
     <span class='ocr_line' id='line_1_3' title="bbox 263 327 1826 381; baseline -0.001 -10"><span class='ocrx_word' id='word_1_15' title='bbox 263 332 338 372; x_wconf 92' lang='lat' dir='ltr'>tuo</span> <span class='ocrx_word' id='word_1_16' title='bbox 369 330 583 371; x_wconf 89' lang='lat' dir='ltr'>societatis</span> <span class='ocrx_word' id='word_1_17' title='bbox 612 329 806 370; x_wconf 84' lang='lat' dir='ltr'>dexteras</span> <span class='ocrx_word' id='word_1_18' title='bbox 835 329 1010 379; x_wconf 79' lang='lat' dir='ltr'>dedisse,</span> <span class='ocrx_word' id='word_1_19' title='bbox 1041 331 1081 370; x_wconf 91' lang='lat' dir='ltr'>et</span> <span class='ocrx_word' id='word_1_20' title='bbox 1110 328 1270 381; x_wconf 89' lang='lat' dir='ltr'>partito</span> <span class='ocrx_word' id='word_1_21' title='bbox 1296 328 1445 381; x_wconf 80' lang='lat' dir='ltr'>egisse,</span> <span class='ocrx_word' id='word_1_22' title='bbox 1470 330 1518 369; x_wconf 90' lang='lat' dir='ltr'>ut</span> <span class='ocrx_word' id='word_1_23' title='bbox 1542 328 1693 370; x_wconf 90' lang='lat' dir='ltr'>Petrus</span> <span class='ocrx_word' id='word_1_24' title='bbox 1715 327 1826 369; x_wconf 89' lang='lat' dir='ltr'>inter</span> 
     </span>
     <span class='ocr_line' id='line_1_4' title="bbox 265 397 1826 453; baseline -0.002 -10"><span class='ocrx_word' id='word_1_25' title='bbox 265 400 544 451; x_wconf 87' lang='lat' dir='ltr'>circumcisos,</span> <span class='ocrx_word' id='word_1_26' title='bbox 586 400 677 453; x_wconf 85' lang='lat' dir='ltr'>ipse</span> <span class='ocrx_word' id='word_1_27' title='bbox 719 415 819 442; x_wconf 86' lang='lat' dir='ltr'>vero</span> <span class='ocrx_word' id='word_1_28' title='bbox 856 400 967 441; x_wconf 90' lang='lat' dir='ltr'>inter</span> <span class='ocrx_word' id='word_1_29' title='bbox 1007 399 1162 441; x_wconf 79' lang='lat' dir='ltr'>Gentes</span> <span class='ocrx_word' id='word_1_30' title='bbox 1200 402 1452 451; x_wconf 86' lang='lat' dir='ltr'>versaretur,</span> <span class='ocrx_word' id='word_1_31' title='bbox 1482 398 1572 441; x_wconf 71' lang='lat' dir='ltr'>Gal.</span> <span class='ocrx_word' id='word_1_32' title='bbox 1605 399 1640 450; x_wconf 88' lang='lat'>1,</span> <span class='ocrx_word' id='word_1_33' title='bbox 1671 400 1706 440; x_wconf 81' lang='lat'>2.</span> <span class='ocrx_word' id='word_1_34' title='bbox 1737 397 1779 440; x_wconf 86' lang='lat' dir='ltr'>N</span> <span class='ocrx_word' id='word_1_35' title='bbox 1790 398 1826 439; x_wconf 90' lang='lat' dir='ltr'>i-</span> 
     </span>
     <span class='ocr_line' id='line_1_5' title="bbox 262 469 1825 524; baseline -0.001 -11"><span class='ocrx_word' id='word_1_36' title='bbox 262 473 376 514; x_wconf 91' lang='lat' dir='ltr'>hilo</span> <span class='ocrx_word' id='word_1_37' title='bbox 421 488 441 514; x_wconf 92' lang='lat' dir='ltr'>e</span> <span class='ocrx_word' id='word_1_38' title='bbox 485 472 704 513; x_wconf 89' lang='lat' dir='ltr'>summis</span> <span class='ocrx_word' id='word_1_39' title='bbox 744 470 822 524; x_wconf 88' lang='lat' dir='ltr'>Ap</span> <span class='ocrx_word' id='word_1_40' title='bbox 837 471 1035 513; x_wconf 90' lang='lat' dir='ltr'>ostolis</span> <span class='ocrx_word' id='word_1_41' title='bbox 1077 470 1399 512; x_wconf 82' lang='lat' dir='ltr'>inferiorem</span> <span class='ocrx_word' id='word_1_42' title='bbox 1437 469 1630 522; x_wconf 85' lang='lat' dir='ltr'>fuisse,</span> <span class='ocrx_word' id='word_1_43' title='bbox 1667 471 1691 511; x_wconf 82' lang='lat'>2</span> <span class='ocrx_word' id='word_1_44' title='bbox 1732 469 1825 511; x_wconf 84' lang='lat' dir='ltr'>Cor.</span> 
     </span>
     <span class='ocr_line' id='line_1_6' title="bbox 263 541 1826 595; baseline -0.001 -11"><span class='ocrx_word' id='word_1_45' title='bbox 263 544 325 594; x_wconf 92' lang='grc'>11,</span> <span class='ocrx_word' id='word_1_46' title='bbox 368 544 403 584; x_wconf 82' lang='grc'>5.</span> <span class='ocrx_word' id='word_1_47' title='bbox 446 542 696 595; x_wconf 84' lang='lat' dir='ltr'>Amplius</span> <span class='ocrx_word' id='word_1_48' title='bbox 740 557 892 594; x_wconf 88' lang='lat' dir='ltr'>quam</span> <span class='ocrx_word' id='word_1_49' title='bbox 932 542 1067 584; x_wconf 91' lang='lat' dir='ltr'>illos</span> <span class='ocrx_word' id='word_1_50' title='bbox 1109 542 1412 594; x_wconf 79' lang='lat' dir='ltr'>laborasse,</span> <span class='ocrx_word' id='word_1_51' title='bbox 1457 542 1478 583; x_wconf 86' lang='lat'>1</span> <span class='ocrx_word' id='word_1_52' title='bbox 1523 541 1616 583; x_wconf 82' lang='lat' dir='ltr'>Gor.</span> <span class='ocrx_word' id='word_1_53' title='bbox 1660 542 1722 593; x_wconf 83' lang='lat'>15,</span> <span class='ocrx_word' id='word_1_54' title='bbox 1763 541 1826 582; x_wconf 87' lang='lat'>10.</span> 
     </span>
     <span class='ocr_line' id='line_1_7' title="bbox 263 613 1827 667; baseline -0.001 -12"><span class='ocrx_word' id='word_1_55' title='bbox 263 615 461 663; x_wconf 77' lang='lat' dir='ltr'>Quinimo</span> <span class='ocrx_word' id='word_1_56' title='bbox 505 614 658 656; x_wconf 92' lang='lat' dir='ltr'>Petrus</span> <span class='ocrx_word' id='word_1_57' title='bbox 698 614 750 655; x_wconf 82' lang='lat' dir='ltr'>ab</span> <span class='ocrx_word' id='word_1_58' title='bbox 781 613 971 656; x_wconf 76' lang='lat' dir='ltr'>Ecclesia</span> <span class='ocrx_word' id='word_1_59' title='bbox 1000 614 1259 667; x_wconf 85' lang='lat' dir='ltr'>reliquisque</span> <span class='ocrx_word' id='word_1_60' title='bbox 1288 613 1511 667; x_wconf 86' lang='lat' dir='ltr'>Apostolis</span> <span class='ocrx_word' id='word_1_61' title='bbox 1548 613 1827 655; x_wconf 69' lang='lat' dir='ltr'>Antiochiam</span> 
     </span>
     <span class='ocr_line' id='line_1_8' title="bbox 260 684 1825 737; baseline -0.001 -10"><span class='ocrx_word' id='word_1_62' title='bbox 260 686 460 737; x_wconf 89' lang='lat' dir='ltr'>mittitur,</span> <span class='ocrx_word' id='word_1_63' title='bbox 504 686 599 727; x_wconf 88' lang='lat' dir='ltr'>Act.</span> <span class='ocrx_word' id='word_1_64' title='bbox 644 685 680 737; x_wconf 79' lang='lat'>8,</span> <span class='ocrx_word' id='word_1_65' title='bbox 726 686 788 726; x_wconf 82' lang='lat'>14.</span> <span class='ocrx_word' id='word_1_66' title='bbox 833 685 964 727; x_wconf 83' lang='lat' dir='ltr'>officii</span> <span class='ocrx_word' id='word_1_67' title='bbox 1006 686 1217 727; x_wconf 90' lang='lat' dir='ltr'>rationem</span> <span class='ocrx_word' id='word_1_68' title='bbox 1256 686 1406 737; x_wconf 88' lang='lat' dir='ltr'>reddit,</span> <span class='ocrx_word' id='word_1_69' title='bbox 1444 684 1540 726; x_wconf 87' lang='lat' dir='ltr'>Act.</span> <span class='ocrx_word' id='word_1_70' title='bbox 1580 684 1642 736; x_wconf 88' lang='grc'>11,</span> <span class='ocrx_word' id='word_1_71' title='bbox 1681 685 1718 725; x_wconf 83' lang='grc'>2.</span> <span class='ocrx_word' id='word_1_72' title='bbox 1749 686 1825 726; x_wconf 87' lang='grc'>010.</span> 
     </span>
     <span class='ocr_line' id='line_1_9' title="bbox 259 756 1826 811; baseline 0 -13"><span class='ocrx_word' id='word_1_73' title='bbox 259 756 351 799; x_wconf 92' lang='grc'>11110</span> <span class='ocrx_word' id='word_1_74' title='bbox 390 772 489 799; x_wconf 81' lang='lat' dir='ltr'>vero</span> <span class='ocrx_word' id='word_1_75' title='bbox 527 772 613 799; x_wconf 90' lang='lat' dir='ltr'>non</span> <span class='ocrx_word' id='word_1_76' title='bbox 651 759 768 798; x_wconf 89' lang='lat' dir='ltr'>recto</span> <span class='ocrx_word' id='word_1_77' title='bbox 806 757 912 810; x_wconf 89' lang='lat' dir='ltr'>pede</span> <span class='ocrx_word' id='word_1_78' title='bbox 949 756 1215 799; x_wconf 71' lang='lat' dir='ltr'>incedentem</span> <span class='ocrx_word' id='word_1_79' title='bbox 1251 756 1537 811; x_wconf 89' lang='lat' dir='ltr'>reprehendit,</span> <span class='ocrx_word' id='word_1_80' title='bbox 1568 758 1609 797; x_wconf 91' lang='lat' dir='ltr'>et</span> <span class='ocrx_word' id='word_1_81' title='bbox 1639 756 1677 798; x_wconf 90' lang='lat' dir='ltr'>ei</span> <span class='ocrx_word' id='word_1_82' title='bbox 1704 756 1749 796; x_wconf 90' lang='lat' dir='ltr'>in</span> <span class='ocrx_word' id='word_1_83' title='bbox 1780 770 1826 798; x_wconf 88' lang='lat' dir='ltr'>os</span> 
     </span>
     <span class='ocr_line' id='line_1_10' title="bbox 260 826 1827 880; baseline -0.001 -11"><span class='ocrx_word' id='word_1_84' title='bbox 260 828 420 869; x_wconf 90' lang='lat' dir='ltr'>resistit</span> <span class='ocrx_word' id='word_1_85' title='bbox 463 827 633 879; x_wconf 85' lang='lat' dir='ltr'>Paulus,</span> <span class='ocrx_word' id='word_1_86' title='bbox 675 826 765 869; x_wconf 84' lang='lat' dir='ltr'>Gal.</span> <span class='ocrx_word' id='word_1_87' title='bbox 805 828 841 878; x_wconf 80' lang='lat'>2,</span> <span class='ocrx_word' id='word_1_88' title='bbox 883 828 946 869; x_wconf 94' lang='grc'>11.</span> <span class='ocrx_word' id='word_1_89' title='bbox 987 830 1064 870; x_wconf 85' lang='lat' dir='ltr'>etc.</span> <span class='ocrx_word' id='word_1_90' title='bbox 1095 828 1280 870; x_wconf 85' lang='lat' dir='ltr'>Tantum</span> <span class='ocrx_word' id='word_1_91' title='bbox 1310 828 1441 880; x_wconf 89' lang='lat' dir='ltr'>abest,</span> <span class='ocrx_word' id='word_1_92' title='bbox 1473 830 1520 869; x_wconf 90' lang='lat' dir='ltr'>ut</span> <span class='ocrx_word' id='word_1_93' title='bbox 1548 827 1701 869; x_wconf 88' lang='lat' dir='ltr'>Petrus</span> <span class='ocrx_word' id='word_1_94' title='bbox 1729 827 1827 869; x_wconf 92' lang='lat' dir='ltr'>reli-</span> 
     </span>
     <span class='ocr_line' id='line_1_11' title="bbox 260 898 1826 952; baseline -0.001 -12"><span class='ocrx_word' id='word_1_95' title='bbox 260 900 354 952; x_wconf 86' lang='lat' dir='ltr'>quis</span> <span class='ocrx_word' id='word_1_96' title='bbox 384 902 603 952; x_wconf 88' lang='lat' dir='ltr'>tamquam</span> <span class='ocrx_word' id='word_1_97' title='bbox 633 901 762 952; x_wconf 90' lang='lat' dir='ltr'>caput</span> <span class='ocrx_word' id='word_1_98' title='bbox 789 898 918 940; x_wconf 85' lang='lat' dir='ltr'>fuerit</span> <span class='ocrx_word' id='word_1_99' title='bbox 947 899 1187 952; x_wconf 86' lang='lat' dir='ltr'>impositus,</span> <span class='ocrx_word' id='word_1_100' title='bbox 1217 899 1458 952; x_wconf 83' lang='lat' dir='ltr'>reliquique</span> <span class='ocrx_word' id='word_1_101' title='bbox 1482 898 1560 941; x_wconf 89' lang='lat' dir='ltr'>sub</span> <span class='ocrx_word' id='word_1_102' title='bbox 1585 899 1674 951; x_wconf 89' lang='lat' dir='ltr'>ejus</span> <span class='ocrx_word' id='word_1_103' title='bbox 1699 898 1826 940; x_wconf 86' lang='lat' dir='ltr'>ductu</span> 
     </span>
     <span class='ocr_line' id='line_1_12' title="bbox 260 970 767 1013; baseline -0.002 -1"><span class='ocrx_word' id='word_1_104' title='bbox 260 986 308 1012; x_wconf 90' lang='lat' dir='ltr'>ac</span> <span class='ocrx_word' id='word_1_105' title='bbox 338 971 569 1013; x_wconf 89' lang='lat' dir='ltr'>directione</span> <span class='ocrx_word' id='word_1_106' title='bbox 597 970 767 1012; x_wconf 88' lang='lat' dir='ltr'>fuerint.</span> 
     </span>
    </p>

    <p class='ocr_par' dir='ltr' id='par_1_3' title="bbox 260 1041 1829 1595">
     <span class='ocr_line' id='line_1_13' title="bbox 312 1041 1827 1096; baseline 0.001 -13"><span class='ocrx_word' id='word_1_107' title='bbox 312 1042 426 1084; x_wconf 89' lang='lat' dir='ltr'>XIX.</span> <span class='ocrx_word' id='word_1_108' title='bbox 466 1041 743 1084; x_wconf 82' lang='lat' dir='ltr'>Concedimus</span> <span class='ocrx_word' id='word_1_109' title='bbox 782 1044 938 1094; x_wconf 87' lang='lat' dir='ltr'>tamen,</span> <span class='ocrx_word' id='word_1_110' title='bbox 973 1045 1021 1084; x_wconf 91' lang='lat' dir='ltr'>ut</span> <span class='ocrx_word' id='word_1_111' title='bbox 1049 1042 1089 1083; x_wconf 83' lang='lat' dir='ltr'><strong>A</strong></span> <span class='ocrx_word' id='word_1_112' title='bbox 1100 1058 1127 1096; x_wconf 89' lang='lat' dir='ltr'>p</span> <span class='ocrx_word' id='word_1_113' title='bbox 1142 1057 1165 1084; x_wconf 94' lang='grc'>0</span> <span class='ocrx_word' id='word_1_114' title='bbox 1178 1058 1196 1084; x_wconf 90' lang='grc'>3</span> <span class='ocrx_word' id='word_1_115' title='bbox 1208 1044 1226 1084; x_wconf 97' lang='grc'>1</span> <span class='ocrx_word' id='word_1_116' title='bbox 1240 1042 1313 1085; x_wconf 90' lang='lat' dir='ltr'>oli</span> <span class='ocrx_word' id='word_1_117' title='bbox 1343 1057 1417 1085; x_wconf 89' lang='grc'>3110</span> <span class='ocrx_word' id='word_1_118' title='bbox 1446 1042 1491 1084; x_wconf 90' lang='grc'>111</span> <span class='ocrx_word' id='word_1_119' title='bbox 1522 1042 1827 1084; x_wconf 87' lang='lat' dir='ltr'>administrati-</span> 
     </span>
     <span class='ocr_line' id='line_1_14' title="bbox 263 1113 1828 1167; baseline 0.001 -12"><span class='ocrx_word' id='word_1_120' title='bbox 263 1129 342 1155; x_wconf 93' lang='lat' dir='ltr'>one</span> <span class='ocrx_word' id='word_1_121' title='bbox 382 1114 530 1167; x_wconf 88' lang='lat' dir='ltr'>gradu,</span> <span class='ocrx_word' id='word_1_122' title='bbox 570 1128 649 1166; x_wconf 91' lang='lat' dir='ltr'>pro</span> <span class='ocrx_word' id='word_1_123' title='bbox 687 1113 895 1166; x_wconf 86' lang='lat' dir='ltr'>singulari</span> <span class='ocrx_word' id='word_1_124' title='bbox 923 1114 1147 1156; x_wconf 87' lang='lat' dir='ltr'>vocatione</span> <span class='ocrx_word' id='word_1_125' title='bbox 1177 1116 1218 1155; x_wconf 91' lang='grc'>01</span> <span class='ocrx_word' id='word_1_126' title='bbox 1248 1113 1433 1167; x_wconf 82' lang='lat' dir='ltr'>Spiritus</span> <span class='ocrx_word' id='word_1_127' title='bbox 1462 1113 1608 1155; x_wconf 88' lang='lat' dir='ltr'>Sancti</span> <span class='ocrx_word' id='word_1_128' title='bbox 1638 1116 1828 1156; x_wconf 86' lang='lat' dir='ltr'>extraor-</span> 
     </span>
     <span class='ocr_line' id='line_1_15' title="bbox 262 1185 1827 1238; baseline 0.001 -12"><span class='ocrx_word' id='word_1_129' title='bbox 262 1185 425 1227; x_wconf 91' lang='lat' dir='ltr'>dinaria</span> <span class='ocrx_word' id='word_1_130' title='bbox 456 1185 710 1236; x_wconf 89' lang='lat' dir='ltr'>assistentia,</span> <span class='ocrx_word' id='word_1_131' title='bbox 741 1185 993 1238; x_wconf 91' lang='lat' dir='ltr'>primarium</span> <span class='ocrx_word' id='word_1_132' title='bbox 1020 1185 1161 1227; x_wconf 89' lang='lat' dir='ltr'>locum</span> <span class='ocrx_word' id='word_1_133' title='bbox 1190 1187 1430 1236; x_wconf 90' lang='lat' dir='ltr'>tenuerunt,</span> <span class='ocrx_word' id='word_1_134' title='bbox 1460 1185 1522 1226; x_wconf 92' lang='lat' dir='ltr'>ita</span> <span class='ocrx_word' id='word_1_135' title='bbox 1552 1187 1594 1226; x_wconf 90' lang='lat' dir='ltr'>et</span> <span class='ocrx_word' id='word_1_136' title='bbox 1622 1185 1827 1235; x_wconf 64' lang='grc' dir='ltr'>εὐταξίας,</span> 
     </span>
     <span class='ocr_line' id='line_1_16' title="bbox 261 1256 1828 1310; baseline 0 -12"><span class='ocrx_word' id='word_1_137' title='bbox 261 1272 335 1298; x_wconf 85' lang='grc'>3011</span> <span class='ocrx_word' id='word_1_138' title='bbox 379 1256 539 1299; x_wconf 88' lang='lat' dir='ltr'>ordinis</span> <span class='ocrx_word' id='word_1_139' title='bbox 582 1257 735 1310; x_wconf 87' lang='lat' dir='ltr'>gratia,</span> <span class='ocrx_word' id='word_1_140' title='bbox 777 1256 811 1297; x_wconf 91' lang='lat' dir='ltr'>P</span> <span class='ocrx_word' id='word_1_141' title='bbox 825 1259 906 1298; x_wconf 88' lang='lat' dir='ltr'>etr</span> <span class='ocrx_word' id='word_1_142' title='bbox 917 1272 944 1298; x_wconf 90' lang='lat' dir='ltr'>u</span> <span class='ocrx_word' id='word_1_143' title='bbox 955 1272 998 1298; x_wconf 89' lang='lat' dir='ltr'>m</span> <span class='ocrx_word' id='word_1_144' title='bbox 1038 1257 1150 1298; x_wconf 91' lang='lat' dir='ltr'>inter</span> <span class='ocrx_word' id='word_1_145' title='bbox 1193 1272 1264 1299; x_wconf 90' lang='lat' dir='ltr'>eos</span> <span class='ocrx_word' id='word_1_146' title='bbox 1295 1257 1535 1310; x_wconf 76' lang='lat' dir='ltr'>‘aliquando</span> <span class='ocrx_word' id='word_1_147' title='bbox 1579 1257 1738 1310; x_wconf 86' lang='lat' dir='ltr'>primas</span> <span class='ocrx_word' id='word_1_148' title='bbox 1765 1259 1828 1299; x_wconf 88' lang='lat' dir='ltr'>te-</span> 
     </span>
     <span class='ocr_line' id='line_1_17' title="bbox 260 1328 1828 1380; baseline 0.001 -12"><span class='ocrx_word' id='word_1_149' title='bbox 260 1328 400 1369; x_wconf 86' lang='lat' dir='ltr'>nuisse</span> <span class='ocrx_word' id='word_1_150' title='bbox 413 1343 421 1378; x_wconf 90' lang='lat'>;</span> <span class='ocrx_word' id='word_1_151' title='bbox 461 1328 534 1369; x_wconf 90' lang='lat' dir='ltr'>sed</span> <span class='ocrx_word' id='word_1_152' title='bbox 570 1328 664 1369; x_wconf 90' lang='lat' dir='ltr'>ideo</span> <span class='ocrx_word' id='word_1_153' title='bbox 705 1330 965 1380; x_wconf 88' lang='lat' dir='ltr'>potestatem</span> <span class='ocrx_word' id='word_1_154' title='bbox 1002 1329 1047 1369; x_wconf 89' lang='lat' dir='ltr'>in</span> <span class='ocrx_word' id='word_1_155' title='bbox 1083 1328 1179 1370; x_wconf 89' lang='lat' dir='ltr'>illos</span> <span class='ocrx_word' id='word_1_156' title='bbox 1219 1331 1293 1370; x_wconf 88' lang='lat' dir='ltr'>aut</span> <span class='ocrx_word' id='word_1_157' title='bbox 1325 1329 1565 1370; x_wconf 85' lang='lat' dir='ltr'>universam</span> <span class='ocrx_word' id='word_1_158' title='bbox 1593 1328 1828 1370; x_wconf 87' lang='lat' dir='ltr'>Ecclesiam</span> 
     </span>
     <span class='ocr_line' id='line_1_18' title="bbox 260 1398 1828 1454; baseline 0 -14"><span class='ocrx_word' id='word_1_159' title='bbox 260 1399 460 1440; x_wconf 88' lang='lat' dir='ltr'>habuisse</span> <span class='ocrx_word' id='word_1_160' title='bbox 502 1398 568 1440; x_wconf 78' lang='lat' dir='ltr'>vel</span> <span class='ocrx_word' id='word_1_161' title='bbox 610 1399 844 1440; x_wconf 81' lang='lat' dir='ltr'>exercuisse</span> <span class='ocrx_word' id='word_1_162' title='bbox 886 1414 1103 1452; x_wconf 83' lang='lat' dir='ltr'>negamus.</span> <span class='ocrx_word' id='word_1_163' title='bbox 1149 1399 1284 1441; x_wconf 86' lang='lat' dir='ltr'>Totus</span> <span class='ocrx_word' id='word_1_164' title='bbox 1326 1402 1470 1441; x_wconf 88' lang='lat' dir='ltr'>autem</span> <span class='ocrx_word' id='word_1_165' title='bbox 1509 1399 1579 1440; x_wconf 88' lang='grc'>1110</span> <span class='ocrx_word' id='word_1_166' title='bbox 1621 1399 1828 1454; x_wconf 89' lang='lat' dir='ltr'>primatus</span> 
     </span>
     <span class='ocr_line' id='line_1_19' title="bbox 263 1470 1829 1523; baseline 0.001 -12"><span class='ocrx_word' id='word_1_167' title='bbox 263 1485 348 1512; x_wconf 90' lang='lat' dir='ltr'>non</span> <span class='ocrx_word' id='word_1_168' title='bbox 393 1470 551 1523; x_wconf 85' lang='lat' dir='ltr'>gradus</span> <span class='ocrx_word' id='word_1_169' title='bbox 595 1473 658 1511; x_wconf 88' lang='lat' dir='ltr'>est</span> <span class='ocrx_word' id='word_1_170' title='bbox 699 1471 810 1512; x_wconf 87' lang='lat' dir='ltr'>inter</span> <span class='ocrx_word' id='word_1_171' title='bbox 851 1470 1086 1522; x_wconf 83' lang='lat' dir='ltr'>inferiores,</span> <span class='ocrx_word' id='word_1_172' title='bbox 1131 1471 1203 1512; x_wconf 90' lang='lat' dir='ltr'>sed</span> <span class='ocrx_word' id='word_1_173' title='bbox 1248 1471 1408 1513; x_wconf 88' lang='lat' dir='ltr'>ordinis</span> <span class='ocrx_word' id='word_1_174' title='bbox 1448 1471 1560 1512; x_wconf 88' lang='lat' dir='ltr'>inter</span> <span class='ocrx_word' id='word_1_175' title='bbox 1602 1485 1725 1523; x_wconf 86' lang='lat' dir='ltr'>pares</span> <span class='ocrx_word' id='word_1_176' title='bbox 1737 1486 1746 1520; x_wconf 82' lang='lat'>3</span> <span class='ocrx_word' id='word_1_177' title='bbox 1787 1473 1829 1512; x_wconf 85' lang='lat' dir='ltr'>et</span> 
     </span>
     <span class='ocr_line' id='line_1_20' title="bbox 261 1541 1008 1595; baseline 0 -12"><span class='ocrx_word' id='word_1_178' title='bbox 261 1541 541 1592; x_wconf 78' lang='lat' dir='ltr'>auctoritatiS,</span> <span class='ocrx_word' id='word_1_179' title='bbox 572 1556 657 1583; x_wconf 91' lang='lat' dir='ltr'>non</span> <span class='ocrx_word' id='word_1_180' title='bbox 684 1541 1008 1595; x_wconf 85' lang='lat' dir='ltr'>jurisdictionis.</span> 
     </span>
    </p>

    <p class='ocr_par' dir='ltr' id='par_1_4' title="bbox 256 1612 1830 2864">
     <span class='ocr_line' id='line_1_21' title="bbox 313 1612 1827 1666; baseline 0 -11"><span class='ocrx_word' id='word_1_181' title='bbox 313 1612 406 1655; x_wconf 90' lang='lat' dir='ltr'>XX.</span> <span class='ocrx_word' id='word_1_182' title='bbox 436 1612 588 1666; x_wconf 88' lang='lat' dir='ltr'>Neque</span> <span class='ocrx_word' id='word_1_183' title='bbox 616 1613 715 1655; x_wconf 90' lang='lat' dir='ltr'>huic</span> <span class='ocrx_word' id='word_1_184' title='bbox 744 1614 806 1655; x_wconf 91' lang='lat' dir='ltr'>rei</span> <span class='ocrx_word' id='word_1_185' title='bbox 834 1613 1067 1655; x_wconf 87' lang='lat' dir='ltr'>firmandae</span> <span class='ocrx_word' id='word_1_186' title='bbox 1097 1613 1326 1666; x_wconf 88' lang='lat' dir='ltr'>quicquam</span> <span class='ocrx_word' id='word_1_187' title='bbox 1348 1613 1452 1655; x_wconf 83' lang='lat' dir='ltr'>facit</span> <span class='ocrx_word' id='word_1_188' title='bbox 1475 1613 1592 1655; x_wconf 89' lang='lat' dir='ltr'>locus</span> <span class='ocrx_word' id='word_1_189' title='bbox 1615 1613 1739 1655; x_wconf 86' lang='lat' dir='ltr'>Matt.</span> <span class='ocrx_word' id='word_1_190' title='bbox 1765 1613 1827 1655; x_wconf 88' lang='grc'>16.</span> 
     </span>
     <span class='ocr_line' id='line_1_22' title="bbox 260 1684 1826 1738; baseline 0 -12"><span class='ocrx_word' id='word_1_191' title='bbox 260 1684 333 1726; x_wconf 85' lang='lat' dir='ltr'>ubi</span> <span class='ocrx_word' id='word_1_192' title='bbox 370 1684 499 1726; x_wconf 87' lang='lat' dir='ltr'>Petro</span> <span class='ocrx_word' id='word_1_193' title='bbox 539 1685 747 1738; x_wconf 73' lang='lat' dir='ltr'>primatus</span> <span class='ocrx_word' id='word_1_194' title='bbox 786 1685 914 1737; x_wconf 82' lang='lat' dir='ltr'>hujus</span> <span class='ocrx_word' id='word_1_195' title='bbox 945 1685 1329 1738; x_wconf 81' lang='lat' dir='ltr'>supereminentiae</span> <span class='ocrx_word' id='word_1_196' title='bbox 1359 1685 1414 1726; x_wconf 90' lang='lat' dir='ltr'>sit</span> <span class='ocrx_word' id='word_1_197' title='bbox 1446 1685 1559 1726; x_wconf 79' lang='lat' dir='ltr'>facta</span> <span class='ocrx_word' id='word_1_198' title='bbox 1588 1685 1826 1738; x_wconf 85' lang='lat' dir='ltr'>promissio,</span> 
     </span>
     <span class='ocr_line' id='line_1_23' title="bbox 260 1755 1830 1810; baseline -0.001 -12"><span class='ocrx_word' id='word_1_199' title='bbox 260 1757 360 1798; x_wconf 90' lang='lat' dir='ltr'>dum</span> <span class='ocrx_word' id='word_1_200' title='bbox 402 1756 462 1797; x_wconf 92' lang='lat' dir='ltr'>ait</span> <span class='ocrx_word' id='word_1_201' title='bbox 503 1755 647 1798; x_wconf 84' lang='lat' dir='ltr'>Jesus:</span> <span class='ocrx_word' id='word_1_202' title='bbox 691 1756 758 1797; x_wconf 92' lang='lat' dir='ltr'>Et</span> <span class='ocrx_word' id='word_1_203' title='bbox 797 1771 894 1810; x_wconf 90' lang='lat' dir='ltr'>ego</span> <span class='ocrx_word' id='word_1_204' title='bbox 935 1756 1053 1798; x_wconf 92' lang='lat' dir='ltr'>dico</span> <span class='ocrx_word' id='word_1_205' title='bbox 1082 1756 1210 1808; x_wconf 88' lang='lat' dir='ltr'>tibi,</span> <span class='ocrx_word' id='word_1_206' title='bbox 1241 1756 1313 1797; x_wconf 82' lang='lat' dir='ltr'>Tu</span> <span class='ocrx_word' id='word_1_207' title='bbox 1343 1771 1394 1797; x_wconf 86' lang='lat' dir='ltr'>es</span> <span class='ocrx_word' id='word_1_208' title='bbox 1424 1755 1640 1807; x_wconf 90' lang='lat' dir='ltr'>Petrus,</span> <span class='ocrx_word' id='word_1_209' title='bbox 1673 1758 1723 1797; x_wconf 89' lang='lat' dir='ltr'>et</span> <span class='ocrx_word' id='word_1_210' title='bbox 1752 1771 1830 1798; x_wconf 86' lang='lat' dir='ltr'>su-</span> 
     </span>
     <span class='ocr_line' id='line_1_24' title="bbox 261 1827 1830 1881; baseline 0 -13"><span class='ocrx_word' id='word_1_211' title='bbox 261 1842 355 1880; x_wconf 92' lang='lat' dir='ltr'>per</span> <span class='ocrx_word' id='word_1_212' title='bbox 407 1828 543 1870; x_wconf 88' lang='lat' dir='ltr'>hanc</span> <span class='ocrx_word' id='word_1_213' title='bbox 586 1830 803 1881; x_wconf 86' lang='lat' dir='ltr'>petram</span> <span class='ocrx_word' id='word_1_214' title='bbox 846 1828 1162 1870; x_wconf 81' lang='lat' dir='ltr'>aedificabo</span> <span class='ocrx_word' id='word_1_215' title='bbox 1205 1827 1506 1869; x_wconf 85' lang='lat' dir='ltr'>Ecclesiam</span> <span class='ocrx_word' id='word_1_216' title='bbox 1548 1842 1735 1879; x_wconf 89' lang='lat' dir='ltr'>meam,</span> <span class='ocrx_word' id='word_1_217' title='bbox 1779 1830 1830 1869; x_wconf 93' lang='lat' dir='ltr'>et</span> 
     </span>
     <span class='ocr_line' id='line_1_25' title="bbox 256 1898 1828 1952; baseline -0.001 -13"><span class='ocrx_word' id='word_1_218' title='bbox 256 1900 451 1952; x_wconf 86' lang='lat' dir='ltr'>portae</span> <span class='ocrx_word' id='word_1_219' title='bbox 488 1899 799 1941; x_wconf 88' lang='lat' dir='ltr'>inferorum</span> <span class='ocrx_word' id='word_1_220' title='bbox 838 1914 943 1940; x_wconf 89' lang='lat' dir='ltr'>non</span> <span class='ocrx_word' id='word_1_221' title='bbox 970 1898 1376 1952; x_wconf 88' lang='lat' dir='ltr'>praevalebunt</span> <span class='ocrx_word' id='word_1_222' title='bbox 1406 1898 1667 1939; x_wconf 87' lang='lat' dir='ltr'>adversus</span> <span class='ocrx_word' id='word_1_223' title='bbox 1697 1912 1828 1948; x_wconf 89' lang='lat' dir='ltr'>eam;</span> 
     </span>
     <span class='ocr_line' id='line_1_26' title="bbox 259 1968 1828 2024; baseline 0 -15"><span class='ocrx_word' id='word_1_224' title='bbox 259 1971 310 2009; x_wconf 92' lang='lat' dir='ltr'>et</span> <span class='ocrx_word' id='word_1_225' title='bbox 348 1969 484 2011; x_wconf 87' lang='lat' dir='ltr'>dabo</span> <span class='ocrx_word' id='word_1_226' title='bbox 523 1970 629 2011; x_wconf 88' lang='lat' dir='ltr'>tibi</span> <span class='ocrx_word' id='word_1_227' title='bbox 668 1971 848 2012; x_wconf 81' lang='lat' dir='ltr'>claves</span> <span class='ocrx_word' id='word_1_228' title='bbox 878 1970 1035 2023; x_wconf 87' lang='lat' dir='ltr'>regni</span> <span class='ocrx_word' id='word_1_229' title='bbox 1065 1969 1362 2018; x_wconf 87' lang='lat' dir='ltr'>coelorum,</span> <span class='ocrx_word' id='word_1_230' title='bbox 1395 1968 1663 2021; x_wconf 90' lang='lat' dir='ltr'>quidquid</span> <span class='ocrx_word' id='word_1_231' title='bbox 1694 1969 1828 2024; x_wconf 84' lang='lat' dir='ltr'>liga—</span> 
     </span>
     <span class='ocr_line' id='line_1_27' title="bbox 257 2039 1826 2094; baseline 0.001 -14"><span class='ocrx_word' id='word_1_232' title='bbox 257 2054 282 2080; x_wconf 88' lang='lat' dir='ltr'><strong>v</strong></span> <span class='ocrx_word' id='word_1_233' title='bbox 296 2040 403 2080; x_wconf 90' lang='lat' dir='ltr'>eris</span> <span class='ocrx_word' id='word_1_234' title='bbox 431 2040 484 2081; x_wconf 92' lang='lat' dir='ltr'>in</span> <span class='ocrx_word' id='word_1_235' title='bbox 512 2043 681 2093; x_wconf 89' lang='lat' dir='ltr'>terra,</span> <span class='ocrx_word' id='word_1_236' title='bbox 710 2041 947 2094; x_wconf 85' lang='lat' dir='ltr'>ligatum</span> <span class='ocrx_word' id='word_1_237' title='bbox 977 2041 1083 2082; x_wconf 88' lang='grc'>0111</span> <span class='ocrx_word' id='word_1_238' title='bbox 1111 2042 1165 2082; x_wconf 89' lang='grc'>111</span> <span class='ocrx_word' id='word_1_239' title='bbox 1194 2055 1250 2083; x_wconf 96' lang='lat' dir='ltr'>co</span> <span class='ocrx_word' id='word_1_240' title='bbox 1264 2040 1376 2083; x_wconf 88' lang='lat' dir='ltr'>elis.</span> <span class='ocrx_word' id='word_1_241' title='bbox 1406 2039 1558 2093; x_wconf 86' lang='lat' dir='ltr'>Neque</span> <span class='ocrx_word' id='word_1_242' title='bbox 1582 2040 1702 2092; x_wconf 87' lang='lat' dir='ltr'>alter,</span> <span class='ocrx_word' id='word_1_243' title='bbox 1728 2039 1826 2082; x_wconf 84' lang='lat' dir='ltr'>Joh.</span> 
     </span>
     <span class='ocr_line' id='line_1_28' title="bbox 262 2111 1828 2166; baseline 0.001 -15"><span class='ocrx_word' id='word_1_244' title='bbox 262 2111 324 2163; x_wconf 81' lang='lat'>21,</span> <span class='ocrx_word' id='word_1_245' title='bbox 357 2111 418 2152; x_wconf 83' lang='lat'>15.</span> <span class='ocrx_word' id='word_1_246' title='bbox 450 2112 523 2153; x_wconf 89' lang='lat' dir='ltr'>ubi</span> <span class='ocrx_word' id='word_1_247' title='bbox 552 2112 846 2165; x_wconf 83' lang='lat' dir='ltr'>promissionis</span> <span class='ocrx_word' id='word_1_248' title='bbox 877 2115 975 2154; x_wconf 87' lang='grc'>01110</span> <span class='ocrx_word' id='word_1_249' title='bbox 1004 2112 1142 2154; x_wconf 83' lang='lat' dir='ltr'>factae</span> <span class='ocrx_word' id='word_1_250' title='bbox 1172 2113 1227 2154; x_wconf 90' lang='lat' dir='ltr'>sit</span> <span class='ocrx_word' id='word_1_251' title='bbox 1257 2113 1506 2166; x_wconf 91' lang='lat' dir='ltr'>praestatio,</span> <span class='ocrx_word' id='word_1_252' title='bbox 1537 2113 1636 2154; x_wconf 90' lang='lat' dir='ltr'>dum</span> <span class='ocrx_word' id='word_1_253' title='bbox 1665 2111 1828 2154; x_wconf 80' lang='lat' dir='ltr'>Simoni</span> 
     </span>
     <span class='ocr_line' id='line_1_29' title="bbox 260 2181 1829 2238; baseline 0.001 -15"><span class='ocrx_word' id='word_1_254' title='bbox 260 2181 388 2224; x_wconf 90' lang='lat' dir='ltr'>Petro</span> <span class='ocrx_word' id='word_1_255' title='bbox 426 2184 578 2236; x_wconf 89' lang='lat' dir='ltr'>inquit,</span> <span class='ocrx_word' id='word_1_256' title='bbox 618 2184 802 2226; x_wconf 81' lang='lat' dir='ltr'>Simon</span> <span class='ocrx_word' id='word_1_257' title='bbox 841 2184 932 2225; x_wconf 86' lang='lat' dir='ltr'>fili</span> <span class='ocrx_word' id='word_1_258' title='bbox 969 2183 1160 2235; x_wconf 86' lang='lat' dir='ltr'>Jonae,</span> <span class='ocrx_word' id='word_1_259' title='bbox 1198 2185 1395 2238; x_wconf 61' lang='lat' dir='ltr'>diligis,</span> <span class='ocrx_word' id='word_1_260' title='bbox 1421 2200 1497 2226; x_wconf 90' lang='lat' dir='ltr'>me</span> <span class='ocrx_word' id='word_1_261' title='bbox 1525 2185 1647 2238; x_wconf 88' lang='lat' dir='ltr'>plus</span> <span class='ocrx_word' id='word_1_262' title='bbox 1675 2198 1829 2236; x_wconf 89' lang='lat' dir='ltr'>quam</span> 
     </span>
     <span class='ocr_line' id='line_1_30' title="bbox 257 2252 1828 2308; baseline 0.002 -15"><span class='ocrx_word' id='word_1_263' title='bbox 257 2252 342 2294; x_wconf 77' lang='lat' dir='ltr'>hi?</span> <span class='ocrx_word' id='word_1_264' title='bbox 384 2253 535 2295; x_wconf 91' lang='lat' dir='ltr'>Dicit</span> <span class='ocrx_word' id='word_1_265' title='bbox 579 2255 625 2296; x_wconf 90' lang='lat' dir='ltr'>ei</span> <span class='ocrx_word' id='word_1_266' title='bbox 667 2255 887 2306; x_wconf 86' lang='lat' dir='ltr'>Petrus,</span> <span class='ocrx_word' id='word_1_267' title='bbox 927 2255 1083 2297; x_wconf 81' lang='lat' dir='ltr'>Certe</span> <span class='ocrx_word' id='word_1_268' title='bbox 1122 2255 1348 2298; x_wconf 89' lang='lat' dir='ltr'>Domine</span> <span class='ocrx_word' id='word_1_269' title='bbox 1384 2258 1442 2297; x_wconf 92' lang='lat' dir='ltr'>tu</span> <span class='ocrx_word' id='word_1_270' title='bbox 1478 2256 1648 2308; x_wconf 90' lang='lat' dir='ltr'>nosti,</span> <span class='ocrx_word' id='word_1_271' title='bbox 1688 2255 1828 2308; x_wconf 90' lang='lat' dir='ltr'>quod</span> 
     </span>
     <span class='ocr_line' id='line_1_31' title="bbox 257 2325 1827 2381; baseline 0.001 -16"><span class='ocrx_word' id='word_1_272' title='bbox 257 2339 420 2366; x_wconf 90' lang='lat' dir='ltr'>amem</span> <span class='ocrx_word' id='word_1_273' title='bbox 463 2328 526 2367; x_wconf 91' lang='lat' dir='ltr'>te.</span> <span class='ocrx_word' id='word_1_274' title='bbox 570 2326 727 2368; x_wconf 92' lang='lat' dir='ltr'>Dicit</span> <span class='ocrx_word' id='word_1_275' title='bbox 768 2326 899 2380; x_wconf 87' lang='lat' dir='ltr'>ipsi:</span> <span class='ocrx_word' id='word_1_276' title='bbox 939 2326 1106 2368; x_wconf 88' lang='lat' dir='ltr'>Pasce</span> <span class='ocrx_word' id='word_1_277' title='bbox 1146 2342 1317 2381; x_wconf 89' lang='lat' dir='ltr'>agnos</span> <span class='ocrx_word' id='word_1_278' title='bbox 1350 2341 1507 2369; x_wconf 90' lang='lat' dir='ltr'>meos.</span> <span class='ocrx_word' id='word_1_279' title='bbox 1538 2325 1691 2368; x_wconf 89' lang='lat' dir='ltr'>Dicit</span> <span class='ocrx_word' id='word_1_280' title='bbox 1718 2341 1827 2367; x_wconf 89' lang='lat' dir='ltr'>rur-</span> 
     </span>
     <span class='ocr_line' id='line_1_32' title="bbox 259 2396 1827 2451; baseline 0.002 -15"><span class='ocrx_word' id='word_1_281' title='bbox 259 2411 369 2437; x_wconf 90' lang='lat' dir='ltr'>sum</span> <span class='ocrx_word' id='word_1_282' title='bbox 407 2397 667 2449; x_wconf 86' lang='lat' dir='ltr'>secundo,</span> <span class='ocrx_word' id='word_1_283' title='bbox 706 2397 889 2439; x_wconf 88' lang='lat' dir='ltr'>Simon</span> <span class='ocrx_word' id='word_1_284' title='bbox 926 2397 1119 2450; x_wconf 83' lang='lat' dir='ltr'>Jonae,</span> <span class='ocrx_word' id='word_1_285' title='bbox 1159 2398 1353 2451; x_wconf 86' lang='lat' dir='ltr'>diligis</span> <span class='ocrx_word' id='word_1_286' title='bbox 1390 2400 1496 2440; x_wconf 75' lang='lat' dir='ltr'>me?</span> <span class='ocrx_word' id='word_1_287' title='bbox 1535 2396 1692 2439; x_wconf 81' lang='lat' dir='ltr'>Certe</span> <span class='ocrx_word' id='word_1_288' title='bbox 1729 2396 1827 2439; x_wconf 92' lang='lat' dir='ltr'>Do-</span> 
     </span>
     <span class='ocr_line' id='line_1_33' title="bbox 256 2467 1826 2522; baseline 0.001 -14"><span class='ocrx_word' id='word_1_289' title='bbox 256 2467 396 2509; x_wconf 89' lang='lat' dir='ltr'>mine</span> <span class='ocrx_word' id='word_1_290' title='bbox 434 2470 490 2509; x_wconf 91' lang='lat' dir='ltr'>tu</span> <span class='ocrx_word' id='word_1_291' title='bbox 528 2469 678 2510; x_wconf 87' lang='lat' dir='ltr'>nosti</span> <span class='ocrx_word' id='word_1_292' title='bbox 716 2470 857 2522; x_wconf 87' lang='lat' dir='ltr'>quod</span> <span class='ocrx_word' id='word_1_293' title='bbox 893 2484 1055 2512; x_wconf 88' lang='lat' dir='ltr'>amem</span> <span class='ocrx_word' id='word_1_294' title='bbox 1094 2473 1156 2512; x_wconf 90' lang='lat' dir='ltr'>te.</span> <span class='ocrx_word' id='word_1_295' title='bbox 1197 2469 1349 2512; x_wconf 89' lang='lat' dir='ltr'>Dicit</span> <span class='ocrx_word' id='word_1_296' title='bbox 1388 2470 1455 2512; x_wconf 88' lang='lat' dir='ltr'>ei:</span> <span class='ocrx_word' id='word_1_297' title='bbox 1494 2469 1660 2511; x_wconf 85' lang='lat' dir='ltr'>Pasce</span> <span class='ocrx_word' id='word_1_298' title='bbox 1699 2483 1826 2510; x_wconf 83' lang='lat' dir='ltr'>oves</span> 
     </span>
     <span class='ocr_line' id='line_1_34' title="bbox 257 2538 1826 2593; baseline 0.002 -14"><span class='ocrx_word' id='word_1_299' title='bbox 257 2554 410 2580; x_wconf 89' lang='lat' dir='ltr'>meas.</span> <span class='ocrx_word' id='word_1_300' title='bbox 453 2538 606 2581; x_wconf 87' lang='lat' dir='ltr'>Dicit</span> <span class='ocrx_word' id='word_1_301' title='bbox 650 2539 696 2581; x_wconf 89' lang='lat' dir='ltr'>ei</span> <span class='ocrx_word' id='word_1_302' title='bbox 737 2540 932 2593; x_wconf 91' lang='lat' dir='ltr'>tertio,</span> <span class='ocrx_word' id='word_1_303' title='bbox 973 2540 1155 2582; x_wconf 89' lang='lat' dir='ltr'>Simon</span> <span class='ocrx_word' id='word_1_304' title='bbox 1194 2541 1284 2582; x_wconf 89' lang='lat' dir='ltr'>fili</span> <span class='ocrx_word' id='word_1_305' title='bbox 1320 2540 1344 2583; x_wconf 75' lang='lat' dir='ltr'><em>J</em></span> <span class='ocrx_word' id='word_1_306' title='bbox 1360 2555 1511 2592; x_wconf 87' lang='lat' dir='ltr'>onae,</span> <span class='ocrx_word' id='word_1_307' title='bbox 1552 2554 1693 2582; x_wconf 87' lang='lat' dir='ltr'>amas</span> <span class='ocrx_word' id='word_1_308' title='bbox 1719 2542 1826 2582; x_wconf 78' lang='lat' dir='ltr'>me?</span> 
     </span>
     <span class='ocr_line' id='line_1_35' title="bbox 258 2608 1827 2665; baseline 0.001 -14"><span class='ocrx_word' id='word_1_309' title='bbox 258 2608 520 2652; x_wconf 88' lang='lat' dir='ltr'>Tristitia</span> <span class='ocrx_word' id='word_1_310' title='bbox 557 2610 666 2652; x_wconf 85' lang='lat' dir='ltr'>fuit</span> <span class='ocrx_word' id='word_1_311' title='bbox 696 2611 937 2653; x_wconf 85' lang='lat' dir='ltr'>affectus</span> <span class='ocrx_word' id='word_1_312' title='bbox 967 2612 1183 2665; x_wconf 87' lang='lat' dir='ltr'>Petrus,</span> <span class='ocrx_word' id='word_1_313' title='bbox 1216 2613 1357 2665; x_wconf 90' lang='lat' dir='ltr'>quod</span> <span class='ocrx_word' id='word_1_314' title='bbox 1386 2612 1557 2654; x_wconf 89' lang='lat' dir='ltr'>tertio</span> <span class='ocrx_word' id='word_1_315' title='bbox 1589 2611 1827 2653; x_wconf 84' lang='lat' dir='ltr'>dixisset</span> 
     </span>
     <span class='ocr_line' id='line_1_36' title="bbox 256 2681 1825 2737; baseline 0.001 -15"><span class='ocrx_word' id='word_1_316' title='bbox 256 2681 386 2733; x_wconf 89' lang='lat' dir='ltr'>ipsi,</span> <span class='ocrx_word' id='word_1_317' title='bbox 430 2697 574 2729; x_wconf 88' lang='lat' dir='ltr'>amas</span> <span class='ocrx_word' id='word_1_318' title='bbox 610 2685 716 2725; x_wconf 82' lang='lat' dir='ltr'>me‘?</span> <span class='ocrx_word' id='word_1_319' title='bbox 756 2682 912 2725; x_wconf 86' lang='lat' dir='ltr'>Dixit</span> <span class='ocrx_word' id='word_1_320' title='bbox 951 2684 1018 2736; x_wconf 91' lang='lat' dir='ltr'>ei,</span> <span class='ocrx_word' id='word_1_321' title='bbox 1057 2684 1307 2737; x_wconf 89' lang='lat' dir='ltr'>Domine,</span> <span class='ocrx_word' id='word_1_322' title='bbox 1345 2687 1402 2725; x_wconf 90' lang='lat' dir='ltr'>tu</span> <span class='ocrx_word' id='word_1_323' title='bbox 1440 2684 1617 2726; x_wconf 86' lang='lat' dir='ltr'>omnia</span> <span class='ocrx_word' id='word_1_324' title='bbox 1654 2683 1825 2735; x_wconf 86' lang='lat' dir='ltr'>nosti,</span> 
     </span>
     <span class='ocr_line' id='line_1_37' title="bbox 257 2753 1824 2808; baseline 0.003 -17"><span class='ocrx_word' id='word_1_325' title='bbox 257 2753 312 2791; x_wconf 90' lang='lat' dir='ltr'>tu</span> <span class='ocrx_word' id='word_1_326' title='bbox 349 2753 497 2794; x_wconf 90' lang='lat' dir='ltr'>nosti</span> <span class='ocrx_word' id='word_1_327' title='bbox 536 2754 674 2806; x_wconf 90' lang='lat' dir='ltr'>quod</span> <span class='ocrx_word' id='word_1_328' title='bbox 712 2769 874 2796; x_wconf 88' lang='lat' dir='ltr'>amem</span> <span class='ocrx_word' id='word_1_329' title='bbox 913 2758 977 2797; x_wconf 90' lang='lat' dir='ltr'>te.</span> <span class='ocrx_word' id='word_1_330' title='bbox 1016 2755 1171 2797; x_wconf 90' lang='lat' dir='ltr'>Dicit</span> <span class='ocrx_word' id='word_1_331' title='bbox 1210 2756 1256 2797; x_wconf 92' lang='lat' dir='ltr'>ei</span> <span class='ocrx_word' id='word_1_332' title='bbox 1294 2755 1473 2808; x_wconf 87' lang='lat' dir='ltr'>Jesus,</span> <span class='ocrx_word' id='word_1_333' title='bbox 1504 2755 1670 2797; x_wconf 88' lang='lat' dir='ltr'>Pasce</span> <span class='ocrx_word' id='word_1_334' title='bbox 1700 2768 1824 2796; x_wconf 87' lang='lat' dir='ltr'>oves</span> 
     </span>
     <span class='ocr_line' id='line_1_38' title="bbox 258 2836 411 2864; baseline 0.013 -2"><span class='ocrx_word' id='word_1_335' title='bbox 258 2836 301 2863; x_wconf 90' lang='grc'>111</span> <span class='ocrx_word' id='word_1_336' title='bbox 313 2837 333 2863; x_wconf 90' lang='grc'>0</span> <span class='ocrx_word' id='word_1_337' title='bbox 347 2838 370 2863; x_wconf 88' lang='grc'>0</span> <span class='ocrx_word' id='word_1_338' title='bbox 382 2838 411 2864; x_wconf 86' lang='grc'>3.</span> 
     </span>
    </p>

    <p class='ocr_par' dir='ltr' id='par_1_5' title="bbox 257 2892 1825 3026">
     <span class='ocr_line' id='line_1_39' title="bbox 312 2892 1824 2951; baseline 0.003 -17"><span class='ocrx_word' id='word_1_339' title='bbox 312 2892 426 2935; x_wconf 92' lang='lat' dir='ltr'>XXI.</span> <span class='ocrx_word' id='word_1_340' title='bbox 466 2895 678 2948; x_wconf 86' lang='lat' dir='ltr'>Equidem</span> <span class='ocrx_word' id='word_1_341' title='bbox 715 2898 768 2939; x_wconf 90' lang='lat' dir='ltr'>ad</span> <span class='ocrx_word' id='word_1_342' title='bbox 805 2897 994 2951; x_wconf 88' lang='lat' dir='ltr'>priorem</span> <span class='ocrx_word' id='word_1_343' title='bbox 1032 2898 1174 2940; x_wconf 88' lang='lat' dir='ltr'>locum</span> <span class='ocrx_word' id='word_1_344' title='bbox 1214 2899 1328 2951; x_wconf 89' lang='lat' dir='ltr'>quod</span> <span class='ocrx_word' id='word_1_345' title='bbox 1357 2899 1525 2949; x_wconf 90' lang='lat' dir='ltr'>attinet,</span> <span class='ocrx_word' id='word_1_346' title='bbox 1554 2900 1602 2939; x_wconf 88' lang='lat' dir='ltr'>ut</span> <span class='ocrx_word' id='word_1_347' title='bbox 1631 2897 1824 2940; x_wconf 85' lang='lat' dir='ltr'>Christus</span> 
     </span>
     <span class='ocr_line' id='line_1_40' title="bbox 257 2964 1825 3026; baseline 0.004 -21"><span class='ocrx_word' id='word_1_348' title='bbox 257 2964 496 3018; x_wconf 86' lang='lat' dir='ltr'>interrogat</span> <span class='ocrx_word' id='word_1_349' title='bbox 537 2968 818 3010; x_wconf 87' lang='lat' dir='ltr'>communiter</span> <span class='ocrx_word' id='word_1_350' title='bbox 857 2983 1002 3011; x_wconf 87' lang='lat' dir='ltr'>omnes</span> <span class='ocrx_word' id='word_1_351' title='bbox 1041 2969 1301 3026; x_wconf 88' lang='lat' dir='ltr'>Discipulos,</span> <span class='ocrx_word' id='word_1_352' title='bbox 1342 2970 1443 3023; x_wconf 90' lang='lat' dir='ltr'>quid</span> <span class='ocrx_word' id='word_1_353' title='bbox 1478 2969 1672 3012; x_wconf 88' lang='lat' dir='ltr'>homines</span> <span class='ocrx_word' id='word_1_354' title='bbox 1702 2970 1752 3011; x_wconf 92' lang='lat' dir='ltr'>de</span> <span class='ocrx_word' id='word_1_355' title='bbox 1781 2984 1825 3012; x_wconf 89' lang='lat' dir='ltr'>se</span> 
     </span>
    </p>
   </div>
  </div>
 </body>
</html>
