1931 3224
261 121 341 162 472
852 119 1096 162 DISPUTATIO
1125 117 1254 160 XLII.

264 247 385 286 cante
424 246 622 286 adversus
651 244 732 286 Dei
766 247 895 297 atque
924 243 1140 286 Ecclesiae
1170 242 1449 296 disciplinam,
1479 242 1524 284 in
1552 243 1826 296 Presbyterio

264 320 412 370 aptum
448 318 780 370 promptumque
817 316 1052 358 remedium
1087 315 1230 357 afferri
1256 317 1453 367 nequeat,
1482 314 1528 355 in
1557 313 1828 356 Classicalem

264 391 337 430 aut
376 388 635 441 Synodicum
674 390 930 430 conventum
958 387 1077 440 rejici
1101 386 1275 440 poterit,
1303 388 1351 427 ut
1380 385 1485 427 illud
1514 385 1704 427 adhibita
1728 385 1827 427 sub-

264 459 436 502 sidiaria
466 459 646 501 aliorum
675 459 902 501 Pastorum
932 474 980 501 ac
1008 454 1363 511 presbyterorum
1393 472 1536 510 opera,
1561 471 1736 510 prorsus
1761 471 1829 498 so-

264 530 417 583 piatur.
458 530 550 578 Qua
587 529 631 570 in
667 545 712 571 re
750 529 1037 571 Ecclesiarum
1076 531 1320 570 nostrarum
1358 528 1599 582 presbyteri
1635 527 1829 582 vestigiis

263 601 607 656 presbyterorum
637 600 854 643 Ecclesiae
882 600 1180 642 Antiochenae
1207 600 1418 652 insistent,
1446 599 1543 642 Act.
1572 600 1635 651 15,
1669 600 1704 641 1.

316 672 468 715 LXIII.
507 672 618 715 Olim
655 673 966 726 Apostolorum
1003 672 1181 714 hortatu
1217 671 1406 713 Ecclesia
1445 670 1686 712 Christiana
1711 686 1830 724 pres-

263 745 424 798 byteris
463 744 663 786 diaconos
706 743 901 796 adjunxit
945 743 1098 785 aerarii
1125 742 1416 784 Ecclesiastici
1444 742 1640 784 custodes
1674 757 1722 784 ac
1750 741 1831 784 Oe-

264 830 479 866 conomos,
530 818 577 856 ut
630 814 930 867 quorumlibet,
982 829 1231 867 pauperum,
1275 828 1475 855 sanorum
1514 815 1555 855 et
1591 828 1830 866 aegrorum,

263 887 593 930 domesticorum
623 889 664 928 et
688 886 1025 939 peregrinorum,
1054 885 1287 927 liberorum
1317 900 1366 927 ac
1390 884 1659 938 captivorum
1683 884 1831 926 usibus

263 960 570 1009 succurrerent,
599 957 695 999 Act.
722 958 758 1009 5,
785 958 822 998 5.
841 957 893 998 ad
910 971 1092 1009 quorum
1110 956 1408 998 subsidiariam
1425 971 1570 998 curam
1587 958 1629 997 et
1645 970 1831 1010 operam,

262 1030 359 1084 piae
396 1044 566 1083 quoque
608 1029 757 1070 viduae
795 1029 1112 1081 sexagenariae,
1143 1028 1280 1070 dictae
1311 1028 1600 1078 Diaconissae,
1631 1027 1830 1069 admitte-

264 1102 432 1153 bantur,
463 1102 480 1142 1
515 1100 623 1142 Tim.
652 1101 689 1152 5,
719 1102 755 1142 9.

318 1172 468 1214 LXIV.
507 1172 568 1215 Ut
597 1172 826 1214 Pastorum
857 1174 898 1213 et
926 1172 1292 1226 Presbyterorum,
1322 1171 1382 1213 sic
1410 1170 1699 1213 Diaconoruni
1728 1185 1833 1224 quo-

266 1260 347 1298 que
383 1244 547 1286 functio
588 1246 629 1285 et
667 1244 757 1285 vita
795 1243 1027 1285 canonibus
1062 1242 1328 1297 Apostolicis
1368 1242 1578 1294 definitur,
1618 1241 1740 1284 Rom.
1770 1243 1832 1285 12.

268 1318 288 1358 1
318 1316 428 1358 Tim.
459 1318 495 1357 3.

318 1387 446 1429 LXV.
490 1387 864 1430 Sacramentorum
907 1387 1221 1428 administratio
1263 1401 1350 1427 non
1400 1386 1542 1427 minus
1580 1386 1833 1429 Pastoribus

265 1463 328 1502 est
365 1460 554 1513 propria,
595 1474 721 1511 quam
761 1459 881 1500 verbi
918 1458 1195 1511 praedicatio.
1225 1457 1449 1510 Nusquam
1480 1458 1592 1500 enim
1620 1458 1833 1512 Apostoli,

265 1534 338 1573 aut
376 1531 657 1584 Presbyteris,
696 1545 802 1583 quos
832 1530 986 1583 vulgus
1024 1529 1152 1571 hodie
1182 1529 1368 1571 seniores
1396 1529 1598 1583 appellat,
1629 1532 1703 1571 aut
1731 1529 1834 1572 Dia-

266 1602 394 1654 conis,
440 1602 617 1644 docendi
659 1601 1019 1654 Sacramentaque
1062 1600 1387 1642 administrandi
1429 1615 1580 1642 munus
1617 1601 1834 1654 imposue-

264 1676 375 1726 runt,
417 1676 490 1715 aut
520 1688 544 1714 a
573 1674 659 1715 suis
688 1672 1001 1715 successoribus
1031 1672 1195 1726 imponi
1223 1673 1471 1722 voluerunt3
1502 1673 1574 1714 sed
1601 1672 1706 1715 illud
1734 1673 1835 1715 solis

265 1745 516 1787 Pastoribus
545 1748 586 1787 et
615 1744 875 1786 Doctoribus
900 1745 1024 1797 juxta
1054 1743 1212 1786 Christi
1235 1744 1552 1786 institutionem
1578 1745 1834 1800 assignatur,

265 1816 388 1858 Matt.
419 1817 481 1868 28,
512 1818 575 1858 20.
606 1816 702 1858 Act.
732 1817 770 1867 6,
798 1816 836 1857 4.
866 1815 979 1869 Eph.
1009 1816 1046 1866 4,
1077 1816 1139 1857 11.
1171 1817 1191 1856 1
1223 1814 1331 1857 Tim.
1361 1817 1398 1867 3,
1428 1817 1464 1857 2.
1495 1816 1517 1857 1
1547 1815 1639 1858 Pet.
1670 1816 1707 1868 5,
1739 1817 1773 1858 1.
1797 1817 1834 1858 2.

317 1887 467 1929 LXVI.
508 1887 624 1937 Quae
653 1887 703 1929 de
733 1886 943 1941 Stephani
971 1887 1288 1940 praedicatione
1317 1901 1366 1928 ac
1395 1887 1611 1940 baptismo
1641 1887 1835 1941 Philippi

265 1959 447 2001 Diaconi
483 1974 533 2001 ex
562 1959 707 2001 Actor.
740 1960 775 2000 7.
807 1961 848 2000 et
877 1959 913 2000 8.
943 1958 1067 2000 nobis
1096 1958 1368 2011 objiciuntur,
1399 1973 1486 2000 non
1515 1961 1613 2000 suut
1643 1959 1836 2014 exempla

266 2031 395 2072 officii
434 2030 636 2072 ordinarii
675 2030 930 2072 auctoritate
967 2029 1221 2083 Apostolica
1259 2029 1511 2082 confirmati,
1542 2030 1613 2072 sed
1641 2030 1720 2072 zeli
1748 2030 1835 2072 fac-

265 2103 385 2155 tique
424 2101 761 2144 extraordinarii.
799 2100 964 2142 Neuter
1004 2100 1115 2142 enim
1151 2100 1203 2141 ab
1232 2099 1471 2154 ApostoliS,
1501 2103 1575 2142 aut
1603 2101 1655 2143 ab
1685 2100 1835 2144 Eccle-

267 2174 354 2216 siae
398 2189 448 2216 ex
489 2189 572 2226 qua
613 2173 772 2226 egressi
810 2175 907 2214 sunt
945 2172 1158 2226 episcopis
1189 2187 1238 2214 ac
1266 2172 1540 2230 presbyteris,
1572 2173 1624 2215 ad
1654 2188 1835 2227 evange-

265 2245 480 2287 lizandum
517 2245 664 2287 eodem
701 2244 828 2285 modo
866 2259 914 2285 ac
952 2243 1038 2285 ritu
1075 2244 1274 2285 dimissus
1305 2247 1379 2296 est,
1410 2259 1494 2297 quo
1525 2245 1578 2286 ab
1607 2245 1836 2299 Episcopis

269 2315 484 2358 Ecclesiae
521 2315 817 2357 Antiochenae
855 2315 1060 2368 peculiari
1098 2314 1283 2369 Spiritus
1313 2315 1459 2358 Sancti
1489 2316 1659 2359 oraculo
1690 2317 1835 2360 admo-

267 2387 382 2439 nitis,
412 2387 571 2429 Paulus
601 2390 642 2428 et
671 2386 891 2428 Barnabas
921 2386 1084 2428 dimissi
1109 2386 1319 2439 dicuntur,
1344 2389 1574 2441 postquam
1599 2388 1759 2430 scilicet
1783 2388 1834 2430 iis

268 2473 419 2501 manus
446 2458 491 2500 in
521 2458 691 2512 signum
720 2457 958 2499 emissionis
989 2457 1041 2498 ad
1068 2457 1228 2499 vicinas
1256 2457 1469 2500 Ecclesias
1498 2459 1729 2512 pascendas
1754 2459 1834 2501 im-

269 2530 522 2584 posuissent,
551 2529 646 2572 Act.
677 2530 738 2579 13,
767 2531 803 2571 3.

323 2601 494 2644 LXVII.
524 2601 617 2644 Nec
646 2601 888 2656 Stephanus
918 2616 1060 2644 coram
1090 2602 1176 2644 suis
1201 2602 1397 2644 hostibus
1420 2603 1710 2656 pertinacibus
1735 2617 1835 2645 con-

271 2676 412 2717 ciones
440 2674 604 2726 habuit,
636 2674 708 2716 sed
735 2673 902 2715 unicam
930 2675 1099 2715 tantum
1129 2674 1366 2716 orationem
1394 2674 1718 2728 apologeticam.
1743 2674 1836 2718 Nec

268 2744 497 2799 Philippus
537 2760 588 2787 ex
627 2745 802 2801 proprio
843 2760 933 2797 suo,
973 2748 1046 2786 aut
1083 2745 1219 2787 alieno
1250 2745 1425 2788 consilio
1454 2745 1654 2798 humano,
1684 2747 1755 2788 sed
1784 2762 1834 2789 ex

270 2817 479 2870 singulari
522 2817 604 2859 Dei
648 2817 915 2871 delegatione
953 2817 1126 2859 coelesti
1164 2817 1245 2859 sibi
1282 2818 1334 2859 ab
1374 2817 1522 2860 eodem
1558 2817 1724 2871 Spiritu
1753 2818 1834 2861 Dei

269 2888 469 2937 revelata,
507 2887 819 2943 Hierosolymis
856 2889 900 2930 in
937 2887 1173 2930 Samariam
1212 2888 1341 2941 abire,
1381 2891 1509 2942 atque
1539 2889 1637 2931 inde
1665 2889 1719 2931 ad
1746 2890 1834 2932 Eu-

271 2958 457 3000 nuchum
488 2959 721 3001 docendum
752 2962 793 3002 et
817 2959 1122 3013 baptizandum
1147 2960 1359 3013 proficisci
1382 2960 1529 3012 voluit,
1556 2975 1580 3002 a
1606 2975 1689 3014 quo
1714 2963 1834 3014 post-

1927 198 1931 203 .
1930 168 1931 171 „
1909 0 1931 162 *Ainis-1:12]—
