<?xml version="1.0" encoding="UTF-8"?>
<!DOCTYPE html PUBLIC "-//W3C//DTD XHTML 1.0 Transitional//EN"
    "http://www.w3.org/TR/xhtml1/DTD/xhtml1-transitional.dtd">
<html xmlns="http://www.w3.org/1999/xhtml" xml:lang="en" lang="en">
 <head>
  <title>
</title>
<meta http-equiv="Content-Type" content="text/html;charset=utf-8" />
  <meta name='ocr-system' content='tesseract 3.04.00' />
  <meta name='ocr-capabilities' content='ocr_page ocr_carea ocr_par ocr_line ocrx_word'/>
</head>
<body>
  <div class='ocr_page' id='page_1' title='image "./synopsispurioris00poly_0561.png"; bbox 0 0 1931 3224; ppageno 0'>
   <div class='ocr_carea' id='block_1_1' title="bbox 387 130 1623 193">
    <p class='ocr_par' dir='ltr' id='par_1_1' title="bbox 387 130 1623 193">
     <span class='ocr_line' id='line_1_1' title="bbox 387 130 1623 193; baseline -0.004 -6"><span class='ocrx_word' id='word_1_1' title='bbox 387 145 451 187; x_wconf 79' lang='lat' dir='ltr'>Dr.</span> <span class='ocrx_word' id='word_1_2' title='bbox 475 144 627 188; x_wconf 78' lang='lat' dir='ltr'>MISSAE</span> <span class='ocrx_word' id='word_1_3' title='bbox 656 145 877 189; x_wconf 75' lang='lat' dir='ltr'>SACRIFICIO</span> <span class='ocrx_word' id='word_1_4' title='bbox 905 130 1073 193; x_wconf 67' lang='lat' dir='ltr'>museus</span> <span class='ocrx_word' id='word_1_5' title='bbox 1102 158 1298 186; x_wconf 70' lang='lat' dir='ltr'>Anusfflus.</span> <span class='ocrx_word' id='word_1_6' title='bbox 1543 141 1623 183; x_wconf 84' lang='lat'>541</span> 
     </span>
    </p>
   </div>
   <div class='ocr_carea' id='block_1_2' title="bbox 68 267 1634 3030">
    <p class='ocr_par' dir='ltr' id='par_1_2' title="bbox 68 267 1628 680">
     <span class='ocr_line' id='line_1_2' title="bbox 70 267 1626 323; baseline -0.004 -10"><span class='ocrx_word' id='word_1_7' title='bbox 70 285 181 313; x_wconf 86' lang='lat' dir='ltr'>cans.</span> <span class='ocrx_word' id='word_1_8' title='bbox 228 269 368 312; x_wconf 91' lang='lat' dir='ltr'>Nemo</span> <span class='ocrx_word' id='word_1_9' title='bbox 406 270 616 323; x_wconf 88' lang='lat' dir='ltr'>siquidem</span> <span class='ocrx_word' id='word_1_10' title='bbox 654 271 756 313; x_wconf 89' lang='lat' dir='ltr'>adeo</span> <span class='ocrx_word' id='word_1_11' title='bbox 793 270 952 312; x_wconf 89' lang='lat' dir='ltr'>insanit</span> <span class='ocrx_word' id='word_1_12' title='bbox 989 271 1037 311; x_wconf 87' lang='lat' dir='ltr'>ut</span> <span class='ocrx_word' id='word_1_13' title='bbox 1073 268 1249 311; x_wconf 88' lang='lat' dir='ltr'>verbum</span> <span class='ocrx_word' id='word_1_14' title='bbox 1286 267 1369 309; x_wconf 88' lang='lat' dir='ltr'>fide</span> <span class='ocrx_word' id='word_1_15' title='bbox 1407 268 1626 319; x_wconf 88' lang='lat' dir='ltr'>receptum</span> 
     </span>
     <span class='ocr_line' id='line_1_3' title="bbox 69 338 1628 396; baseline -0.004 -12"><span class='ocrx_word' id='word_1_16' title='bbox 69 344 297 396; x_wconf 87' lang='lat' dir='ltr'>propterea</span> <span class='ocrx_word' id='word_1_17' title='bbox 319 342 461 396; x_wconf 88' lang='lat' dir='ltr'>ipsum</span> <span class='ocrx_word' id='word_1_18' title='bbox 488 341 647 384; x_wconf 88' lang='lat' dir='ltr'>Christi</span> <span class='ocrx_word' id='word_1_19' title='bbox 674 342 924 384; x_wconf 88' lang='lat' dir='ltr'>sacrificium</span> <span class='ocrx_word' id='word_1_20' title='bbox 952 343 1181 394; x_wconf 90' lang='lat' dir='ltr'>nuncupet.</span> <span class='ocrx_word' id='word_1_21' title='bbox 1211 341 1248 381; x_wconf 84' lang='lat'>3.</span> <span class='ocrx_word' id='word_1_22' title='bbox 1279 338 1480 388; x_wconf 81' lang='lat' dir='ltr'>Quamvis</span> <span class='ocrx_word' id='word_1_23' title='bbox 1509 352 1628 379; x_wconf 85' lang='lat' dir='ltr'>sacra</span> 
     </span>
     <span class='ocr_line' id='line_1_4' title="bbox 70 410 1628 467; baseline -0.004 -12"><span class='ocrx_word' id='word_1_24' title='bbox 70 413 211 456; x_wconf 89' lang='lat' dir='ltr'>Coena</span> <span class='ocrx_word' id='word_1_25' title='bbox 252 413 334 455; x_wconf 90' lang='lat' dir='ltr'>dici</span> <span class='ocrx_word' id='word_1_26' title='bbox 374 414 512 467; x_wconf 90' lang='lat' dir='ltr'>possit</span> <span class='ocrx_word' id='word_1_27' title='bbox 552 413 737 455; x_wconf 88' lang='lat' dir='ltr'>medium</span> <span class='ocrx_word' id='word_1_28' title='bbox 776 413 1083 467; x_wconf 87' lang='lat' dir='ltr'>applicativum</span> <span class='ocrx_word' id='word_1_29' title='bbox 1122 410 1317 453; x_wconf 85' lang='lat' dir='ltr'>sacrificii</span> <span class='ocrx_word' id='word_1_30' title='bbox 1356 410 1503 461; x_wconf 89' lang='lat' dir='ltr'>crucis,</span> <span class='ocrx_word' id='word_1_31' title='bbox 1541 423 1628 449; x_wconf 89' lang='lat' dir='ltr'>non</span> 
     </span>
     <span class='ocr_line' id='line_1_5' title="bbox 68 479 1628 538; baseline -0.004 -12"><span class='ocrx_word' id='word_1_32' title='bbox 68 484 180 526; x_wconf 90' lang='lat' dir='ltr'>idem</span> <span class='ocrx_word' id='word_1_33' title='bbox 218 487 361 526; x_wconf 87' lang='lat' dir='ltr'>tamen</span> <span class='ocrx_word' id='word_1_34' title='bbox 391 485 441 526; x_wconf 88' lang='lat' dir='ltr'>de</span> <span class='ocrx_word' id='word_1_35' title='bbox 470 484 602 526; x_wconf 91' lang='lat' dir='ltr'>Missa</span> <span class='ocrx_word' id='word_1_36' title='bbox 631 484 762 526; x_wconf 86' lang='lat' dir='ltr'>statui</span> <span class='ocrx_word' id='word_1_37' title='bbox 791 487 948 538; x_wconf 75' lang='lat' dir='ltr'>posset,</span> <span class='ocrx_word' id='word_1_38' title='bbox 979 499 1075 526; x_wconf 86' lang='lat' dir='ltr'>cum</span> <span class='ocrx_word' id='word_1_39' title='bbox 1102 484 1147 525; x_wconf 93' lang='lat' dir='ltr'>in</span> <span class='ocrx_word' id='word_1_40' title='bbox 1176 498 1236 534; x_wconf 90' lang='lat' dir='ltr'>ea,</span> <span class='ocrx_word' id='word_1_41' title='bbox 1266 496 1353 524; x_wconf 91' lang='lat' dir='ltr'>non</span> <span class='ocrx_word' id='word_1_42' title='bbox 1381 480 1497 522; x_wconf 90' lang='lat' dir='ltr'>Deus</span> <span class='ocrx_word' id='word_1_43' title='bbox 1525 479 1628 521; x_wconf 89' lang='lat' dir='ltr'>fide-</span> 
     </span>
     <span class='ocr_line' id='line_1_6' title="bbox 68 550 1628 606; baseline -0.003 -10"><span class='ocrx_word' id='word_1_44' title='bbox 68 555 180 597; x_wconf 84' lang='lat' dir='ltr'>libus</span> <span class='ocrx_word' id='word_1_45' title='bbox 218 555 433 596; x_wconf 85' lang='lat' dir='ltr'>Christum</span> <span class='ocrx_word' id='word_1_46' title='bbox 469 555 514 596; x_wconf 90' lang='lat' dir='ltr'>in</span> <span class='ocrx_word' id='word_1_47' title='bbox 552 570 673 597; x_wconf 87' lang='lat' dir='ltr'>cruce</span> <span class='ocrx_word' id='word_1_48' title='bbox 713 556 903 597; x_wconf 87' lang='lat' dir='ltr'>oblatum</span> <span class='ocrx_word' id='word_1_49' title='bbox 944 555 1136 606; x_wconf 87' lang='lat' dir='ltr'>offerens,</span> <span class='ocrx_word' id='word_1_50' title='bbox 1176 554 1248 596; x_wconf 90' lang='lat' dir='ltr'>sed</span> <span class='ocrx_word' id='word_1_51' title='bbox 1276 552 1481 596; x_wconf 80' lang='lat' dir='ltr'>Sacerdos</span> <span class='ocrx_word' id='word_1_52' title='bbox 1511 550 1628 592; x_wconf 88' lang='lat' dir='ltr'>Chri-</span> 
     </span>
     <span class='ocr_line' id='line_1_7' title="bbox 69 626 940 680; baseline 0 -12"><span class='ocrx_word' id='word_1_53' title='bbox 69 629 182 668; x_wconf 91' lang='lat' dir='ltr'>stum</span> <span class='ocrx_word' id='word_1_54' title='bbox 210 626 302 668; x_wconf 89' lang='lat' dir='ltr'>Deo</span> <span class='ocrx_word' id='word_1_55' title='bbox 333 626 558 669; x_wconf 87' lang='lat' dir='ltr'>immolans</span> <span class='ocrx_word' id='word_1_56' title='bbox 590 629 940 680; x_wconf 68' lang='lat' dir='ltr'>repraesentetur.</span> 
     </span>
    </p>

    <p class='ocr_par' dir='ltr' id='par_1_3' title="bbox 68 694 1633 2175">
     <span class='ocr_line' id='line_1_8' title="bbox 122 694 1628 751; baseline -0.004 -11"><span class='ocrx_word' id='word_1_57' title='bbox 122 696 298 739; x_wconf 86' lang='lat' dir='ltr'>XXXV.</span> <span class='ocrx_word' id='word_1_58' title='bbox 349 697 598 740; x_wconf 89' lang='lat' dir='ltr'>Postremae</span> <span class='ocrx_word' id='word_1_59' title='bbox 640 713 809 751; x_wconf 90' lang='lat' dir='ltr'>quoque</span> <span class='ocrx_word' id='word_1_60' title='bbox 851 697 978 750; x_wconf 85' lang='lat' dir='ltr'>hujus</span> <span class='ocrx_word' id='word_1_61' title='bbox 1022 696 1280 748; x_wconf 67' lang='lat' dir='ltr'>assertionis,</span> <span class='ocrx_word' id='word_1_62' title='bbox 1323 694 1528 748; x_wconf 89' lang='lat' dir='ltr'>Corpus</span> <span class='ocrx_word' id='word_1_63' title='bbox 1571 707 1628 735; x_wconf 89' lang='lat' dir='ltr'>ac</span> 
     </span>
     <span class='ocr_line' id='line_1_9' title="bbox 69 767 1630 823; baseline -0.003 -12"><span class='ocrx_word' id='word_1_64' title='bbox 69 769 296 823; x_wconf 82' lang='lat' dir='ltr'>sanguis</span> <span class='ocrx_word' id='word_1_65' title='bbox 334 769 545 812; x_wconf 90' lang='lat' dir='ltr'>Christi</span> <span class='ocrx_word' id='word_1_66' title='bbox 582 771 635 811; x_wconf 93' lang='lat' dir='ltr'>in</span> <span class='ocrx_word' id='word_1_67' title='bbox 673 769 840 811; x_wconf 89' lang='lat' dir='ltr'>Missa</span> <span class='ocrx_word' id='word_1_68' title='bbox 880 769 1118 811; x_wconf 73' lang='lat' dir='ltr'>offertur</span> <span class='ocrx_word' id='word_1_69' title='bbox 1153 782 1250 821; x_wconf 90' lang='lat' dir='ltr'>pro</span> <span class='ocrx_word' id='word_1_70' title='bbox 1288 767 1533 808; x_wconf 85' lang='lat' dir='ltr'>vivorum</span> <span class='ocrx_word' id='word_1_71' title='bbox 1574 778 1630 806; x_wconf 84' lang='lat' dir='ltr'>ac</span> 
     </span>
     <span class='ocr_line' id='line_1_10' title="bbox 69 838 1630 894; baseline -0.004 -11"><span class='ocrx_word' id='word_1_72' title='bbox 69 844 406 883; x_wconf 88' lang='lat' dir='ltr'>mortuorum</span> <span class='ocrx_word' id='word_1_73' title='bbox 430 841 691 894; x_wconf 89' lang='lat' dir='ltr'>peccatis,</span> <span class='ocrx_word' id='word_1_74' title='bbox 716 841 946 882; x_wconf 86' lang='lat' dir='ltr'>falsitatem</span> <span class='ocrx_word' id='word_1_75' title='bbox 969 840 1073 881; x_wconf 86' lang='lat' dir='ltr'>haec</span> <span class='ocrx_word' id='word_1_76' title='bbox 1098 839 1256 881; x_wconf 87' lang='lat' dir='ltr'>Christi</span> <span class='ocrx_word' id='word_1_77' title='bbox 1283 838 1410 880; x_wconf 87' lang='lat' dir='ltr'>verba</span> <span class='ocrx_word' id='word_1_78' title='bbox 1431 838 1630 890; x_wconf 84' lang='lat' dir='ltr'>arguunt,</span> 
     </span>
     <span class='ocr_line' id='line_1_11' title="bbox 69 908 1630 964; baseline -0.003 -11"><span class='ocrx_word' id='word_1_79' title='bbox 69 910 506 953; x_wconf 79' lang='lat' dir='ltr'>Consunimatum</span> <span class='ocrx_word' id='word_1_80' title='bbox 549 914 651 963; x_wconf 91' lang='lat' dir='ltr'>est,</span> <span class='ocrx_word' id='word_1_81' title='bbox 690 911 788 953; x_wconf 83' lang='lat' dir='ltr'>Joh.</span> <span class='ocrx_word' id='word_1_82' title='bbox 829 911 891 962; x_wconf 82' lang='lat'>19,</span> <span class='ocrx_word' id='word_1_83' title='bbox 920 911 984 952; x_wconf 84' lang='lat'>30.</span> <span class='ocrx_word' id='word_1_84' title='bbox 1023 910 1081 951; x_wconf 85' lang='lat' dir='ltr'>Et</span> <span class='ocrx_word' id='word_1_85' title='bbox 1119 909 1333 964; x_wconf 87' lang='lat' dir='ltr'>Apostoli,</span> <span class='ocrx_word' id='word_1_86' title='bbox 1373 908 1630 950; x_wconf 89' lang='lat' dir='ltr'>Christus</span> 
     </span>
     <span class='ocr_line' id='line_1_12' title="bbox 69 981 1630 1034; baseline -0.003 -10"><span class='ocrx_word' id='word_1_87' title='bbox 69 983 229 1024; x_wconf 87' lang='lat' dir='ltr'>unica</span> <span class='ocrx_word' id='word_1_88' title='bbox 281 982 574 1024; x_wconf 87' lang='lat' dir='ltr'>oblatione</span> <span class='ocrx_word' id='word_1_89' title='bbox 625 982 1022 1024; x_wconf 85' lang='lat' dir='ltr'>consummavit</span> <span class='ocrx_word' id='word_1_90' title='bbox 1071 981 1124 1022; x_wconf 91' lang='lat' dir='ltr'>in</span> <span class='ocrx_word' id='word_1_91' title='bbox 1166 982 1499 1034; x_wconf 88' lang='lat' dir='ltr'>perpetuum</span> <span class='ocrx_word' id='word_1_92' title='bbox 1542 992 1630 1019; x_wconf 92' lang='lat' dir='ltr'>eos</span> 
     </span>
     <span class='ocr_line' id='line_1_13' title="bbox 70 1049 1632 1107; baseline -0.004 -11"><span class='ocrx_word' id='word_1_93' title='bbox 70 1055 160 1107; x_wconf 88' lang='lat' dir='ltr'>qui</span> <span class='ocrx_word' id='word_1_94' title='bbox 192 1054 650 1104; x_wconf 85' lang='lat' dir='ltr'>sanctificantur,</span> <span class='ocrx_word' id='word_1_95' title='bbox 680 1053 812 1095; x_wconf 91' lang='lat' dir='ltr'>Hebr.</span> <span class='ocrx_word' id='word_1_96' title='bbox 844 1053 905 1103; x_wconf 82' lang='lat'>10,</span> <span class='ocrx_word' id='word_1_97' title='bbox 938 1053 999 1093; x_wconf 83' lang='grc'>14.</span> <span class='ocrx_word' id='word_1_98' title='bbox 1028 1051 1148 1104; x_wconf 90' lang='lat' dir='ltr'>Item,</span> <span class='ocrx_word' id='word_1_99' title='bbox 1179 1051 1436 1093; x_wconf 85' lang='lat' dir='ltr'>Christus</span> <span class='ocrx_word' id='word_1_100' title='bbox 1466 1049 1632 1091; x_wconf 89' lang='lat' dir='ltr'>semel</span> 
     </span>
     <span class='ocr_line' id='line_1_14' title="bbox 71 1120 1631 1177; baseline -0.004 -9"><span class='ocrx_word' id='word_1_101' title='bbox 71 1126 290 1168; x_wconf 83' lang='lat' dir='ltr'>oblatus</span> <span class='ocrx_word' id='word_1_102' title='bbox 318 1129 375 1167; x_wconf 90' lang='lat' dir='ltr'>ut</span> <span class='ocrx_word' id='word_1_103' title='bbox 402 1126 634 1168; x_wconf 89' lang='lat' dir='ltr'>tolleret</span> <span class='ocrx_word' id='word_1_104' title='bbox 663 1124 958 1166; x_wconf 88' lang='lat' dir='ltr'>multorum</span> <span class='ocrx_word' id='word_1_105' title='bbox 986 1126 1233 1177; x_wconf 89' lang='lat' dir='ltr'>peccata,</span> <span class='ocrx_word' id='word_1_106' title='bbox 1260 1122 1493 1164; x_wconf 90' lang='lat' dir='ltr'>secundo</span> <span class='ocrx_word' id='word_1_107' title='bbox 1520 1120 1631 1162; x_wconf 89' lang='lat' dir='ltr'>abs-</span> 
     </span>
     <span class='ocr_line' id='line_1_15' title="bbox 71 1192 1629 1251; baseline -0.004 -12"><span class='ocrx_word' id='word_1_108' title='bbox 71 1212 170 1250; x_wconf 86' lang='lat' dir='ltr'>que</span> <span class='ocrx_word' id='word_1_109' title='bbox 208 1199 436 1251; x_wconf 89' lang='lat' dir='ltr'>peccato</span> <span class='ocrx_word' id='word_1_110' title='bbox 467 1195 846 1250; x_wconf 69' lang='lat' dir='ltr'>conspicietur</span> <span class='ocrx_word' id='word_1_111' title='bbox 875 1195 945 1236; x_wconf 91' lang='lat' dir='ltr'>iis</span> <span class='ocrx_word' id='word_1_112' title='bbox 976 1195 1066 1247; x_wconf 91' lang='lat' dir='ltr'>qui</span> <span class='ocrx_word' id='word_1_113' title='bbox 1096 1195 1425 1247; x_wconf 85' lang='lat' dir='ltr'>exspectant</span> <span class='ocrx_word' id='word_1_114' title='bbox 1454 1192 1629 1246; x_wconf 89' lang='lat' dir='ltr'>ipsum</span> 
     </span>
     <span class='ocr_line' id='line_1_16' title="bbox 70 1262 1631 1321; baseline -0.005 -11"><span class='ocrx_word' id='word_1_115' title='bbox 70 1269 132 1310; x_wconf 89' lang='lat' dir='ltr'>ad</span> <span class='ocrx_word' id='word_1_116' title='bbox 169 1269 422 1321; x_wconf 84' lang='lat' dir='ltr'>salutem,</span> <span class='ocrx_word' id='word_1_117' title='bbox 460 1268 593 1310; x_wconf 87' lang='lat' dir='ltr'>Hebr.</span> <span class='ocrx_word' id='word_1_118' title='bbox 631 1268 668 1319; x_wconf 81' lang='lat'>9,</span> <span class='ocrx_word' id='word_1_119' title='bbox 707 1267 770 1309; x_wconf 81' lang='lat'>28.</span> <span class='ocrx_word' id='word_1_120' title='bbox 811 1266 903 1316; x_wconf 78' lang='lat' dir='ltr'>Quo</span> <span class='ocrx_word' id='word_1_121' title='bbox 943 1266 1154 1307; x_wconf 81' lang='lat' dir='ltr'>axiomate</span> <span class='ocrx_word' id='word_1_122' title='bbox 1191 1264 1429 1318; x_wconf 71' lang='lat' dir='ltr'>Apostolus</span> <span class='ocrx_word' id='word_1_123' title='bbox 1458 1262 1631 1313; x_wconf 88' lang='lat' dir='ltr'>indicat,</span> 
     </span>
     <span class='ocr_line' id='line_1_17' title="bbox 68 1334 1631 1389; baseline -0.004 -9"><span class='ocrx_word' id='word_1_124' title='bbox 68 1339 181 1380; x_wconf 91' lang='lat' dir='ltr'>inter</span> <span class='ocrx_word' id='word_1_125' title='bbox 219 1338 377 1380; x_wconf 83' lang='lat' dir='ltr'>Christi</span> <span class='ocrx_word' id='word_1_126' title='bbox 414 1339 669 1381; x_wconf 88' lang='lat' dir='ltr'>sacrificium</span> <span class='ocrx_word' id='word_1_127' title='bbox 708 1339 835 1381; x_wconf 89' lang='lat' dir='ltr'>semel</span> <span class='ocrx_word' id='word_1_128' title='bbox 872 1338 917 1379; x_wconf 92' lang='lat' dir='ltr'>in</span> <span class='ocrx_word' id='word_1_129' title='bbox 955 1352 1076 1379; x_wconf 88' lang='lat' dir='ltr'>cruce</span> <span class='ocrx_word' id='word_1_130' title='bbox 1114 1336 1275 1378; x_wconf 85' lang='lat' dir='ltr'>factum</span> <span class='ocrx_word' id='word_1_131' title='bbox 1302 1350 1380 1389; x_wconf 92' lang='lat' dir='ltr'>pro</span> <span class='ocrx_word' id='word_1_132' title='bbox 1409 1334 1631 1375; x_wconf 89' lang='lat' dir='ltr'>hominum</span> 
     </span>
     <span class='ocr_line' id='line_1_18' title="bbox 69 1406 1633 1463; baseline -0.004 -12"><span class='ocrx_word' id='word_1_133' title='bbox 69 1410 269 1463; x_wconf 86' lang='lat' dir='ltr'>peccatis,</span> <span class='ocrx_word' id='word_1_134' title='bbox 302 1413 345 1451; x_wconf 90' lang='lat' dir='ltr'>et</span> <span class='ocrx_word' id='word_1_135' title='bbox 371 1410 569 1452; x_wconf 88' lang='lat' dir='ltr'>ultimum</span> <span class='ocrx_word' id='word_1_136' title='bbox 599 1412 689 1463; x_wconf 86' lang='lat' dir='ltr'>ejus</span> <span class='ocrx_word' id='word_1_137' title='bbox 717 1411 956 1461; x_wconf 88' lang='lat' dir='ltr'>adventum,</span> <span class='ocrx_word' id='word_1_138' title='bbox 987 1409 1151 1450; x_wconf 89' lang='lat' dir='ltr'>nullum</span> <span class='ocrx_word' id='word_1_139' title='bbox 1180 1411 1348 1460; x_wconf 88' lang='lat' dir='ltr'>tempus</span> <span class='ocrx_word' id='word_1_140' title='bbox 1381 1420 1470 1447; x_wconf 82' lang='lat' dir='ltr'>esse</span> <span class='ocrx_word' id='word_1_141' title='bbox 1500 1406 1633 1446; x_wconf 88' lang='lat' dir='ltr'>inter-</span> 
     </span>
     <span class='ocr_line' id='line_1_19' title="bbox 68 1475 1631 1534; baseline -0.005 -11"><span class='ocrx_word' id='word_1_142' title='bbox 68 1481 254 1523; x_wconf 89' lang='lat' dir='ltr'>medium</span> <span class='ocrx_word' id='word_1_143' title='bbox 296 1496 380 1534; x_wconf 86' lang='lat' dir='ltr'>quo</span> <span class='ocrx_word' id='word_1_144' title='bbox 424 1496 468 1523; x_wconf 85' lang='lat' dir='ltr'>se</span> <span class='ocrx_word' id='word_1_145' title='bbox 509 1496 677 1522; x_wconf 88' lang='lat' dir='ltr'>rursum</span> <span class='ocrx_word' id='word_1_146' title='bbox 718 1495 797 1534; x_wconf 90' lang='lat' dir='ltr'>pro</span> <span class='ocrx_word' id='word_1_147' title='bbox 837 1480 1065 1521; x_wconf 90' lang='lat' dir='ltr'>eorundem</span> <span class='ocrx_word' id='word_1_148' title='bbox 1102 1478 1325 1520; x_wconf 87' lang='lat' dir='ltr'>hominum</span> <span class='ocrx_word' id='word_1_149' title='bbox 1362 1476 1548 1530; x_wconf 87' lang='lat' dir='ltr'>peccatis</span> <span class='ocrx_word' id='word_1_150' title='bbox 1588 1475 1631 1515; x_wconf 87' lang='lat' dir='ltr'>in</span> 
     </span>
     <span class='ocr_line' id='line_1_20' title="bbox 68 1546 1631 1602; baseline -0.004 -8"><span class='ocrx_word' id='word_1_151' title='bbox 68 1552 184 1594; x_wconf 88' lang='lat' dir='ltr'>hisce</span> <span class='ocrx_word' id='word_1_152' title='bbox 211 1553 336 1594; x_wconf 86' lang='lat' dir='ltr'>terris</span> <span class='ocrx_word' id='word_1_153' title='bbox 368 1553 530 1594; x_wconf 85' lang='lat' dir='ltr'>offerat.</span> <span class='ocrx_word' id='word_1_154' title='bbox 560 1552 660 1594; x_wconf 89' lang='lat' dir='ltr'>Ideo</span> <span class='ocrx_word' id='word_1_155' title='bbox 690 1551 974 1594; x_wconf 87' lang='lat' dir='ltr'>Bellarminus</span> <span class='ocrx_word' id='word_1_156' title='bbox 1003 1550 1127 1592; x_wconf 86' lang='lat' dir='ltr'>nobis</span> <span class='ocrx_word' id='word_1_157' title='bbox 1155 1548 1305 1602; x_wconf 81' lang='lat' dir='ltr'>largiri</span> <span class='ocrx_word' id='word_1_158' title='bbox 1331 1548 1510 1601; x_wconf 84' lang='lat' dir='ltr'>cogitur,</span> <span class='ocrx_word' id='word_1_159' title='bbox 1537 1546 1631 1587; x_wconf 92' lang='lat' dir='ltr'>nul-</span> 
     </span>
     <span class='ocr_line' id='line_1_21' title="bbox 68 1617 1630 1670; baseline -0.004 -5"><span class='ocrx_word' id='word_1_160' title='bbox 68 1624 152 1665; x_wconf 90' lang='lat' dir='ltr'>lam</span> <span class='ocrx_word' id='word_1_161' title='bbox 188 1624 281 1666; x_wconf 89' lang='lat' dir='ltr'>fieri</span> <span class='ocrx_word' id='word_1_162' title='bbox 319 1623 611 1666; x_wconf 85' lang='lat' dir='ltr'>remissionem</span> <span class='ocrx_word' id='word_1_163' title='bbox 647 1623 729 1665; x_wconf 90' lang='lat' dir='ltr'>nisi</span> <span class='ocrx_word' id='word_1_164' title='bbox 765 1623 809 1664; x_wconf 90' lang='lat' dir='ltr'>in</span> <span class='ocrx_word' id='word_1_165' title='bbox 847 1623 1005 1664; x_wconf 83' lang='lat' dir='ltr'>virtute</span> <span class='ocrx_word' id='word_1_166' title='bbox 1044 1620 1239 1664; x_wconf 87' lang='lat' dir='ltr'>sacrificii</span> <span class='ocrx_word' id='word_1_167' title='bbox 1279 1619 1426 1670; x_wconf 89' lang='lat' dir='ltr'>crucis,</span> <span class='ocrx_word' id='word_1_168' title='bbox 1455 1617 1563 1659; x_wconf 87' lang='lat' dir='ltr'>Lib.</span> <span class='ocrx_word' id='word_1_169' title='bbox 1594 1618 1630 1658; x_wconf 95' lang='grc'>1.</span> 
     </span>
     <span class='ocr_line' id='line_1_22' title="bbox 69 1689 1629 1749; baseline -0.004 -12"><span class='ocrx_word' id='word_1_170' title='bbox 69 1696 128 1737; x_wconf 91' lang='lat' dir='ltr'>de</span> <span class='ocrx_word' id='word_1_171' title='bbox 166 1696 354 1747; x_wconf 88' lang='lat' dir='ltr'>Missa,</span> <span class='ocrx_word' id='word_1_172' title='bbox 393 1711 501 1749; x_wconf 85' lang='lat' dir='ltr'>cap.</span> <span class='ocrx_word' id='word_1_173' title='bbox 533 1696 595 1737; x_wconf 93' lang='grc'>11.</span> <span class='ocrx_word' id='word_1_174' title='bbox 625 1694 749 1737; x_wconf 82' lang='lat' dir='ltr'>Unde</span> <span class='ocrx_word' id='word_1_175' title='bbox 777 1696 890 1736; x_wconf 89' lang='lat' dir='ltr'>recte</span> <span class='ocrx_word' id='word_1_176' title='bbox 919 1693 1134 1747; x_wconf 84' lang='lat' dir='ltr'>colligitur</span> <span class='ocrx_word' id='word_1_177' title='bbox 1163 1707 1255 1734; x_wconf 88' lang='lat' dir='ltr'>eam</span> <span class='ocrx_word' id='word_1_178' title='bbox 1285 1706 1335 1733; x_wconf 79' lang='lat' dir='ltr'>ex</span> <span class='ocrx_word' id='word_1_179' title='bbox 1360 1689 1515 1732; x_wconf 87' lang='lat' dir='ltr'>Missae</span> <span class='ocrx_word' id='word_1_180' title='bbox 1543 1690 1629 1731; x_wconf 87' lang='lat' dir='ltr'>vir-</span> 
     </span>
     <span class='ocr_line' id='line_1_23' title="bbox 68 1760 1628 1819; baseline -0.004 -11"><span class='ocrx_word' id='word_1_181' title='bbox 68 1769 161 1809; x_wconf 89' lang='lat' dir='ltr'>tute</span> <span class='ocrx_word' id='word_1_182' title='bbox 197 1782 285 1809; x_wconf 91' lang='lat' dir='ltr'>non</span> <span class='ocrx_word' id='word_1_183' title='bbox 322 1767 426 1809; x_wconf 85' lang='lat' dir='ltr'>fieri.</span> <span class='ocrx_word' id='word_1_184' title='bbox 456 1766 570 1809; x_wconf 87' lang='lat' dir='ltr'>Nam</span> <span class='ocrx_word' id='word_1_185' title='bbox 599 1767 635 1808; x_wconf 91' lang='lat' dir='ltr'>si</span> <span class='ocrx_word' id='word_1_186' title='bbox 647 1782 715 1809; x_wconf 62' lang='lat' dir='ltr'>‚ex</span> <span class='ocrx_word' id='word_1_187' title='bbox 742 1766 868 1819; x_wconf 85' lang='lat' dir='ltr'>hujus</span> <span class='ocrx_word' id='word_1_188' title='bbox 897 1767 1026 1808; x_wconf 88' lang='lat' dir='ltr'>etiam</span> <span class='ocrx_word' id='word_1_189' title='bbox 1054 1765 1212 1807; x_wconf 84' lang='lat' dir='ltr'>virtute</span> <span class='ocrx_word' id='word_1_190' title='bbox 1241 1763 1374 1814; x_wconf 88' lang='lat' dir='ltr'>fieret,</span> <span class='ocrx_word' id='word_1_191' title='bbox 1404 1760 1628 1814; x_wconf 88' lang='lat' dir='ltr'>imperfec-</span> 
     </span>
     <span class='ocr_line' id='line_1_24' title="bbox 68 1831 1633 1889; baseline -0.004 -11"><span class='ocrx_word' id='word_1_192' title='bbox 68 1839 161 1878; x_wconf 87' lang='lat' dir='ltr'>tum</span> <span class='ocrx_word' id='word_1_193' title='bbox 198 1840 307 1880; x_wconf 87' lang='lat' dir='ltr'>esset</span> <span class='ocrx_word' id='word_1_194' title='bbox 346 1838 481 1880; x_wconf 86' lang='lat' dir='ltr'>crucis</span> <span class='ocrx_word' id='word_1_195' title='bbox 518 1837 677 1879; x_wconf 80' lang='lat' dir='ltr'>Christi</span> <span class='ocrx_word' id='word_1_196' title='bbox 714 1837 979 1880; x_wconf 86' lang='lat' dir='ltr'>sacrificium.</span> <span class='ocrx_word' id='word_1_197' title='bbox 1017 1835 1169 1889; x_wconf 87' lang='lat' dir='ltr'>Neque</span> <span class='ocrx_word' id='word_1_198' title='bbox 1207 1850 1255 1876; x_wconf 86' lang='lat' dir='ltr'>ea</span> <span class='ocrx_word' id='word_1_199' title='bbox 1292 1834 1335 1874; x_wconf 90' lang='lat' dir='ltr'>in</span> <span class='ocrx_word' id='word_1_200' title='bbox 1373 1833 1503 1875; x_wconf 86' lang='lat' dir='ltr'>Missa</span> <span class='ocrx_word' id='word_1_201' title='bbox 1540 1831 1633 1873; x_wconf 91' lang='lat' dir='ltr'>fieri</span> 
     </span>
     <span class='ocr_line' id='line_1_25' title="bbox 69 1903 1630 1962; baseline -0.005 -11"><span class='ocrx_word' id='word_1_202' title='bbox 69 1911 224 1962; x_wconf 87' lang='lat' dir='ltr'>potest,</span> <span class='ocrx_word' id='word_1_203' title='bbox 264 1924 316 1951; x_wconf 84' lang='lat' dir='ltr'>ex</span> <span class='ocrx_word' id='word_1_204' title='bbox 354 1909 500 1962; x_wconf 87' lang='lat' dir='ltr'>aliquo</span> <span class='ocrx_word' id='word_1_205' title='bbox 540 1910 686 1951; x_wconf 84' lang='lat' dir='ltr'>ordine</span> <span class='ocrx_word' id='word_1_206' title='bbox 725 1909 778 1950; x_wconf 91' lang='lat' dir='ltr'>ad</span> <span class='ocrx_word' id='word_1_207' title='bbox 816 1907 1068 1950; x_wconf 88' lang='lat' dir='ltr'>sacrificium</span> <span class='ocrx_word' id='word_1_208' title='bbox 1105 1905 1254 1957; x_wconf 90' lang='lat' dir='ltr'>crucis,</span> <span class='ocrx_word' id='word_1_209' title='bbox 1293 1904 1495 1957; x_wconf 85' lang='lat' dir='ltr'>quoniam</span> <span class='ocrx_word' id='word_1_210' title='bbox 1527 1903 1630 1944; x_wconf 89' lang='lat' dir='ltr'>ordo</span> 
     </span>
     <span class='ocr_line' id='line_1_26' title="bbox 72 1975 1628 2022; baseline -0.004 0"><span class='ocrx_word' id='word_1_211' title='bbox 72 1979 336 2022; x_wconf 84' lang='lat' dir='ltr'>Sacramenti</span> <span class='ocrx_word' id='word_1_212' title='bbox 376 1981 427 2022; x_wconf 85' lang='lat' dir='ltr'>ad</span> <span class='ocrx_word' id='word_1_213' title='bbox 458 1979 615 2022; x_wconf 86' lang='lat' dir='ltr'>Christi</span> <span class='ocrx_word' id='word_1_214' title='bbox 645 1980 899 2022; x_wconf 88' lang='lat' dir='ltr'>sacrificium</span> <span class='ocrx_word' id='word_1_215' title='bbox 927 1993 1013 2020; x_wconf 92' lang='lat' dir='ltr'>non</span> <span class='ocrx_word' id='word_1_216' title='bbox 1044 1977 1328 2020; x_wconf 86' lang='lat' dir='ltr'>communicat</span> <span class='ocrx_word' id='word_1_217' title='bbox 1356 1975 1628 2017; x_wconf 84' lang='lat' dir='ltr'>Sacramento</span> 
     </span>
     <span class='ocr_line' id='line_1_27' title="bbox 69 2046 1632 2104; baseline -0.004 -12"><span class='ocrx_word' id='word_1_218' title='bbox 69 2050 156 2092; x_wconf 90' lang='lat' dir='ltr'>vim</span> <span class='ocrx_word' id='word_1_219' title='bbox 184 2051 430 2092; x_wconf 85' lang='lat' dir='ltr'>remittendi</span> <span class='ocrx_word' id='word_1_220' title='bbox 460 2053 646 2104; x_wconf 86' lang='lat' dir='ltr'>peccata,</span> <span class='ocrx_word' id='word_1_221' title='bbox 674 2050 746 2092; x_wconf 88' lang='lat' dir='ltr'>sed</span> <span class='ocrx_word' id='word_1_222' title='bbox 769 2051 856 2091; x_wconf 86' lang='lat' dir='ltr'>vim</span> <span class='ocrx_word' id='word_1_223' title='bbox 880 2051 1154 2102; x_wconf 79' lang='lat' dir='ltr'>peccatorum</span> <span class='ocrx_word' id='word_1_224' title='bbox 1180 2046 1471 2088; x_wconf 86' lang='lat' dir='ltr'>remissionem</span> <span class='ocrx_word' id='word_1_225' title='bbox 1495 2047 1632 2086; x_wconf 88' lang='lat' dir='ltr'>morte</span> 
     </span>
     <span class='ocr_line' id='line_1_28' title="bbox 71 2116 1632 2175; baseline -0.003 -13"><span class='ocrx_word' id='word_1_226' title='bbox 71 2120 230 2163; x_wconf 85' lang='lat' dir='ltr'>Christi</span> <span class='ocrx_word' id='word_1_227' title='bbox 260 2122 514 2174; x_wconf 83' lang='lat' dir='ltr'>acquisitam</span> <span class='ocrx_word' id='word_1_228' title='bbox 543 2121 824 2175; x_wconf 83' lang='lat' dir='ltr'>significandi,</span> <span class='ocrx_word' id='word_1_229' title='bbox 859 2134 1035 2172; x_wconf 90' lang='lat' dir='ltr'>eamque</span> <span class='ocrx_word' id='word_1_230' title='bbox 1067 2119 1111 2160; x_wconf 86' lang='lat' dir='ltr'>in</span> <span class='ocrx_word' id='word_1_231' title='bbox 1140 2117 1335 2159; x_wconf 89' lang='lat' dir='ltr'>fidelibus</span> <span class='ocrx_word' id='word_1_232' title='bbox 1365 2116 1632 2169; x_wconf 82' lang='lat' dir='ltr'>obsignandi.</span> 
     </span>
    </p>

    <p class='ocr_par' dir='ltr' id='par_1_4' title="bbox 70 2186 1634 3030">
     <span class='ocr_line' id='line_1_29' title="bbox 123 2186 1632 2246; baseline -0.005 -11"><span class='ocrx_word' id='word_1_233' title='bbox 123 2192 322 2235; x_wconf 89' lang='lat' dir='ltr'>XXXVI.</span> <span class='ocrx_word' id='word_1_234' title='bbox 352 2193 658 2246; x_wconf 87' lang='lat' dir='ltr'>Praeterquam</span> <span class='ocrx_word' id='word_1_235' title='bbox 687 2192 800 2245; x_wconf 88' lang='lat' dir='ltr'>quod</span> <span class='ocrx_word' id='word_1_236' title='bbox 828 2207 901 2233; x_wconf 88' lang='lat' dir='ltr'>sex</span> <span class='ocrx_word' id='word_1_237' title='bbox 930 2191 1167 2244; x_wconf 90' lang='lat' dir='ltr'>superiores</span> <span class='ocrx_word' id='word_1_238' title='bbox 1197 2188 1452 2230; x_wconf 88' lang='lat' dir='ltr'>assertiones</span> <span class='ocrx_word' id='word_1_239' title='bbox 1476 2186 1632 2228; x_wconf 87' lang='lat' dir='ltr'>Missae</span> 
     </span>
     <span class='ocr_line' id='line_1_30' title="bbox 71 2259 1632 2318; baseline -0.004 -12"><span class='ocrx_word' id='word_1_240' title='bbox 71 2263 317 2306; x_wconf 86' lang='lat' dir='ltr'>definitioni·</span> <span class='ocrx_word' id='word_1_241' title='bbox 346 2279 543 2318; x_wconf 83' lang='lat' dir='ltr'>aspersae</span> <span class='ocrx_word' id='word_1_242' title='bbox 583 2263 841 2306; x_wconf 85' lang='lat' dir='ltr'>testimoniis</span> <span class='ocrx_word' id='word_1_243' title='bbox 881 2262 921 2304; x_wconf 81' lang='lat' dir='ltr'>S.</span> <span class='ocrx_word' id='word_1_244' title='bbox 952 2261 1210 2315; x_wconf 80' lang='lat' dir='ltr'>Scripturae,</span> <span class='ocrx_word' id='word_1_245' title='bbox 1240 2275 1288 2303; x_wconf 86' lang='lat' dir='ltr'>ac</span> <span class='ocrx_word' id='word_1_246' title='bbox 1318 2259 1632 2302; x_wconf 86' lang='lat' dir='ltr'>conditionibus</span> 
     </span>
     <span class='ocr_line' id='line_1_31' title="bbox 70 2331 1632 2389; baseline -0.003 -13"><span class='ocrx_word' id='word_1_247' title='bbox 70 2334 114 2376; x_wconf 92' lang='lat' dir='ltr'>in</span> <span class='ocrx_word' id='word_1_248' title='bbox 153 2335 360 2377; x_wconf 87' lang='lat' dir='ltr'>sacrificio</span> <span class='ocrx_word' id='word_1_249' title='bbox 402 2336 641 2389; x_wconf 85' lang='lat' dir='ltr'>expiatorio</span> <span class='ocrx_word' id='word_1_250' title='bbox 681 2335 853 2389; x_wconf 91' lang='lat' dir='ltr'>proprie</span> <span class='ocrx_word' id='word_1_251' title='bbox 892 2334 1004 2375; x_wconf 90' lang='lat' dir='ltr'>dicto</span> <span class='ocrx_word' id='word_1_252' title='bbox 1034 2332 1253 2386; x_wconf 90' lang='lat' dir='ltr'>requisitis</span> <span class='ocrx_word' id='word_1_253' title='bbox 1283 2346 1456 2385; x_wconf 88' lang='lat' dir='ltr'>prorsus</span> <span class='ocrx_word' id='word_1_254' title='bbox 1486 2331 1632 2372; x_wconf 89' lang='lat' dir='ltr'>adver-</span> 
     </span>
     <span class='ocr_line' id='line_1_32' title="bbox 71 2403 1632 2459; baseline -0.004 -10"><span class='ocrx_word' id='word_1_255' title='bbox 71 2409 231 2459; x_wconf 83' lang='lat' dir='ltr'>santur,</span> <span class='ocrx_word' id='word_1_256' title='bbox 270 2407 497 2449; x_wconf 87' lang='lat' dir='ltr'>earundem</span> <span class='ocrx_word' id='word_1_257' title='bbox 530 2407 695 2449; x_wconf 88' lang='lat' dir='ltr'>falsitas</span> <span class='ocrx_word' id='word_1_258' title='bbox 726 2421 776 2448; x_wconf 86' lang='lat' dir='ltr'>ex</span> <span class='ocrx_word' id='word_1_259' title='bbox 805 2406 899 2459; x_wconf 85' lang='lat' dir='ltr'>ipsa</span> <span class='ocrx_word' id='word_1_260' title='bbox 928 2405 968 2447; x_wconf 79' lang='lat' dir='ltr'>S.</span> <span class='ocrx_word' id='word_1_261' title='bbox 1000 2404 1164 2446; x_wconf 88' lang='lat' dir='ltr'>Coenae</span> <span class='ocrx_word' id='word_1_262' title='bbox 1192 2403 1473 2454; x_wconf 87' lang='lat' dir='ltr'>institutione,</span> <span class='ocrx_word' id='word_1_263' title='bbox 1504 2404 1632 2454; x_wconf 88' lang='lat' dir='ltr'>atque</span> 
     </span>
     <span class='ocr_line' id='line_1_33' title="bbox 71 2473 1633 2530; baseline -0.003 -11"><span class='ocrx_word' id='word_1_264' title='bbox 71 2492 121 2519; x_wconf 87' lang='lat' dir='ltr'>ex</span> <span class='ocrx_word' id='word_1_265' title='bbox 159 2477 337 2520; x_wconf 89' lang='lat' dir='ltr'>Patrum</span> <span class='ocrx_word' id='word_1_266' title='bbox 376 2478 724 2521; x_wconf 85' lang='lat' dir='ltr'>Orthodoxorum</span> <span class='ocrx_word' id='word_1_267' title='bbox 762 2477 933 2530; x_wconf 88' lang='lat' dir='ltr'>scriptis</span> <span class='ocrx_word' id='word_1_268' title='bbox 970 2476 1143 2530; x_wconf 88' lang='lat' dir='ltr'>probari</span> <span class='ocrx_word' id='word_1_269' title='bbox 1181 2477 1337 2529; x_wconf 89' lang='lat' dir='ltr'>potest.</span> <span class='ocrx_word' id='word_1_270' title='bbox 1375 2473 1502 2525; x_wconf 78' lang='lat' dir='ltr'>Nam,</span> <span class='ocrx_word' id='word_1_271' title='bbox 1531 2476 1579 2514; x_wconf 89' lang='lat' dir='ltr'>ut</span> <span class='ocrx_word' id='word_1_272' title='bbox 1608 2488 1633 2515; x_wconf 89' lang='lat' dir='ltr'>a</span> 
     </span>
     <span class='ocr_line' id='line_1_34' title="bbox 72 2545 1633 2602; baseline -0.003 -11"><span class='ocrx_word' id='word_1_273' title='bbox 72 2548 235 2591; x_wconf 85' lang='lat' dir='ltr'>Coenae</span> <span class='ocrx_word' id='word_1_274' title='bbox 266 2549 537 2591; x_wconf 90' lang='lat' dir='ltr'>institutione</span> <span class='ocrx_word' id='word_1_275' title='bbox 574 2548 839 2602; x_wconf 69' lang='lat' dir='ltr'>incipiamus,</span> <span class='ocrx_word' id='word_1_276' title='bbox 879 2547 1072 2589; x_wconf 90' lang='lat' dir='ltr'>Christus</span> <span class='ocrx_word' id='word_1_277' title='bbox 1109 2547 1153 2588; x_wconf 90' lang='lat' dir='ltr'>in</span> <span class='ocrx_word' id='word_1_278' title='bbox 1193 2562 1240 2588; x_wconf 83' lang='lat' dir='ltr'>ea</span> <span class='ocrx_word' id='word_1_279' title='bbox 1279 2561 1433 2600; x_wconf 88' lang='lat' dir='ltr'>panem</span> <span class='ocrx_word' id='word_1_280' title='bbox 1463 2547 1504 2587; x_wconf 87' lang='lat' dir='ltr'>et</span> <span class='ocrx_word' id='word_1_281' title='bbox 1532 2545 1633 2586; x_wconf 85' lang='lat' dir='ltr'>cali-</span> 
     </span>
     <span class='ocr_line' id='line_1_35' title="bbox 72 2616 1632 2670; baseline -0.003 -9"><span class='ocrx_word' id='word_1_282' title='bbox 72 2634 162 2662; x_wconf 85' lang='lat' dir='ltr'>cem</span> <span class='ocrx_word' id='word_1_283' title='bbox 190 2621 484 2663; x_wconf 88' lang='lat' dir='ltr'>benedictione</span> <span class='ocrx_word' id='word_1_284' title='bbox 507 2635 581 2662; x_wconf 89' lang='lat' dir='ltr'>sua</span> <span class='ocrx_word' id='word_1_285' title='bbox 607 2622 910 2668; x_wconf 87' lang='lat' dir='ltr'>consecratum,</span> <span class='ocrx_word' id='word_1_286' title='bbox 936 2633 1021 2661; x_wconf 91' lang='lat' dir='ltr'>non</span> <span class='ocrx_word' id='word_1_287' title='bbox 1047 2617 1140 2660; x_wconf 87' lang='lat' dir='ltr'>Deo</span> <span class='ocrx_word' id='word_1_288' title='bbox 1164 2616 1295 2666; x_wconf 81' lang='lat' dir='ltr'>Patri,</span> <span class='ocrx_word' id='word_1_289' title='bbox 1318 2617 1389 2658; x_wconf 90' lang='lat' dir='ltr'>sed</span> <span class='ocrx_word' id='word_1_290' title='bbox 1414 2616 1632 2670; x_wconf 88' lang='lat' dir='ltr'>discipulis</span> 
     </span>
     <span class='ocr_line' id='line_1_36' title="bbox 72 2687 1633 2743; baseline -0.003 -11"><span class='ocrx_word' id='word_1_291' title='bbox 72 2690 158 2732; x_wconf 90' lang='lat' dir='ltr'>suis</span> <span class='ocrx_word' id='word_1_292' title='bbox 188 2691 365 2741; x_wconf 81' lang='lat' dir='ltr'>obtulit3</span> <span class='ocrx_word' id='word_1_293' title='bbox 394 2705 471 2732; x_wconf 91' lang='lat' dir='ltr'>nec</span> <span class='ocrx_word' id='word_1_294' title='bbox 498 2690 618 2732; x_wconf 86' lang='lat' dir='ltr'>Patri</span> <span class='ocrx_word' id='word_1_295' title='bbox 648 2690 776 2732; x_wconf 84' lang='lat' dir='ltr'>dixit:</span> <span class='ocrx_word' id='word_1_296' title='bbox 808 2690 952 2743; x_wconf 90' lang='lat' dir='ltr'>accipe</span> <span class='ocrx_word' id='word_1_297' title='bbox 982 2689 1064 2731; x_wconf 92' lang='lat' dir='ltr'>hoc</span> <span class='ocrx_word' id='word_1_298' title='bbox 1093 2687 1346 2730; x_wconf 87' lang='lat' dir='ltr'>sacrificium</span> <span class='ocrx_word' id='word_1_299' title='bbox 1376 2687 1566 2740; x_wconf 87' lang='lat' dir='ltr'>corporis</span> <span class='ocrx_word' id='word_1_300' title='bbox 1591 2689 1633 2728; x_wconf 90' lang='lat' dir='ltr'>et</span> 
     </span>
     <span class='ocr_line' id='line_1_37' title="bbox 75 2758 1631 2815; baseline -0.002 -13"><span class='ocrx_word' id='word_1_301' title='bbox 75 2762 292 2815; x_wconf 85' lang='lat' dir='ltr'>sanguinis</span> <span class='ocrx_word' id='word_1_302' title='bbox 320 2762 414 2815; x_wconf 90' lang='lat' dir='ltr'>mei,</span> <span class='ocrx_word' id='word_1_303' title='bbox 446 2762 517 2804; x_wconf 88' lang='lat' dir='ltr'>sed</span> <span class='ocrx_word' id='word_1_304' title='bbox 546 2762 630 2803; x_wconf 90' lang='lat' dir='ltr'>suis</span> <span class='ocrx_word' id='word_1_305' title='bbox 661 2761 901 2815; x_wconf 88' lang='lat' dir='ltr'>discipulis:</span> <span class='ocrx_word' id='word_1_306' title='bbox 936 2760 1144 2813; x_wconf 79' lang='lat' dir='ltr'>Accipite,</span> <span class='ocrx_word' id='word_1_307' title='bbox 1177 2758 1385 2801; x_wconf 86' lang='lat' dir='ltr'>comedite</span> <span class='ocrx_word' id='word_1_308' title='bbox 1415 2760 1456 2800; x_wconf 87' lang='lat' dir='ltr'>et</span> <span class='ocrx_word' id='word_1_309' title='bbox 1485 2758 1631 2810; x_wconf 86' lang='lat' dir='ltr'>bibite,</span> 
     </span>
     <span class='ocr_line' id='line_1_38' title="bbox 71 2830 1633 2888; baseline -0.002 -14"><span class='ocrx_word' id='word_1_310' title='bbox 71 2831 154 2875; x_wconf 91' lang='lat' dir='ltr'>hoc</span> <span class='ocrx_word' id='word_1_311' title='bbox 196 2836 259 2875; x_wconf 91' lang='lat' dir='ltr'>est</span> <span class='ocrx_word' id='word_1_312' title='bbox 303 2848 457 2888; x_wconf 90' lang='lat' dir='ltr'>corpus</span> <span class='ocrx_word' id='word_1_313' title='bbox 494 2848 647 2885; x_wconf 90' lang='lat' dir='ltr'>meum,</span> <span class='ocrx_word' id='word_1_314' title='bbox 687 2836 728 2875; x_wconf 91' lang='lat' dir='ltr'>et</span> <span class='ocrx_word' id='word_1_315' title='bbox 764 2831 938 2874; x_wconf 87' lang='lat' dir='ltr'>Novum</span> <span class='ocrx_word' id='word_1_316' title='bbox 975 2831 1296 2873; x_wconf 84' lang='lat' dir='ltr'>Testamentum</span> <span class='ocrx_word' id='word_1_317' title='bbox 1337 2830 1382 2871; x_wconf 89' lang='lat' dir='ltr'>in</span> <span class='ocrx_word' id='word_1_318' title='bbox 1427 2830 1633 2884; x_wconf 83' lang='lat' dir='ltr'>sanguine</span> 
     </span>
     <span class='ocr_line' id='line_1_39' title="bbox 75 2900 1633 2956; baseline -0.001 -11"><span class='ocrx_word' id='word_1_319' title='bbox 75 2918 183 2956; x_wconf 87' lang='lat' dir='ltr'>meo,</span> <span class='ocrx_word' id='word_1_320' title='bbox 223 2904 347 2947; x_wconf 87' lang='lat' dir='ltr'>Matt.</span> <span class='ocrx_word' id='word_1_321' title='bbox 387 2905 451 2956; x_wconf 80' lang='lat'>26,</span> <span class='ocrx_word' id='word_1_322' title='bbox 491 2905 553 2946; x_wconf 82' lang='lat'>26.</span> <span class='ocrx_word' id='word_1_323' title='bbox 592 2903 689 2946; x_wconf 87' lang='lat' dir='ltr'>Luc.</span> <span class='ocrx_word' id='word_1_324' title='bbox 730 2903 794 2955; x_wconf 79' lang='lat'>22,</span> <span class='ocrx_word' id='word_1_325' title='bbox 824 2903 886 2945; x_wconf 86' lang='lat'>19.</span> <span class='ocrx_word' id='word_1_326' title='bbox 917 2905 959 2944; x_wconf 89' lang='lat' dir='ltr'>et</span> <span class='ocrx_word' id='word_1_327' title='bbox 989 2901 1282 2954; x_wconf 83' lang='lat' dir='ltr'>sequentibus3</span> <span class='ocrx_word' id='word_1_328' title='bbox 1313 2900 1581 2942; x_wconf 84' lang='lat' dir='ltr'>Sacrificulus</span> <span class='ocrx_word' id='word_1_329' title='bbox 1611 2916 1633 2943; x_wconf 88' lang='lat' dir='ltr'>e</span> 
     </span>
     <span class='ocr_line' id='line_1_40' title="bbox 75 2972 1634 3030; baseline -0.003 -13"><span class='ocrx_word' id='word_1_330' title='bbox 75 2976 288 3018; x_wconf 89' lang='lat' dir='ltr'>contrario</span> <span class='ocrx_word' id='word_1_331' title='bbox 328 2991 483 3030; x_wconf 89' lang='lat' dir='ltr'>corpus</span> <span class='ocrx_word' id='word_1_332' title='bbox 520 2978 563 3017; x_wconf 89' lang='lat' dir='ltr'>et</span> <span class='ocrx_word' id='word_1_333' title='bbox 601 2975 852 3028; x_wconf 82' lang='lat' dir='ltr'>sanguinem</span> <span class='ocrx_word' id='word_1_334' title='bbox 890 2973 1049 3016; x_wconf 90' lang='lat' dir='ltr'>Christi</span> <span class='ocrx_word' id='word_1_335' title='bbox 1087 2973 1163 3015; x_wconf 88' lang='lat' dir='ltr'>sub</span> <span class='ocrx_word' id='word_1_336' title='bbox 1193 2972 1413 3026; x_wconf 87' lang='lat' dir='ltr'>speciebus</span> <span class='ocrx_word' id='word_1_337' title='bbox 1441 2973 1563 3026; x_wconf 86' lang='lat' dir='ltr'>panis</span> <span class='ocrx_word' id='word_1_338' title='bbox 1587 2975 1634 3023; x_wconf 53' lang='lat' dir='ltr'>‚et</span> 
     </span>
    </p>
   </div>
  </div>
 </body>
</html>
