1931 3224
270 148 349 190 452
864 142 1107 184 DISPUTArio
1138 141 1246 183 XLI.

271 271 486 325 lapides
523 271 666 319 tuos,
706 270 756 309 et
793 267 1127 308 fundaturus
1165 265 1466 319 sapphiris.
1506 264 1575 307 Sic
1617 267 1658 307 et
1694 264 1829 320 Apoc.

272 344 335 393 21,
366 342 426 383 14.
459 341 520 382 19.

324 411 481 454 XXIV.
526 410 637 459 Quin
680 412 722 452 et
764 409 1062 464 promissio
1110 409 1157 451 ei
1198 408 1346 450 facta
1384 408 1443 450 de
1481 407 1832 450 aedificanda

271 499 432 537 super
474 483 611 523 hanc
649 484 861 535 petram
903 480 1155 522 Ecclesia
1194 495 1299 522 sua.
1340 480 1462 529 Quod
1498 494 1584 521 non
1623 480 1674 521 de
1702 478 1830 521 Petro

270 554 563 610 personaliter,
608 553 676 594 sed
723 552 772 594 de
814 552 913 594 fidei
956 553 1044 605 ejus
1082 550 1298 593 Christum
1335 551 1540 592 intuentis
1569 549 1833 604 professione

271 626 439 668 realiter
479 624 807 678 intelligendum
850 626 934 674 est;
973 638 1059 665 non
1096 623 1208 665 enim
1246 623 1361 674 dicit,
1400 638 1528 676 super
1564 625 1607 664 te
1644 621 1831 674 Petrum,

271 698 343 739 sed
387 712 512 749 super
552 696 663 738 hanc
707 698 884 749 petram,
925 697 1187 737 commutato
1225 694 1346 736 Petri
1382 694 1553 736 nomine
1590 694 1635 735 in
1673 695 1833 747 petrae,

269 768 502 810 masculino
542 768 586 809 in
615 768 879 819 femininum,
910 770 951 809 et
979 781 1162 820 persona
1192 765 1374 808 secunda
1403 766 1447 807 in
1478 765 1662 816 tertiam,
1691 766 1733 806 et
1761 763 1834 805 ad-

270 840 359 881 dito
398 839 650 893 pronomine
690 838 1045 890 demonstrativo3
1085 840 1127 879 et
1163 838 1208 879 in
1246 837 1352 891 Syro
1391 836 1608 888 articulus,
1639 835 1712 889 qui
1739 837 1833 877 tan-

268 914 359 952 tum
402 911 672 965 appellativis
716 911 896 962 additur,
940 910 1036 952 voci
1078 909 1246 962 Cephae
1288 909 1359 950 hic
1401 908 1683 962 praepositus,
1723 906 1835 948 idem

269 983 442 1024 indicat.
481 981 634 1035 Neque
672 982 954 1024 Ecclesiae
994 980 1321 1023 aedificatio
1356 995 1517 1034 super
1545 993 1835 1034 personam

268 1053 394 1094 ullius
447 1053 646 1106 hominis,
690 1054 763 1095 sed
806 1053 935 1095 solius
978 1052 1149 1104 Christi,
1193 1052 1266 1105 qui
1307 1053 1371 1093 est
1412 1050 1536 1092 unica
1577 1049 1652 1091 illa
1693 1048 1834 1101 Petra,

271 1124 292 1166 1
333 1124 425 1166 Cor.
466 1126 503 1166 3.
544 1128 585 1167 et
625 1126 645 1167 1
687 1124 779 1167 Cor.
821 1125 881 1166 10.
912 1124 1234 1177 doctrinamque
1263 1123 1313 1164 de
1343 1137 1392 1164 eo
1422 1121 1591 1173 editam,
1619 1120 1733 1162 facta
1760 1121 1835 1162 est.

273 1195 365 1245 Quo
404 1211 529 1238 sensu
569 1198 610 1238 et
639 1197 682 1238 id
711 1196 887 1248 reliquis
916 1195 1151 1248 Apostolis,
1180 1197 1229 1236 ut
1258 1194 1502 1236 architectis
1532 1193 1712 1235 aedificii
1739 1191 1835 1243 Dei,

271 1268 292 1308 1
333 1267 425 1309 Cor.
465 1268 501 1309 3.
540 1270 582 1309 et
618 1268 811 1321 ipsorum
847 1268 1021 1320 insuper
1060 1266 1278 1308 doctrinae
1308 1265 1590 1308 communiter
1618 1264 1835 1306 tribuitur.

270 1339 382 1393 Eph.
426 1341 462 1380 2.
507 1339 640 1393 Apoc.
680 1340 744 1380 21.
784 1341 826 1381 et
863 1339 966 1381 fides
1005 1338 1193 1381 fidelium
1221 1338 1542 1380 fundamentum
1574 1336 1740 1388 dicitur,
1770 1334 1837 1377 cui

268 1411 352 1464 ipsi
381 1410 672 1464 superstructi,
701 1410 838 1452 Judae
866 1425 972 1452 vers.
1002 1411 1066 1451 20.

323 1480 458 1523 XXV.
499 1481 568 1522 Ad
605 1481 708 1522 haec
745 1481 1040 1534 promissio
1081 1480 1131 1522 de
1169 1483 1315 1534 petrae
1347 1479 1463 1529 ,illius
1494 1479 1835 1530 fundamentalis,

271 1556 312 1595 et
353 1552 569 1594 Ecclesiae
610 1553 646 1593 ei
683 1552 1014 1594 inaedificandae
1050 1551 1275 1603 firmitate;
1312 1551 1379 1593 Et
1417 1552 1611 1604 portae
1639 1549 1836 1591 infero-

270 1639 381 1666 rum
420 1639 526 1666 non
556 1624 959 1678 praevalebunt
989 1623 1249 1665 adversus
1279 1637 1400 1664 eam.
1433 1621 1555 1670 Quod
1584 1621 1643 1662 de
1671 1619 1834 1661 Petro

271 1712 348 1750 per
379 1711 422 1738 se
451 1696 637 1749 intelligi
665 1695 827 1748 nequit,
857 1697 904 1736 ut
936 1696 1054 1748 cujus
1082 1695 1186 1736 fides
1217 1697 1258 1736 et
1286 1708 1426 1736 mores
1454 1692 1684 1746 aliquando
1708 1691 1837 1733 vacil-

269 1768 425 1818 larunt,
465 1766 588 1808 Matt.
629 1767 692 1819 16,
729 1767 792 1808 22.
823 1767 887 1808 23.
920 1769 961 1808 et
990 1767 1053 1818 26,
1082 1767 1146 1807 33.
1176 1766 1239 1807 34.
1270 1765 1369 1807 Luc.
1398 1765 1462 1817 22,
1491 1764 1555 1806 31.
1585 1764 1649 1805 34.
1679 1763 1769 1805 Gal.
1800 1763 1837 1815 2,

272 1840 333 1880 12.
380 1841 457 1880 etc.
502 1837 584 1881 Sed
627 1838 677 1879 de
714 1837 830 1879 fide
871 1838 931 1879 ab
971 1852 1027 1879 eo
1069 1838 1237 1890 edita,
1277 1852 1385 1889 quae
1422 1836 1544 1878 firma
1582 1838 1623 1877 et
1659 1835 1838 1876 immota

269 1913 424 1962 manet,
456 1910 491 1951 si
519 1910 659 1963 ipsam
682 1909 1003 1962 professionem,
1029 1924 1116 1951 non
1141 1908 1394 1962 simpliciter
1418 1908 1693 1961 profitentem
1718 1920 1838 1959 spec-

269 1984 345 2023 tes.
374 1981 527 2034 Neque
560 1981 610 2022 de
641 1980 832 2022 Ecclesia
858 1979 1059 2033 qualibet,
1085 1980 1156 2021 sed
1180 1980 1230 2021 de
1255 1979 1447 2021 Ecclesia
1471 1978 1704 2030 Catholica,
1731 1978 1837 2029 quae

271 2055 334 2094 est
365 2053 561 2094 columna
591 2055 632 2094 et
661 2051 1211 2094 firmamentum‘veritatis.

323 2123 477 2165 XXVI.
508 2123 703 2177 Denique
733 2123 1028 2176 promissio
1060 2123 1106 2165 ei
1134 2123 1284 2164 facta
1313 2122 1371 2164 de
1401 2121 1651 2164 clavibus
1680 2119 1837 2172 regni

272 2195 566 2247 coelorum,
597 2197 640 2236 at
669 2209 755 2236 non
779 2194 930 2247 inquit,
957 2194 1023 2236 Et
1046 2194 1154 2235 tibi
1180 2194 1317 2236 dabo
1343 2193 1451 2236 soli
1476 2193 1656 2235 claves
1679 2190 1837 2244 regni

271 2265 566 2317 coelorum,
612 2266 766 2318 quibus
810 2265 1101 2319 metaphorice
1146 2264 1528 2307 administrationis
1564 2266 1755 2318 potestas
1793 2263 1837 2304 in

270 2337 462 2380 Ecclesia
499 2337 580 2379 Dei
617 2337 894 2390 significatur,
936 2338 1108 2390 ejusque
1141 2337 1252 2379 ratio
1283 2337 1416 2379 altera
1445 2335 1699 2389 metaphora
1726 2334 1836 2377 indi-

271 2412 403 2460 catur,
446 2411 488 2450 et
532 2408 795 2461 quicquid
836 2408 1109 2462 ligaveris
1152 2408 1206 2450 in
1248 2410 1417 2460 terra,
1456 2407 1691 2461 ligatum
1732 2405 1837 2448 erit

270 2480 323 2522 in
361 2480 552 2532 coelis,
593 2482 643 2521 et
682 2480 944 2533 quicquid
983 2479 1216 2521 solveris
1256 2479 1310 2520 in
1347 2481 1514 2531 terra,
1555 2478 1674 2525 erit,
1699 2476 1836 2518 solu-

270 2554 378 2593 tum
407 2550 460 2592 in
490 2550 682 2602 coelis,
714 2550 826 2603 quod
854 2551 915 2602 fit,
949 2553 1044 2592 tum
1070 2549 1490 2605 praedicatione
1518 2547 1836 2601 Evangelii,

270 2622 473 2675 privatim
502 2622 547 2663 in
576 2621 835 2663 conscientia
865 2618 1084 2675 cujusque,
1110 2621 1233 2663 Matt.
1264 2621 1327 2672 28,
1353 2620 1415 2662 18.
1441 2620 1503 2661 19.
1529 2618 1659 2660 Marc.
1685 2619 1747 2670 16,
1772 2618 1834 2659 16.

269 2697 361 2735 tum
400 2693 619 2747 publice
657 2708 752 2734 usu
790 2693 1123 2746 disciplinae
1165 2695 1215 2735 et
1250 2689 1833 2741 excommunicat-ione,

269 2763 393 2805 Matt.
424 2764 485 2815 18,
517 2765 580 2806 15.
613 2765 675 2806 17.
707 2764 768 2805 18.
802 2763 918 2813 Quae
948 2763 1270 2817 gubernationis
1300 2764 1491 2817 potestas
1514 2776 1600 2803 non
1626 2762 1689 2802 est
1712 2760 1835 2802 abso-

270 2833 373 2885 luta,
418 2835 490 2875 sed
530 2835 820 2876 ministerialis
865 2837 906 2877 et
947 2835 1298 2889 promulgatoria,
1337 2849 1416 2888 pro
1455 2833 1620 2876 ratione
1657 2832 1756 2874 fidei
1794 2835 1835 2874 et

271 2904 588 2957 resipiscentiae
619 2907 832 2959 cujusque.
857 2906 922 2948 Ac
947 2922 995 2948 ea
1021 2907 1190 2959 quidem
1215 2906 1408 2948 Ecclesia
1432 2907 1507 2957 est,
1532 2903 1655 2945 Matt.
1682 2903 1751 2955 18,
1773 2903 1834 2945 18.

273 2974 514 3028 specialiter
547 2991 661 3029 vero,
691 2979 737 3018 ut
766 2977 962 3019 omnibus
991 2976 1215 3032 Apostolis
1243 2977 1313 3020 hic
1340 2975 1620 3032 promittitur,
1648 2975 1710 3018 ita
1737 2977 1836 3029 post
