1931 3224
455 147 519 189 DE
546 144 798 187 Pummomo
829 155 875 182 m*
904 138 1201 181 INDULGENTIIS.
1537 130 1615 171 421

52 293 103 321 cr
115 276 340 327 editum,
370 272 431 315 ait
458 269 710 324 Alphonsus
739 266 789 308 de
815 265 964 307 Castro
986 261 1077 304 Lib.
1100 262 1137 304 8.
1160 260 1321 302 advers.
1337 256 1513 298 Haeres.
1530 253 1614 295 Tit.

54 350 104 391 de
130 346 304 399 Indulg.

105 417 306 462 XXXIII.
336 415 464 458 Ratio
494 414 628 467 igitur
655 409 871 465 primaria,
904 422 976 449 0111
1006 420 1084 459 pro
1115 402 1296 446 mortuis
1324 414 1470 455 preces
1496 398 1615 439 fude-

54 492 153 543 rint,
183 489 236 531 ab
266 503 315 529 ea
346 485 538 528 doctrina
568 482 760 537 profecta
789 482 864 532 est,
896 492 1023 531 quam
1050 475 1135 530 ipsi
1163 472 1379 517 Pontificii
1402 471 1485 512 1100
1509 471 1619 510 10111-

55 577 160 616 pore
195 561 307 602 inter
344 571 506 600 errores
545 554 765 597 recensent
777 567 787 602 3
825 564 978 602 nempe
1023 563 1050 601 q
1061 563 1089 588 u
1101 562 1124 589 0
1138 547 1164 588 d
1204 548 1223 587 t
1235 561 1258 587 o
1270 548 1289 586 t
1317 544 1408 586 illi
1437 557 1457 583 e
1469 544 1488 582 t
1516 544 1535 582 t
1546 556 1570 582 a
1580 555 1623 581 111

57 632 305 677 celebres
352 626 572 680 antiqui
619 625 836 675 Patres,
891 619 1297 668 Tertullianus,
1338 615 1622 662 IrenaeuS,

58 705 347 757 Origenes,
373 698 823 752 Chrysostomus,
851 691 1254 741 Tlieodoretus,
1281 685 1624 734 Ambrosius,

59 776 302 819 Clemens
364 771 659 819 Romanus,
726 765 761 806 B
776 764 1062 814 eruardus,
1129 760 1254 802 huic
1310 756 1624 800 sententiae

59 847 212 901 (quae
239 844 294 886 in
323 858 344 885 0
360 840 566 885 01101110
597 836 952 887 Florentino,
981 847 1176 886 magna
1206 827 1625 883 conquisitione

59 919 230 969 facta,
269 917 326 957 ut
365 914 557 966 dogma
594 908 739 951 fidei
778 906 1022 949 definita
1052 902 1150 956 est)
1185 901 1325 955 quod
1350 901 1627 952 justorum

61 989 271 1031 animae
301 987 427 1028 ante
456 983 597 1025 diem
622 979 827 1035 judicii
856 977 955 1019 Dei
978 976 1196 1018 visione
1221 973 1498 1023 fruuntur,
1523 984 1628 1011 11011

63 1062 187 1103 sunt
229 1055 461 1107 assensi,
507 1053 596 1096 sed
638 1049 975 1094 sententiam
1013 1045 1353 1089 contrariam
1388 1041 1627 1084 tradide—

62 1147 83 1174 r
93 1146 122 1173 u
132 1146 161 1172 n
171 1133 209 1182 t,
245 1129 407 1170 fatente
446 1124 628 1179 Staplet.
664 1122 730 1165 De
771 1122 931 1163 auctor.
971 1118 1107 1171 Scrip.
1146 1116 1190 1158 L.
1230 1117 1265 1157 1.
1306 1130 1338 1157 0.
1377 1116 1414 1155 2.
1454 1115 1552 1154 sect.
1591 1112 1629 1153 5.

65 1202 228 1253 Quibus
265 1199 382 1242 addit
410 1197 556 1240 Sixtus
586 1193 797 1244 Senensis,
826 1191 854 1233 J
856 1190 1045 1233 ustinum
1073 1188 1319 1241 Martyrem,
1349 1184 1630 1234 Lactantiuni,

64 1272 347 1322 Victorinum,
373 1267 666 1318 Prudentium,
690 1264 900 1307 Aretham
925 1264 1003 1304 etc.
1019 1260 1133 1302 Bibl.
1149 1259 1194 1301 L.
1210 1260 1247 1300 6.
1265 1259 1408 1300 annot.
1424 1256 1515 1298 345.
1530 1254 1631 1297 Non

67 1345 222 1388 mirum
264 1345 327 1385 est
364 1341 510 1394 igitur,
550 1339 586 1380 si
623 1339 667 1380 in
700 1337 781 1379 hac
820 1351 842 1377 r
854 1350 875 1377 e
887 1349 905 1376 s
917 1349 945 1376 u
955 1349 976 1375 r
987 1348 1008 1375 r
1019 1348 1040 1375 e
1053 1332 1164 1375 0110
1176 1347 1204 1372 11
1216 1331 1231 1372 1
1243 1346 1262 1372 s
1298 1345 1342 1371 111
1354 1343 1377 1371 0
1390 1344 1411 1370 1
1422 1344 1445 1370 a
1460 1361 1468 1379 ,
1507 1342 1635 1381 quain

66 1418 191 1460 vocat
222 1412 526 1463 Tertullianus,
557 1412 599 1452 et
627 1408 864 1451 animarum
894 1404 1083 1448 omnium
1112 1402 1237 1445 exilio
1264 1403 1305 1443 et
1330 1414 1468 1454 poena
1492 1398 1634 1441 damni

69 1490 175 1543 (non
203 1487 352 1539 utique
382 1481 547 1536 sensus)
576 1495 723 1535 preces
753 1478 933 1521 mortuis
963 1475 1088 1518 utiles
1117 1488 1206 1516 esse
1232 1473 1494 1515 censuerunt.
1513 1469 1635 1519 Quod

67 1560 392 1602 fundamentum
432 1569 527 1597 cum
562 1552 647 1606 ipsi
683 1549 900 1593 Pontificii
936 1548 1155 1589 ruinosum
1193 1559 1282 1587 esse
1310 1544 1520 1594 censeant,
1549 1555 1635 1582 non

71 1630 304 1681 debuimus,
335 1628 409 1681 qui
438 1626 562 1668 aliter
593 1639 643 1667 ex
671 1622 893 1675 Scriptura
922 1618 1060 1662 edocti
1091 1631 1247 1668 sumus,
1275 1616 1406 1657 ritum
1430 1613 1634 1664 inutilem,

71 1706 113 1746 et
140 1701 297 1745 sanctis
328 1699 458 1742 etiam
485 1696 752 1750 injuriosum,
782 1691 955 1734 imitari.

122 1771 320 1816 XXXIV.
346 1768 618 1813 Probationis
643 1780 777 1820 genus
802 1765 856 1806 ab
882 1760 1225 1817 apparitionibus
1252 1759 1502 1809 animarum,
1530 1770 1637 1809 quae

72 1862 115 1891 se
153 1847 199 1888 in
228 1841 482 1899 purgatorio
513 1854 603 1882 esse
633 1837 949 1886 renunciarunt,
982 1846 1191 1887 opemque
1221 1846 1245 1872 a
1273 1829 1380 1871 vivis
1408 1829 1639 1882 implorare

71 1919 185 1962 visae
222 1918 334 1967 sunt,
373 1913 427 1956 ad
462 1911 629 1954 fabulas
666 1906 979 1951 commentitias
1016 1904 1251 1953 referimus,
1289 1901 1356 1942 vel
1394 1901 1446 1942 ad
1475 1900 1640 1941 somnia

72 1987 432 2045 phreneticorum,
461 1982 803 2036 abreptitiorum,
834 1981 875 2020 et
903 1976 1064 2019 morbis
1090 1988 1393 2029 oppressorum
1404 1990 1413 2024 ς
1440 1972 1493 2013 ad
1519 1971 1638 2014 dolos

73 2063 177 2104 item
218 2058 448 2101 diabolicos
491 2069 617 2108 saepe
658 2054 855 2103 retectos,
900 2049 1054 2102 quibus
1093 2047 1231 2100 decipi
1266 2046 1527 2094 meruerunt,
1567 2043 1640 2095 qui

74 2132 240 2174 Deum
278 2142 428 2171 suum
467 2140 572 2168 non
608 2122 1030 2171 consuluerunt,
1068 2118 1159 2160 sed
1195 2131 1292 2170 pro
1321 2114 1641 2157 viventibus

74 2220 118 2247 m
129 2219 153 2246 o
166 2218 187 2244 r
196 2205 215 2244 t
226 2217 254 2243 11
266 2216 290 2243 0
302 2216 339 2252 s,
369 2198 483 2241 Esai.
514 2197 550 2249 8,
581 2196 643 2238 19.
672 2194 811 2248 Hujus
836 2191 1054 2235 caecitatis
1081 2189 1326 2242 exemplum
1349 2187 1528 2241 praebet
1550 2186 1642 2239 ipse

75 2272 359 2317 Bellarminus
398 2269 592 2319 delirans,
631 2266 722 2308 Lib.
760 2267 796 2306 2.
833 2264 882 2306 de
912 2278 940 2317 g
953 2278 974 2304 e
986 2277 1028 2304 m
1040 2261 1054 2303 i
1064 2264 1082 2303 t
1093 2277 1121 2302 11
1150 2275 1171 2302 0
1184 2275 1207 2302 0
1219 2260 1272 2301 lu
1282 2274 1325 2300 m
1335 2259 1362 2299 b
1376 2274 1399 2300 a
1412 2273 1432 2300 e
1443 2291 1452 2309 ,
1484 2272 1574 2310 cap.
1605 2257 1641 2298 9.

76 2346 151 2387 ubi
190 2359 241 2386 ex
277 2341 395 2384 Beda
431 2339 620 2381 fabulam
662 2336 815 2379 recitat
853 2336 904 2377 de
940 2334 1103 2376 visione
1142 2331 1361 2384 cujusdam
1397 2328 1642 2378 Drithelnii,

78 2408 151 2470 qni
187 2414 342 2457 vallem
378 2411 542 2454 viderat
580 2408 802 2452 animabus
840 2406 1062 2448 hominum
1101 2404 1283 2457 plenam,
1322 2402 1366 2443 in
1401 2415 1484 2453 qua
1513 2414 1644 2440 unum

77 2489 189 2530 latus
226 2487 318 2528 erat
354 2482 536 2526 flammis
572 2479 833 2523 ferventibus
870 2476 1073 2527 terribile,
1105 2475 1284 2517 alterum
1314 2475 1456 2514 autem
1485 2470 1644 2512 furenti

79 2557 296 2613 grandine,
326 2571 375 2598 ac
401 2555 563 2607 frigore
590 2552 754 2593 nivium
781 2550 922 2592 omnia
945 2548 1155 2603 perflante
1167 2563 1176 2597 ς
1200 2545 1446 2596 ibidemque
1470 2542 1644 2583 miseras

81 2631 256 2682 animas,
291 2643 387 2671 cum
415 2628 502 2669 vim
529 2624 707 2667 fervoris
735 2623 921 2665 tolerare
948 2636 1034 2663 non
1065 2621 1253 2673 possent,
1282 2618 1327 2658 111
1354 2614 1541 2657 medium
1569 2613 1644 2654 fri-

82 2703 196 2758 goris
237 2701 383 2744 infesti
418 2697 702 2753 prosilientes,
733 2696 775 2737 01
801 2707 969 2735 rursum
996 2691 1158 2745 frigore
1185 2689 1386 2742 rigentes,
1415 2685 1460 2726 in
1488 2683 1647 2726 medias

82 2775 274 2818 flammas
314 2770 476 2814 infelici
516 2766 807 2811 vicissitudine
847 2765 1082 2807 redeuntes.
1128 2761 1161 2811 Q
1175 2777 1203 2802 u
1216 2776 1239 2802 a
1250 2775 1293 2801 m
1330 2759 1359 2800 h
1371 2759 1385 2799 i
1398 2773 1416 2799 s
1427 2759 1446 2798 t
1459 2771 1482 2797 o
1496 2771 1516 2797 r
1526 2755 1540 2797 i
1550 2770 1574 2797 a
1584 2770 1644 2807 m,

82 2846 235 2900 inquit,
263 2842 609 2887 verissimam
638 2853 753 2882 esse
782 2851 888 2879 non
916 2835 1130 2885 dubito,
1161 2832 1290 2885 quia
1319 2828 1646 2882 Scripturae

85 2918 455 2960 consentanea
497 2914 598 2964 est,
642 2908 851 2952 dicenti
891 2907 945 2949 in
986 2905 1131 2947 libro
1175 2902 1292 2945 Job.
1335 2915 1425 2954 cap.
1467 2900 1532 2941 24.
1570 2898 1646 2940 Ad

85 2988 307 3031 nimium
345 2986 582 3029 calorem
618 2981 912 3025 transeunt
950 2977 1012 3020 ab
1052 2975 1210 3028 aquis
1249 2972 1467 3015 nivium,
1502 2971 1646 3013 Aliam
