1931 3224
0 0 25 258 γ«·“ἠ’“ῑπ

341 116 406 159 ΒΕ
435 116 631 160 Certemus
660 131 729 159 suu
758 115 1030 159 CONVENTIBUS
1061 115 1391 159 Eccmsmsricis.
1564 116 1641 156 5913

88 242 245 285 siarum
279 241 413 283 totius
450 241 712 294 Provinciae,
740 240 939 284 Nationis
968 242 1091 284 unius
1121 244 1194 283 aut
1222 241 1419 295 plurium,
1450 242 1522 281 aut
1552 239 1646 280 11111-

87 327 233 356 versae
261 312 488 355 Ecclesiae.
520 312 675 362 Quales
703 327 769 355 res
797 313 895 355 fidei
919 315 960 356 et
984 328 1163 365 morum,
1189 327 1297 367 quae
1322 314 1420 354 sunt
1445 310 1646 354 omnium.

140 383 215 426 IX.
253 383 398 437 Atque
431 384 476 426 in
504 382 689 438 Synodo,
721 383 848 437 idque
878 399 952 427 suo
987 384 1133 427 ordine
1162 387 1203 426 et
1233 384 1380 438 gradu,
1411 385 1474 424 est
1503 383 1649 424 aucto-

87 455 229 498 ritatis
256 457 297 497 et
319 456 625 509 potestatis
647 455 683 497 E
698 455 1080 498 eclesiasticae
1101 455 1398 497 eminentia
1422 457 1472 496 et
1495 467 1649 507 apex3

88 527 222 569 totius
260 526 474 569 Ecclesiae
511 526 605 579 Dei,
644 542 728 580 qua
758 530 931 570 externa
961 530 1036 580 est,
1066 528 1220 579 unitas,
1252 529 1387 568 status
1419 528 1460 568 et
1491 525 1649 568 ordinis

89 598 399 641 firmamentum
440 613 488 640 ac
524 598 753 651 vinculum,
793 601 921 652 atque
958 597 1260 641 infestantibus
1299 598 1433 650 malis,
1464 597 1649 639 salutare

90 669 335 712 remedium.

143 740 195 783 X.
234 740 529 783 Conventuum
565 743 704 783 autem
744 741 1152 793 Ecclesiasticorum,
1191 742 1380 794 adeoque
1420 744 1461 783 et
1489 739 1650 794 Synodi

90 812 142 853 in
154 826 172 853 s
183 811 227 853 ti
238 813 294 853 tu
304 812 383 854 tio
398 845 407 864 ,
443 827 529 854 non
568 815 632 855 est
667 813 853 866 humani,
894 813 967 854 sed
1003 813 1134 855 divini
1159 813 1278 865 juris,
1309 812 1470 853 habens
1498 811 1649 853 funda—

90 885 281 925 mentum
318 884 362 925 in
389 884 528 926 verbis
558 883 737 926 Christi:
766 883 864 926 Dic
892 883 1197 936 Ecclesiae,
1230 883 1368 936 quod
1397 883 1439 924 si
1469 882 1650 924 Eccle-

92 955 224 997 siam
262 969 366 997 non
395 956 692 1007 audiverit,
724 958 801 997 etc.
833 970 967 1009 quae
983 970 1190 1008 cunque
1219 954 1543 1010 ligaveritis
1572 969 1651 995 su-

92 1040 187 1080 per
223 1028 445 1079 terram,
489 1029 567 1068 etc.
605 1027 698 1067 ubi
735 1026 835 1068 duo
874 1027 959 1068 vel
996 1028 1105 1068 tres
1146 1026 1325 1068 coacti
1363 1025 1572 1067 fuerint
1600 1025 1653 1066 in

28 1120 31 1122 v
93 1098 306 1141 nomine
343 1113 476 1147 meo,
514 1097 636 1139 illic
674 1112 785 1138 sum
813 1098 866 1138 in
896 1097 1071 1139 medio
1102 1112 1305 1148 eorum,
1334 1096 1458 1138 Matt.
1491 1097 1552 1138 18.
1581 1096 1652 1148 Et,

93 1169 208 1223 Ego
247 1169 528 1211 vobiscum
566 1183 676 1210 sum
716 1183 884 1221 usque
923 1169 984 1209 ad
1024 1169 1550 1210 consummationem
1581 1182 1653 1209 se-

94 1240 221 1293 culi,
260 1239 384 1281 Matt.
422 1240 486 1282 28.
516 1239 633 1289 Quae
662 1239 832 1292 quidem
861 1239 911 1281 de
939 1238 1128 1281 inferiori
1160 1253 1357 1281 consessu
1386 1239 1525 1292 primo
1556 1242 1654 1281 sunt

94 1311 351 1365 accipienda,
391 1311 463 1353 sed
500 1311 614 1364 quod
653 1311 843 1353 omnium
870 1310 1158 1352 Ecclesiarum
1184 1311 1296 1352 inter
1324 1326 1367 1353 se
1396 1310 1451 1352 sit
1479 1311 1579 1352 unio
1612 1313 1654 1351 et

94 1383 348 1434 communio,
376 1382 615 1436 superiores
642 1383 778 1424 multo
808 1382 946 1435 magis
975 1385 1171 1435 spectant
1200 1396 1431 1424 consessus.

147 1453 222 1496 XI.
251 1453 301 1495 In
330 1452 521 1496 Veteri
550 1453 721 1506 quidem
749 1453 964 1495 Testam
977 1456 1122 1505 ento,
1153 1454 1301 1495 unicus
1330 1456 1466 1495 status
1492 1456 1533 1495 et
1558 1469 1654 1507 per-

93 1528 246 1579 petuus
290 1525 463 1578 quidam
502 1525 746 1578 hujusmodi
788 1539 1007 1566 consessus
1050 1524 1371 1567 Ecclesiasticus
1409 1540 1481 1566 seu
1521 1524 1654 1579 Syne-

96 1597 234 1639 drium
274 1596 404 1639 fuisse
446 1596 623 1649 videtur,
669 1596 901 1650 Synagoga
943 1596 996 1637 ad
1035 1610 1165 1637 unam
1208 1598 1378 1649 gentem
1424 1598 1653 1648 contracta,

94 1669 216 1721 isque
242 1683 337 1710 cum
361 1667 484 1710 Civili
511 1682 708 1710 consessu
734 1667 993 1720 permixtus:
1018 1668 1091 1708 sed
1114 1682 1199 1708 non
1220 1667 1323 1708 item
1340 1667 1487 1719 causis,
1506 1683 1654 1720 quam-

95 1741 159 1782 vis
195 1740 246 1782 de
283 1755 331 1782 eo
371 1739 559 1782 dubitari
586 1739 735 1793 possit,
767 1738 879 1791 quod
910 1738 1052 1779 divina
1080 1738 1147 1779 lex
1177 1738 1305 1779 etiam
1333 1738 1509 1790 politica
1541 1753 1654 1780 com-

94 1812 365 1866 plecteretur,
406 1826 538 1864 eaque
575 1810 805 1852 universim
842 1809 1000 1851 Levitis
1037 1811 1078 1851 et
1108 1808 1408 1852 Sacerdotibus
1437 1810 1501 1850 uti
1527 1810 1656 1861 juris-

97 1883 302 1925 consultis
340 1885 382 1924 et
414 1882 640 1935 judicibus,
682 1881 907 1924 commissa
943 1880 1085 1932 fuerit,
1115 1881 1188 1933 qui
1216 1880 1455 1921 instituitur
1484 1895 1508 1922 a
1536 1880 1655 1922 Mose

97 1953 223 1996 Deut.
263 1954 325 2005 17,
368 1953 404 1995 8.
445 1956 487 1995 et
524 1968 548 1994 a
584 1952 823 2006 Josaphato
861 1951 1114 2003 restituitur,
1152 1953 1177 1992 2
1216 1951 1368 1993 Chron.
1408 1952 1469 1993 18.
1509 1952 1656 1993 Causis

96 2027 239 2066 tamen
275 2024 357 2066 Dei
395 2026 437 2066 et
473 2023 617 2078 Regis,
655 2023 782 2065 etiam
821 2023 1085 2076 praesidibus
1119 2025 1211 2063 tum
1241 2023 1396 2064 diserte
1426 2022 1656 2076 disjunctis.

97 2095 161 2137 Ac
198 2096 470 2137 continuatus
509 2095 562 2137 ad
591 2094 807 2136 Christum
834 2108 985 2147 usque:
1016 2096 1212 2136 constans
1242 2093 1540 2136 Sacerdotibus
1569 2095 1657 2148 pri-

98 2167 257 2220 mariis,
297 2166 457 2210 Scribis
496 2169 538 2208 et
577 2165 823 2209 Senioribus
852 2165 1012 2220 populi,
1042 2165 1167 2206 Matt.
1197 2165 1260 2216 16,
1289 2165 1352 2206 21.
1384 2168 1426 2206 et
1455 2166 1518 2217 26,
1549 2166 1586 2207 3.
1616 2168 1658 2207 et

99 2239 162 2291 27,
192 2238 255 2280 59.
288 2237 410 2287 Quod
440 2237 694 2291 Synedrium
721 2237 969 2289 universale,
1001 2236 1286 2289 cognoscebat
1315 2237 1365 2278 de
1395 2237 1530 2279 causis
1561 2251 1658 2290 gra-

97 2309 294 2362 vissimis,
331 2308 461 2351 Num.
498 2309 559 2361 11,
591 2309 653 2351 16.
681 2308 762 2350 Est
790 2307 1064 2349 nihilominns
1093 2308 1167 2349 ubi
1196 2307 1356 2362 Synodi
1386 2308 1659 2361 singulariter

99 2382 386 2434 congregatae
410 2379 595 2432 fuerunt,
622 2380 644 2421 1
670 2379 825 2422 Chron.
851 2380 914 2431 13,
941 2380 976 2421 1.
1002 2380 1038 2420 2.
1067 2381 1109 2421 et
1133 2380 1198 2431 23,
1224 2379 1260 2420 1.
1285 2379 1408 2421 Matt.
1435 2381 1472 2432 2,
1496 2380 1532 2421 4.
1559 2380 1594 2421 5.
1621 2380 1658 2421 6.

152 2450 246 2493 XII.
287 2450 338 2492 In
380 2449 531 2494 Novo
576 2466 678 2493 vero
723 2451 1104 2502 Testamento,
1146 2450 1338 2492 Ecclesia
1378 2450 1535 2492 Christi
1574 2465 1659 2492 non

99 2523 224 2565 unius
264 2522 403 2577 gentis
441 2522 661 2574 existente,
700 2522 772 2564 sed
810 2536 1151 2575 quaquaversum
1179 2537 1222 2564 se
1250 2522 1505 2576 proferente,
1537 2524 1579 2564 et
1607 2522 1660 2564 ad

102 2608 247 2637 omnes
286 2596 434 2648 gentes
463 2593 655 2644 dilatata,
684 2592 948 2646 Judaicaque
976 2592 1147 2645 Politia,
1179 2608 1261 2646 qua
1289 2593 1480 2644 Judaica,
1510 2595 1659 2648 gentes

100 2680 187 2708 non
227 2665 455 2719 obligante,
497 2679 544 2707 ac
582 2664 864 2716 disjunctione
904 2663 1030 2716 facta,
1059 2663 1343 2706 Dominorum
1370 2663 1658 2717 Reipublicae,

102 2739 144 2779 et
180 2735 476 2778 Ministrorum
503 2735 732 2788 Ecclesiae,
759 2749 913 2789 nempe
942 2734 1155 2787 Personis,
1185 2734 1393 2777 Consessu
1422 2738 1464 2777 et
1492 2734 1659 2778 Causis:

100 2808 200 2850 talis
237 2806 561 2850 Ecclesiasticus
599 2806 861 2858 universalis,
899 2806 1059 2858 unicus,
1100 2808 1235 2848 status
1276 2809 1317 2848 et
1353 2809 1597 2861 perpetuus,
1636 2823 1659 2849 a

103 2878 270 2921 Christo
308 2879 531 2922 institutus
569 2893 654 2920 non
693 2877 787 2930 fuit,
817 2877 889 2919 sed
916 2891 994 2932 pro
1024 2877 1189 2919 ratione
1216 2877 1492 2920 incidentium
1520 2893 1660 2921 rerum

105 2951 265 3004 passim
307 2950 617 3005 aggregandus.
661 2948 723 2991 Ut
764 2948 906 2991 videre
949 2951 1012 2990 est
1049 2949 1093 2990 in
1132 2948 1303 3003 prima
1342 2948 1661 3003 Hierosoly-

1485 3022 1519 3047 38
