1931 3224
250 152 329 194 340
791 150 1032 192 DISPUTATIO
1061 150 1261 193 XXXIII.

251 276 322 330 qui
359 276 624 328 restringunt
661 276 714 316 ad
753 278 988 316 extremum
1015 275 1060 316 in
1090 278 1278 317 extremo
1305 276 1466 328 judicio
1498 279 1651 329 actum,
1683 293 1812 331 quum

250 348 390 399 etiam,
431 350 472 389 et
509 346 781 400 potissimum
820 347 903 389 hoc
932 361 1058 390 sensu
1088 347 1323 401 accipiatur
1351 347 1395 389 in
1424 347 1739 391 Justificatione
1768 349 1813 390 in

246 419 327 461 hac
354 419 454 460 vita.

299 488 374 531 Ill.
405 489 514 531 Eam
542 488 904 531 Justificationem
929 489 1074 531 dicunt
1098 490 1348 543 praecedere
1372 491 1652 533 necessariam
1680 506 1813 545 quan-

249 562 346 603 dam
383 562 471 614 ejus
508 561 1014 615 praeparationem,
1056 561 1214 603 factam
1252 561 1413 615 partim
1451 577 1475 604 a
1511 562 1616 615 Deo,
1656 563 1814 616 partim

245 648 270 675 a
306 633 442 684 nobis,
482 647 634 686 nempe
671 632 832 674 viribus
871 632 1047 675 humani
1087 633 1266 685 arbitrii,
1307 635 1459 687 quibus
1490 634 1619 677 homo
1651 633 1742 676 vult
1771 637 1813 676 et

244 705 346 746 facit
386 704 499 757 quod
536 704 579 745 in
609 719 653 746 se
684 707 758 746 est.
790 704 935 757 Atque
964 705 1070 747 haec
1101 720 1232 759 opera
1261 707 1584 759 praeparatoria
1613 707 1810 748 merito

247 775 478 829 congrui
522 774 654 828 (quod
694 779 837 818 tamen
879 776 1114 830 improprie
1159 777 1359 820 meritum
1400 793 1490 820 esse
1530 778 1688 830 dicunt,
1727 778 1813 819 imo

244 847 438 888 nonnulli
474 861 621 890 vocem
658 849 918 902 improbant,
959 850 1152 902 quamvis
1189 865 1278 892 rem
1317 864 1412 891 cum
1451 849 1543 890 aliis
1580 847 1811 901 retineant)

243 918 395 960 mereri
423 917 793 961 Justificationem.
824 919 1069 974 Congruum
1099 921 1211 963 enim
1237 921 1403 963 divinae
1429 936 1518 963 esse
1541 920 1813 974 benignitati,

245 992 292 1031 ut
318 989 492 1032 facienti
522 991 635 1043 quod
663 991 707 1032 in
737 1006 826 1033 sese
856 995 931 1044 est,
963 995 1193 1034 succurrat.
1219 992 1278 1034 At
1303 995 1471 1034 tantum
1497 992 1630 1045 abest,
1654 994 1703 1033 ut
1727 991 1814 1033 ulla

244 1061 387 1103 meriti
426 1061 497 1103 hic
539 1063 594 1103 sit
635 1063 759 1115 ratio,
801 1066 849 1105 ut
891 1062 1125 1117 Apostolus
1164 1064 1360 1116 declaret,
1400 1063 1661 1117 quicquid
1698 1063 1813 1105 sine

245 1132 357 1175 fide
385 1132 474 1185 fit,
504 1137 789 1187 peccatum
818 1150 955 1189 esse,
986 1135 1111 1178 Rom.
1143 1136 1204 1188 14,
1234 1136 1298 1178 23.
1330 1138 1371 1177 et
1399 1135 1669 1177 neminem
1699 1134 1813 1177 sine

246 1204 355 1247 fide
384 1205 494 1247 Deo
523 1207 742 1260 placere
771 1222 952 1261 posse,
982 1207 1114 1249 Hebr.
1144 1208 1207 1260 11,
1236 1208 1272 1250 6.

297 1275 370 1318 IV.
401 1276 525 1319 Hanc
554 1278 813 1320 ordinariam
841 1280 1214 1333 praeparationem
1243 1280 1446 1332 consequi
1474 1279 1625 1321 volunt
1648 1280 1705 1332 ju
1720 1278 1812 1320 sti-

244 1347 570 1391 ficationem
597 1350 748 1403 ipsam,
780 1366 909 1403 quam
939 1351 1209 1404 distinguunt
1233 1352 1277 1392 in
1304 1351 1533 1405 primam
1560 1353 1602 1392 et
1630 1365 1753 1392 secu
1764 1366 1813 1391 n-

246 1418 378 1471 dam,
409 1435 481 1462 seu
508 1421 754 1463 inchoatam
785 1426 827 1464 et
857 1423 1108 1474 absolutam,
1137 1423 1442 1476 incompletam
1473 1425 1515 1464 et
1544 1421 1812 1475 completam.

244 1489 535 1533 Veruntamen
583 1493 834 1545 justificatio
887 1509 995 1535 unus
1047 1496 1165 1536 actus
1211 1497 1287 1546 est,
1331 1494 1404 1547 qui
1443 1494 1488 1535 in
1529 1493 1708 1535 instanti
1750 1492 1810 1544 fit,

246 1562 437 1614 quamvis
469 1577 587 1605 suam
617 1564 774 1606 habeat
803 1565 1133 1619 applicationem
1163 1567 1204 1606 et
1234 1564 1611 1616 continuationem,
1645 1567 1687 1606 et
1718 1579 1811 1606 sen-

243 1645 347 1685 sum,
389 1648 496 1686 quae
534 1635 747 1687 gradatim
787 1637 828 1677 et
864 1636 1020 1678 iterato
1059 1635 1178 1688 fiunt,
1218 1635 1343 1679 Rom.
1383 1636 1419 1688 8,
1457 1637 1521 1678 30.
1551 1635 1676 1678 Unde
1707 1650 1813 1689 quo-

241 1704 345 1745 tidie
382 1719 619 1758 precamur,
658 1705 903 1749 Remitte
940 1707 1101 1749 nobis
1141 1707 1330 1749 debita
1369 1710 1583 1760 nostra,
1614 1709 1655 1748 et
1683 1706 1812 1749 confi-

241 1777 393 1827 temur,
426 1775 592 1819 Credo
624 1779 1006 1821 remissionem
1036 1782 1399 1832 peccatorum.

294 1846 347 1889 V.
386 1847 619 1890 Primam
647 1853 814 1902 vocant,
847 1866 930 1903 qua
959 1852 1054 1904 quis
1083 1867 1107 1893 a
1135 1851 1241 1903 Deo,
1271 1851 1444 1893 habitus
1472 1852 1572 1893 novi
1598 1851 1810 1893 infusione

241 1933 291 1960 ex
332 1919 491 1972 injusto
535 1920 583 1961 fit
617 1922 769 1973 justus,
811 1937 862 1963 ex
901 1923 1014 1964 malo
1054 1923 1203 1975 bonus,
1244 1923 1495 1976 expellendo
1537 1923 1810 1975 iniquitatem

241 1992 402 2045 culpae,
433 1994 474 2034 et
504 1992 641 2034 dando
669 1993 969 2036 rectitudinem
993 1995 1200 2047 justitiae.
1226 1994 1307 2044 Qui
1333 1997 1451 2037 actus
1474 1993 1809 2048 regenerationis

242 2064 317 2113 est,
347 2077 433 2104 non
459 2063 792 2116 justificationis.

294 2133 368 2175 VI.
393 2134 517 2176 Hanc
544 2135 626 2177 duo
651 2135 695 2177 in
721 2151 764 2177 se
790 2136 1004 2179 continere
1030 2139 1236 2179 statuunt.
1261 2137 1408 2180 Primo
1431 2137 1810 2180 remissionem

239 2208 615 2259 peccatorum,
640 2209 686 2248 ut
704 2209 846 2249 actum
861 2208 1095 2261 praevium.
1111 2209 1276 2251 Deinde
1301 2209 1638 2256 infusionem
1661 2209 1810 2250 habi-

239 2280 324 2319 tus
348 2278 640 2330 justitiae,
675 2293 758 2331 quo
790 2279 921 2321 homo
954 2280 1137 2322 efficitur
1158 2282 1299 2334 justus
1327 2280 1581 2333 formaliter,
1612 2281 1712 2322 dum
1741 2294 1809 2322 ac-

241 2349 372 2402 quirit
410 2349 650 2402 potentiam
688 2350 795 2391 bene
835 2351 1053 2404 operandi,
1089 2366 1137 2393 ac
1167 2352 1409 2406 disponitur
1438 2353 1491 2394 ad
1521 2352 1744 2394 caritatem
1768 2353 1809 2393 et

238 2421 322 2463 alia
349 2422 462 2462 bona
493 2435 634 2474 opera.
665 2420 724 2462 At
753 2436 855 2464 vero
883 2422 1206 2474 justificationis
1238 2426 1357 2465 actus
1385 2438 1473 2466 non
1503 2423 1707 2475 internus,
1737 2422 1809 2464 sed

239 2495 435 2534 externus
473 2507 570 2535 vere
610 2495 684 2545 est,
718 2495 760 2534 et
789 2493 834 2534 in
863 2495 1113 2537 remissione
1143 2498 1418 2549 peccatorum
1447 2496 1536 2549 ejus
1566 2497 1630 2537 est
1657 2494 1807 2536 forma.

291 2563 386 2605 VH.
416 2563 716 2606 Secundam
745 2567 900 2616 autem,
933 2581 1016 2618 qua
1045 2566 1174 2608 homo
1204 2566 1287 2607 illis
1318 2566 1598 2619 qualitatibus
1625 2566 1807 2608 instruc-

239 2638 308 2677 tus
345 2636 722 2688 acquisitione
756 2636 1020 2689 justitiae
1063 2652 1211 2680 revera
1247 2638 1297 2680 fit
1330 2639 1484 2691 justus,
1510 2640 1627 2691 justa
1655 2653 1807 2692 nempe

239 2706 467 2760 operando,
506 2706 591 2748 imo
632 2722 682 2748 ex
716 2707 834 2759 justo
869 2709 1039 2761 justior,
1066 2709 1109 2750 id
1141 2711 1216 2761 est,
1248 2724 1332 2762 qua
1359 2710 1483 2752 bonis
1514 2709 1714 2763 operibus
1742 2710 1807 2752 in-

238 2778 400 2829 crescit,
429 2791 477 2819 ac
506 2778 745 2831 completur
768 2781 810 2820 et
836 2783 1153 2822 consummatur
1175 2781 1220 2822 in
1245 2795 1293 2823 eo
1313 2781 1575 2834 justificatio.
1601 2780 1806 2834 Adeoque

237 2851 424 2890 meretur
449 2850 652 2902 majorem
673 2850 885 2902 justitiam
910 2854 952 2893 et
977 2852 1113 2894 vitam
1138 2854 1367 2904 aeternam,
1391 2851 1518 2905 idque
1544 2867 1595 2894 ex
1609 2852 1805 2894 merito

242 2919 525 2972 condigni,
557 2921 670 2973 quod
697 2921 785 2963 vita
814 2924 986 2964 aeterna
1014 2938 1172 2966 merces
1200 2923 1245 2966 in
1273 2923 1495 2977 Scriptura
1524 2923 1700 2965 dicatur.
1726 2923 1806 2965 At-

238 2993 382 3033 tamen
425 2990 650 3044 Scriptura
676 2995 808 3049 negat
828 2994 1179 3046 justificationem
1209 3009 1259 3038 ex
1289 2994 1489 3049 operibus
1517 2995 1688 3049 passim.
1716 2993 1807 3037 Me-
