1931 3224
220 135 298 175 332
765 133 1008 175 DISPUTATIO
1037 131 1236 175 XXXIII.

273 258 368 300 VII.
404 259 485 300 Est
520 273 620 300 vero
657 257 701 299 in
729 258 823 299 foro
853 257 996 298 divino
1025 257 1212 298 hominis
1241 256 1477 309 peccatoris
1505 256 1533 298 J
1535 257 1779 309 ustificatio,

219 331 320 373 Dei
346 330 635 383 judicium,
667 344 765 382 quo
796 328 1024 381 impium
1054 331 1102 370 et
1131 331 1480 381 peccatorem
1507 329 1560 369 in
1586 343 1703 370 sese
1729 331 1779 370 et

221 402 512 444 obnoxium
550 401 662 442 irae
701 414 847 448 suae,
889 414 948 440 ex
985 413 1129 440 mera
1157 413 1249 439 sua
1278 399 1463 451 gratia
1492 401 1542 440 et
1570 400 1779 441 miseri-

221 473 425 523 cordia,
466 474 696 525 propter
734 470 1037 523 perfectam
1076 469 1287 511 Christi
1328 469 1702 512 obedient-iam
1738 474 1780 513 et

215 544 517 597 justitiam,
548 558 643 597 pro
673 542 775 583 nob
792 541 836 582 is
865 542 1218 594 praestitam,
1248 556 1305 582 ac
1334 541 1445 583 fide
1475 545 1777 595 acceptam,

214 617 421 667 justum
473 613 828 667 pronunciat,
870 613 920 654 id
965 615 1067 664 est,
1111 612 1361 654 absolvit
1390 628 1414 654 a
1455 616 1685 665 peccato
1730 617 1780 656 et

219 686 534 736 maledicto,
567 687 617 726 et
645 684 779 725 Filii
811 685 893 725 sui
918 684 1202 737 justitiam
1226 685 1488 737 imputat,
1515 687 1678 737 atque
1702 685 1781 726 ita

219 758 265 799 ei
316 758 481 799 vitam
524 759 802 798 aeternam
845 756 1155 808 adjudicat,
1201 756 1262 797 ad
1305 756 1547 798 hominis
1589 756 1780 798 fidelis

217 829 471 880 salutem,
502 842 558 869 ac
587 827 684 869 Dei
713 827 1094 869 misericordis
1124 830 1175 869 et
1200 827 1341 880 justi
1371 827 1616 880 gloriam.
1643 828 1781 877 Quam

217 900 507 942 definitionem
552 899 790 941 universam
831 899 918 941 fere
957 898 1253 952 complectitur
1290 898 1540 952 Apostolus,
1579 898 1701 941 Rom.
1742 900 1779 951 3,

216 972 278 1013 24.
310 972 373 1013 25.
403 972 466 1013 26.

269 1042 384 1084 VIII.
409 1043 515 1095 Ejus
540 1058 567 1096 p
581 1058 604 1084 a
615 1046 662 1084 rt
673 1058 693 1084 e
705 1058 724 1084 s
749 1044 854 1085 duae
878 1045 988 1095 sunt,
1013 1041 1247 1097 Imputatio
1268 1042 1465 1095 justitiae
1489 1042 1682 1095 passivae
1707 1057 1780 1083 5011

216 1130 240 1156 a
250 1115 277 1156 b
290 1130 307 1156 s
318 1115 403 1157 0111
414 1115 493 1156 tio
519 1130 543 1156 a
567 1115 766 1168 peccatis,
793 1118 835 1156 et
852 1115 1045 1168 justitiae
1069 1114 1232 1156 activae
1256 1114 1323 1155 im
1334 1129 1361 1167 p
1372 1129 1400 1155 u
1410 1116 1428 1154 t
1440 1129 1463 1155 a
1474 1116 1491 1154 t
1502 1113 1516 1154 i
1528 1128 1563 1155 ο.
1592 1113 1780 1162 Quarum

215 1186 288 1228 illa
317 1202 341 1227 a
368 1189 490 1228 reatu
519 1189 561 1228 et
591 1186 943 1229 condemnatione
972 1187 1212 1238 liberamur,
1242 1188 1463 1239 morteque
1494 1188 1666 1227 aeterna
1691 1186 1780 1227 exi-

216 1257 372 1298 mimur
385 1275 394 1309 3
423 1258 504 1300 hac
534 1259 662 1300 etiam
692 1258 882 1311 praemio
914 1258 1033 1311 digni
1064 1272 1295 1307 censemur,
1327 1273 1375 1299 ac
1399 1258 1469 1310 jus
1500 1257 1613 1299 vitae
1644 1260 1779 1299 aeter-

214 1344 293 1371 nae
332 1329 574 1383 accipimus,
615 1345 747 1382 eaque
785 1329 908 1371 nobis
947 1329 1225 1382 adjudicatur,
1264 1329 1387 1381 Rom,
1418 1329 1455 1380 5,
1487 1329 1549 1370 17.
1580 1330 1641 1370 18.
1673 1331 1714 1371 et
1743 1330 1779 1371 8.

216 1402 252 1441 3.
291 1401 327 1441 4.
366 1400 426 1442 At
462 1403 640 1454 propter
668 1400 950 1442 arctissimam
976 1401 1216 1451 συγγένειαν
1252 1415 1336 1441 una
1365 1401 1543 1442 alteram
1571 1401 1781 1454 complec-

216 1471 322 1513 titur
360 1473 657 1525 συνεκδοχικῶς,
697 1471 819 1514 Rom.
849 1473 886 1523 4,
919 1473 982 1514 22.
1009 1472 1210 1521 Quamvis
1229 1472 1481 1523 justificatio
1508 1481 1600 1513 man-³
1622 1471 1780 1525 ἐξοχὴν,

216 1543 260 1584 111
284 1545 558 1596 peccatorum
583 1543 831 1585 remissione
857 1558 984 1596 saepe
1008 1542 1303 1594 constituatur,
1331 1542 1399 1584 Ps.
1416 1543 1478 1594 32,
1497 1544 1532 1584 1.
1549 1542 1674 1584 Rom.
1690 1543 1727 1594 4,
1745 1543 1780 1584 7.

268 1613 341 1655 IX.
385 1613 555 1655 Causa
589 1613 1041 1666 justificationis
1081 1614 1180 1656 effi
1196 1614 1353 1664 ciens,
1392 1615 1435 1656 id
1475 1617 1550 1666 est,
1591 1615 1663 1667 qui
1702 1629 1779 1656 nos

210 1685 427 1739 justificat,
466 1685 504 1726 D
518 1700 539 1727 e
550 1700 579 1726 11
590 1699 608 1726 5
648 1700 669 1726 0
681 1701 699 1727 5
711 1688 748 1737 t,
788 1684 911 1727 Rom.
941 1686 978 1737 3,
1009 1686 1072 1727 26.
1102 1686 1165 1727 30.
1196 1687 1238 1727 et
1267 1686 1304 1737 8,
1334 1686 1397 1727 33.
1429 1685 1518 1728 Gal.
1549 1687 1585 1737 3,
1616 1686 1652 1727 8.
1682 1686 1780 1739 Ipse

216 1758 327 1799 enim
357 1756 472 1798 solus
502 1759 578 1808 est,
608 1759 656 1797 ut
685 1756 801 1798 Deus
830 1771 878 1797 ac
907 1756 1129 1808 Dominus,
1158 1757 1219 1798 ita
1248 1759 1290 1798 et
1313 1756 1565 1810 Legislator,
1589 1757 1780 1810 adeoque

216 1832 258 1871 et
286 1828 313 1871 J
315 1829 437 1880 udeX,
467 1828 510 1869 in
540 1843 665 1881 quem
696 1831 744 1869 ut
772 1830 947 1881 peccata
975 1828 1271 1880 admittuntur,
1299 1829 1360 1870 ita
1389 1843 1436 1870 ea
1465 1831 1610 1882 potest
1634 1829 1780 1870 remit-

214 1904 315 1952 tere,
345 1901 441 1942 Esa.
466 1901 529 1952 43,
559 1901 622 1941 25.
653 1899 749 1942 Luc.
779 1900 815 1952 5,
848 1901 909 1941 11.
941 1899 1031 1942 Jac.
1060 1901 1097 1952 4,
1130 1901 1192 1941 12.
1224 1903 1265 1942 et
1294 1900 1465 1953 quidem
1493 1902 1586 1942 tota
1615 1899 1655 1942 S.
1686 1901 1780 1942 Tri-

213 1972 326 2013 nitas
363 1986 516 2024 nempe
554 1971 738 2023 Pater,
778 1971 902 2013 Rom.
938 1972 974 2019 8,
1015 1972 1079 2013 34.
1109 1971 1309 2024 Filius,
1340 1971 1439 2013 Esa.
1469 1972 1532 2024 53,
1563 1973 1625 2014 11.
1655 1972 1778 2015 Matt.

215 2044 251 2095 9,
294 2045 331 2084 2.
375 2044 410 2084 6.
453 2043 564 2084 unde
606 2045 648 2084 et
686 2042 776 2096 ipse
813 2042 953 2084 ι11111οΧ
992 2043 1073 2084 erit
1110 2043 1303 2085 vivorum
1342 2045 1384 2085 et
1419 2045 1707 2095 mortuorum3
1739 2047 1780 2087 et

215 2115 458 2169 Spiritus
501 2114 755 2166 Sanctus,
795 2115 815 2155 1
856 2114 947 2156 Cor.
987 2116 1023 2166 6,
1062 2115 1123 2155 11.
1163 2114 1264 2156 Joh.
1303 2116 1364 2164 16,
1403 2115 1439 2156 8.
1480 2116 1541 2156 11.
1584 2114 1780 2157 Ordine

214 2189 393 2228 tamen
423 2187 472 2227 et
500 2185 819 2227 discrimine
843 2200 1201 2239 personarum
1227 2188 1471 2238 servato,
1495 2186 1557 2228 ita
1581 2189 1628 2228 ut
1652 2186 1781 2229 Pater

214 2257 258 2298 in
300 2256 408 2298 Filio
455 2272 531 2310 per
574 2256 783 2310 Spiritum
819 2257 1045 2310 justificet;
1084 2260 1128 2298 at
1166 2272 1245 2311 pro
1285 2257 1438 2311 agendi
1475 2258 1702 2312 principio,
1740 2261 1781 2300 et

215 2331 330 2371 certa
358 2329 648 2382 singularique
679 2329 940 2380 oeconomia,
969 2329 1091 2371 Patri
1119 2330 1294 2384 propria
1325 2330 1382 2370 sit
1405 2329 1780 2382 justificatio-

214 2401 297 2442 nis
349 2401 520 2452 actio,
572 2401 931 2454 quemadmodum
971 2401 1083 2443 Filio
1129 2403 1172 2455 ej
1186 2417 1243 2443 115
1286 2401 1558 2454 meritum,
1602 2400 1782 2457 Spiritui

214 2487 314 2514 vero
343 2472 500 2515 Sancto
532 2473 719 2514 meriti
749 2473 864 2514 illius
896 2473 1206 2527 applicatio
1237 2473 1498 2515 attribuitur.

267 2543 319 2586 X.
350 2544 717 2596 Administra,
750 2546 813 2586 est
841 2544 959 2586 verbi
988 2545 1283 2598 promissionis
1309 2560 1382 2587 seu
1406 2545 1634 2598 Evangelii
1658 2561 1781 2599 prae-

215 2617 396 2658 conium.
427 2615 519 2665 Quo
551 2630 675 2657 sensu
703 2615 987 2669 Evangelium
1016 2617 1168 2670 ipsum,
1202 2617 1460 2669 potentia
1489 2617 1587 2659 Dei
1617 2618 1678 2659 ad
1707 2632 1782 2659 sa-

214 2688 400 2738 lutem,
440 2690 481 2729 et
518 2688 572 2729 in
614 2702 718 2740 quo
754 2687 989 2740 justitia
1025 2687 1122 2729 Dei
1160 2688 1466 2739 revelatur,
1496 2687 1619 2729 Rom.
1652 2689 1686 2739 1,
1718 2689 1780 2730 17.

216 2762 258 2801 et
294 2759 531 2801 Verbum
570 2758 1083 2810 reconciliationis,
1122 2760 1146 2799 2
1185 2758 1277 2801 Cor.
1308 2760 1437 2811 5,19.
1469 2761 1510 2800 et
1539 2759 1622 2813 ipsi
1652 2758 1781 2801 Prae-

216 2844 340 2872 cones
374 2831 719 2883 justificare,
760 2829 868 2872 Dan.
912 2831 973 2881 12,
1014 2831 1050 2871 3.
1090 2830 1269 2884 ligare
1310 2832 1361 2872 et
1389 2830 1626 2882 solvere,
1656 2830 1779 2873 Matt.

217 2901 280 2952 18,
310 2901 372 2942 18.
405 2901 642 2953 salvare,
675 2902 695 2943 1
727 2901 836 2944 Tim.
864 2901 902 2953 4,
933 2901 994 2943 16.
1024 2900 1115 2943 Jac.
1144 2902 1182 2952 5,
1211 2901 1273 2942 20.
1304 2901 1512 2943 dicuntur.

268 2971 341 3013 XI.
385 2971 553 3014 Causa
596 2973 896 3025 impulsiva
938 2972 1181 3024 interna,
1228 2987 1310 3024 qua
1353 2971 1468 3014 Deus
1505 2971 1634 3014 Pater
1673 2988 1696 3014 a
1737 2987 1780 3014 se
