1931 3224
283 146 361 186 270
835 143 1077 186 stpnmmo
1110 143 1290 186 XXVII.

274 268 568 322 prophetis
598 268 934 320 obedierint,
965 268 1078 310 Tert.
1111 271 1258 310 contra
1281 268 1484 310 Marcion.
1500 269 1591 311 Lib.
1606 270 1643 312 4.
1661 285 1752 324 cap.
1771 272 1834 313 14.

327 338 482 381 XXIX.
534 338 727 392 Utraque
780 340 989 381 sententia
1034 338 1246 380 refutatur
1289 339 1402 381 dicto
1446 338 1616 393 Christi,
1660 341 1835 385 Hodie

274 426 475 452 mecum
506 411 611 451 eris
639 411 692 452 in
721 409 999 462 paradiso,
1029 408 1126 451 Luc.
1157 411 1219 462 23,
1245 410 1309 451 43.
1332 409 1430 451 Nisi
1455 411 1566 452 enim
1592 412 1837 464 paradisum

273 481 317 522 in
345 481 510 523 inferno
540 481 761 532 collocent,
793 481 906 532 quod
936 480 1051 522 dictu
1079 480 1339 522 horrendum
1364 483 1438 532 est,
1465 483 1702 524 necessario
1726 483 1837 525 lace-

274 552 438 594 rabitur
475 567 620 594 eorum
657 552 822 603 limbus,
861 551 1111 604 praesertim
1148 551 1311 594 fatente
1348 551 1595 594 Maldonato
1636 553 1680 594 in
1714 553 1836 596 Matt.

275 623 337 675 17,
374 624 438 664 44.
469 623 682 664 Christum
715 623 773 664 de
802 622 1061 675 paradiso
1090 622 1331 664 locutum
1360 623 1559 676 fuisse,
1588 625 1681 666 ubi
1709 627 1838 667 tunc

274 709 377 736 non
416 697 552 743 erat3
590 709 642 735 ne
680 694 729 735 de
768 693 938 735 Christo
975 709 1058 746 qua
1086 694 1201 736 Deus
1232 697 1305 746 est,
1335 695 1404 736 vel
1435 696 1484 736 de
1514 698 1629 737 statu
1652 696 1837 739 beatitu-

276 766 396 816 dinis,
450 765 608 807 dictum
658 765 914 818 intelligant.
957 765 1151 806 Durandi
1194 765 1439 819 opinionem
1481 766 1531 808 de
1575 767 1839 809 descensu

277 836 590 888 efficaciae,
629 836 713 890 ipsi
751 835 950 878 refellunt
978 835 1207 888 Pontificii,
1237 839 1289 889 et,
1321 837 1356 877 si
1385 837 1434 879 de
1459 837 1591 879 limbo
1620 838 1838 892 intelliga-

274 910 357 959 tur,
397 910 605 960 quatenus
643 907 840 949 effectum
878 908 1028 948 statuit
1065 908 1109 948 in
1146 923 1191 949 re
1230 923 1337 960 quae
1365 923 1574 961 nusquam
1605 912 1678 961 est,
1711 911 1840 951 etiam
1896 902 1900 906 ⁴

276 993 371 1021 cum
408 980 551 1032 priore
587 980 660 1021 illa
688 979 865 1021 ridicula
896 982 969 1031 est,
999 995 1077 1021 nec
1103 980 1152 1021 de
1178 980 1380 1022 descensu
1409 980 1621 1022 efficaciae
1650 981 1703 1022 ad
1732 980 1839 1022 infe-

275 1065 358 1103 ros,
400 1066 580 1103 usquam
624 1053 687 1092 est
728 1051 772 1092 in
815 1051 1035 1104 Scriptura
1076 1052 1251 1104 mentio,
1291 1067 1385 1094 cum
1422 1052 1492 1093 hic
1530 1051 1750 1093 descensus
1788 1051 1840 1092 ad

275 1122 617 1164 humiliationem
655 1124 696 1163 et
734 1122 1016 1174 abjectionem
1054 1123 1287 1176 pertineat;
1319 1126 1360 1165 et
1389 1138 1604 1178 personae,
1634 1137 1721 1164 non
1749 1122 1839 1164 effi-

278 1193 415 1235 caciae
443 1193 565 1234 ullibi
596 1193 824 1234 tribuatur.

329 1264 463 1306 XXX.
494 1264 732 1318 Supersunt
761 1265 868 1306 aliae
897 1266 1065 1307 articuli
1089 1266 1389 1319 expositiones,
1417 1282 1523 1319 quae
1547 1267 1772 1309 veritatem
1795 1266 1840 1308 in

276 1351 322 1378 re
361 1336 592 1387 continent,
631 1338 672 1377 et
711 1339 830 1377 extra
868 1337 1200 1378 controversiam
1239 1340 1336 1379 sunt
1374 1338 1486 1390 apud
1516 1352 1661 1379 omnes
1692 1337 1840 1379 ortho-

279 1408 423 1459 doxos,
462 1408 497 1449 si
536 1408 771 1449 doctrinam
810 1408 854 1449 in
891 1423 933 1449 se
971 1411 1221 1462 spectemus,
1258 1424 1341 1451 non
1382 1411 1485 1451 item
1522 1409 1557 1451 si
1591 1409 1641 1450 de
1673 1408 1841 1450 articuli

280 1494 404 1521 sensu
447 1479 622 1532 proprio
667 1481 840 1532 agatur;
885 1479 955 1520 alii
1000 1479 1112 1521 enim
1155 1480 1286 1521 alium
1329 1481 1540 1534 aptiorem
1583 1480 1840 1531 existimant,

280 1565 387 1603 quae
415 1551 466 1592 lis
495 1566 582 1592 non
612 1553 675 1592 est
703 1551 849 1604 magni
879 1552 1097 1603 momenti,
1129 1567 1224 1593 cum
1252 1553 1296 1593 in
1324 1567 1369 1593 re
1398 1567 1542 1594 omnes
1574 1552 1841 1603 conveniant,

280 1623 322 1663 et
353 1623 443 1673 jam
481 1621 714 1662 indicatum
751 1621 819 1673 sit,
858 1621 971 1663 hunc
1000 1623 1228 1664 articulum
1256 1623 1300 1664 in
1329 1623 1525 1676 symbolo
1554 1623 1667 1676 apud
1696 1637 1841 1664 omnes

279 1691 490 1734 Ecclesias
529 1692 631 1734 olim
669 1707 755 1733 non
791 1691 931 1734 fuisse.
975 1692 1156 1741 Quidam
1194 1693 1328 1747 igitur
1356 1694 1518 1746 volunt,
1550 1694 1630 1736 hoc
1659 1693 1839 1735 articulo

281 1763 490 1805 contineri
532 1763 721 1805 omnium
764 1778 871 1816 quae
914 1764 964 1805 de
1009 1767 1182 1806 externa
1225 1765 1300 1806 illa
1344 1765 1503 1807 Christi
1543 1764 1841 1807 humiliatione

280 1834 393 1876 dicta
429 1837 538 1886 sunt,
583 1835 966 1889 άνκκεφκλκίωσινῑ
1007 1851 1104 1888 qua,
1152 1851 1258 1889 quae
1305 1837 1423 1889 prius
1462 1836 1726 1878 articulatim
1762 1850 1841 1888 po-

280 1904 361 1946 sita
399 1909 531 1958 erant,
569 1907 686 1948 velut
723 1907 767 1948 in
797 1910 1028 1960 angustum
1055 1908 1100 1949 in
1130 1908 1245 1950 exitu
1276 1907 1608 1958 c‚ontrahuntur;
1636 1909 1684 1948 ut
1712 1906 1841 1960 signi-

280 1976 429 2018 ficetur
466 1980 584 2019 totus
622 1977 932 2020 humiliationis
971 1981 1120 2030 status,
1159 1994 1183 2020 a
1219 1980 1358 2033 primo
1396 1994 1530 2032 usque
1569 1979 1621 2020 ad
1649 1978 1841 2020 infimum

283 2048 472 2100 gradum.
512 2048 647 2097 Quam
688 2050 862 2091 eandem
890 2049 1290 2103 interpretationem
1317 2050 1644 2104 amplectuntur,
1675 2050 1747 2103 qui
1775 2049 1841 2090 in-

280 2117 446 2160 fernum
484 2134 562 2172 pro
590 2122 739 2174 morte,
771 2124 812 2162 et
842 2122 1087 2163 descensum
1118 2122 1162 2163 in
1192 2121 1417 2173 infernum,
1448 2136 1525 2175 pro
1557 2121 1759 2162 descensu
1789 2120 1842 2161 ad

280 2193 463 2232 mortem
492 2191 716 2245 accipiunt.

333 2261 489 2304 XXXI.
527 2262 615 2304 Alii
644 2278 721 2316 per
746 2263 905 2306 inferos
936 2267 1096 2306 statum
1126 2263 1288 2316 mortis,
1320 2266 1362 2306 et
1390 2279 1467 2317 per
1497 2263 1737 2315 articulum,
1771 2263 1840 2305 de-

282 2348 474 2375 scensum
513 2333 773 2387 intelligunt,
817 2349 901 2388 quo
943 2335 1094 2378 mortis
1133 2338 1292 2395 statum
1329 2335 1485 2376 subivit
1525 2334 1730 2386 Christus,
1769 2333 1841 2387 qui

281 2407 512 2458 propterea
547 2407 712 2457 notant,
749 2421 967 2459 nunquam
1004 2422 1188 2449 asserere
1226 2406 1502 2460 Scripturam,
1533 2405 1747 2448 Christum
1775 2421 1841 2448 re-

282 2476 513 2518 surrexisse
557 2491 606 2518 ex
651 2477 855 2530 sepulcro,
896 2478 969 2519 sed
1007 2480 1050 2520 ἐκ
1090 2482 1234 2531 νεκρῶν,
1279 2481 1326 2520 ut
1372 2478 1595 2532 significet,
1635 2493 1731 2520 eum
1769 2476 1842 2530 qui

281 2549 406 2588 antea
442 2547 596 2589 fuerat*
618 2547 730 2590 inter
768 2551 974 2601 mortuos,
1011 2549 1055 2591 in
1095 2552 1210 2592 statu
1247 2553 1514 2592 mortuorum
1551 2565 1637 2591 non
1675 2563 1840 2603 semper

281 2618 496 2671 mansisse,
533 2619 605 2661 sed
643 2619 871 2672 aliquando
909 2622 1125 2662 mortuum
1163 2635 1252 2662 esse
1291 2621 1475 2666 desiisse.
1504 2619 1605 2662 Non
1632 2620 1759 2672 longe
1787 2619 1839 2660 ab

283 2704 429 2731 eorum
469 2705 591 2733 sensu
630 2691 801 2743 distant,
840 2692 912 2744 qui
951 2692 1003 2733 ad
1041 2692 1419 2734 commorationem
1455 2692 1572 2748 illam
1599 2691 1841 2732 triduanam

284 2762 511 2804 articulum
549 2762 751 2814 referunt,
790 2777 917 2815 quam
946 2777 970 2803 a
998 2763 1246 2816 sepelitione
1276 2764 1486 2805 diversam
1515 2778 1604 2804 esse
1633 2763 1840 2813 statuunt,

285 2834 326 2873 et
365 2836 605 2887 separatum
641 2833 890 2875 beneficium
932 2834 1171 2886 contulisse,
1211 2835 1355 2887 itaque
1384 2836 1629 2888 separatum
1657 2834 1701 2875 in
1727 2849 1840 2888 sym-

286 2902 384 2944 bolo
413 2904 636 2945 articulum
670 2904 980 2956 commeruisse,
1009 2905 1053 2946 in
1083 2920 1164 2958 qua
1195 2905 1387 2948 Christus
1417 2920 1643 2959 corporum
1671 2908 1840 2948 nostro—

283 2988 377 3016 rum
406 2974 684 3028 ignominiam
714 2975 967 3029 degustavit,
993 2990 1119 3028 quam
1145 2976 1559 3018 seminationem
1582 2978 1707 3018 vocat
1729 2975 1840 3017 Pau-
