1931 3224
237 174 313 213 :326
473 146 477 150 -
788 171 1030 213 DisPUTATm
1060 167 1236 210 XXXII.

236 295 501 351 poenitentia
537 311 635 337 vera
672 285 851 347 alicujus
883 293 987 335 facti
1015 286 1194 344 ducitur,
1224 293 1411 346 ejusdem
1439 293 1526 335 fere
1558 308 1743 346 poenam
1774 310 1798 336 a

236 383 279 410 se
317 369 425 421 ipso,
463 367 576 408 intra
615 366 890 418 semetipsum
929 364 1074 417 exigit,
1104 364 1198 405 ideo
1227 364 1297 406 hic
1327 363 1456 405 animi
1487 364 1661 406 affectus
1693 380 1797 419 poe-

236 439 439 481 nitentiae
477 452 632 479 nomen
670 436 845 490 accepit.
878 435 1001 478 Unde
1030 438 1072 477 et
1102 435 1193 488 ipse
1222 435 1457 489 Apostolus
1486 438 1510 477 2
1541 435 1633 478 Cor.
1667 437 1703 488 7,
1733 438 1797 478 11.

237 511 347 551 inter
397 524 516 550 veras
559 507 877 561 resipiscentiae
918 506 1206 559 proprietates
1251 507 1700 560 indignationem
1743 523 1800 549 ac

238 581 535 622 vindictam
584 580 884 629 enumerat,
926 593 1055 630 quam
1093 577 1252 618 scilicet
1288 580 1488 630 peccator
1526 594 1550 619 a
1586 593 1630 620 se
1670 578 1800 620 sumit

236 667 312 705 per
339 653 553 694 internum
584 651 775 692 dolorem
805 650 938 700 illum,
969 650 1042 702 qui
1067 664 1295 702 perperam
1318 649 1431 690 facta
1457 649 1653 691 comitari
1678 650 1797 691 solet.

291 723 445 765 XXIX.
484 723 541 764 Et
579 723 660 764 hoc
698 724 906 775 respectu,
937 720 1227 774 poenitentiae
1256 735 1424 772 nomen,
1455 721 1554 763 licet
1582 720 1801 774 integram

237 810 359 837 verae
412 793 729 847 resipiscentiae
781 794 962 834 formam
1007 807 1093 834 non
1138 791 1481 846 comprehendat,
1525 807 1602 846 per
1643 792 1800 846 Syneo-

239 866 401 908 dochen
443 868 586 907 tamen
627 866 671 906 in
714 864 904 906 Ecclesia
948 863 1106 905 Christi
1142 863 1315 905 retineri
1353 878 1479 917 posse
1520 864 1800 917 concedimus,

238 938 363 979 modo
403 937 593 979 dolorem
629 936 752 978 illum
789 950 866 989 pro
897 935 1083 988 peccatis
1115 934 1460 986 satisfactorium,
1490 937 1538 976 ut
1568 950 1592 976 a
1622 935 1802 977 Pontifi-

239 1010 312 1051 ciis
341 1009 401 1061 fit,
432 1023 518 1050 non
546 1010 796 1049 statuamus.

292 1080 425 1122 XXX.
455 1080 551 1121 Vox
579 1079 879 1131 μεταμελείας,
914 1092 1021 1131 quae
1053 1092 1197 1119 curam
1226 1079 1355 1130 atque
1384 1076 1644 1119 anxietatem
1674 1077 1804 1119 animi

240 1155 339 1206 post
376 1152 536 1193 factum
574 1151 746 1205 aliquod
775 1149 1079 1204 poenitendum
1112 1150 1284 1202 proprie
1314 1149 1501 1200 denotat,
1534 1147 1628 1190 voci
1655 1148 1807 1202 poeni-

241 1224 400 1266 tentiae
428 1238 513 1266 non
541 1223 650 1264 male
679 1222 919 1276 respondet,
951 1223 992 1263 et
1021 1221 1071 1263 de
1101 1221 1242 1262 taedio
1273 1235 1321 1262 ac
1349 1220 1507 1271 dolore,
1538 1234 1663 1272 quem
1691 1219 1806 1261 vitae

243 1295 479 1338 emendatio
518 1310 605 1337 non
645 1294 849 1347 sequitur,
888 1293 1133 1345 frequenter
1162 1293 1415 1344 usurpatur3
1445 1291 1545 1332 licet
1575 1305 1623 1332 ea
1655 1290 1707 1332 ad
1735 1305 1806 1332 ve-

239 1383 331 1409 ram
368 1367 706 1421 resipiscentiam
743 1364 1064 1419 significandam
1108 1377 1415 1415 nonnunquam
1456 1361 1719 1413 adhibeatur,
1758 1363 1805 1402 ut

244 1438 367 1480 Matt.
398 1438 462 1490 21,
492 1439 556 1479 29.
586 1440 629 1478 et
657 1437 772 1479 alibi.

294 1509 448 1551 XXXI.
488 1508 584 1550 Vox
612 1508 821 1560 Hebraea,
858 1501 1046 1558 ΠἎἹΨΠ,
1076 1504 1261 1547 reversio
1292 1506 1364 1546 aut
1395 1504 1628 1552 conversio,
1662 1518 1807 1556 quem-

243 1581 470 1623 admodum
512 1582 554 1622 et
596 1579 756 1621 Graeca
793 1593 877 1620 vox
920 1576 1130 1629 μετανοια,
1169 1576 1196 1617 1.
1235 1576 1390 1618 mentis
1429 1578 1529 1629 post
1566 1575 1728 1617 factum
1764 1576 1809 1617 in

242 1652 392 1694 melius
430 1652 625 1703 mutatio,
665 1665 737 1692 seu
776 1649 1080 1703 resipiscentia,
1120 1650 1167 1690 ut
1206 1647 1453 1690 Lactantius
1492 1647 1620 1689 vertit
1650 1646 1741 1688 Lib.
1770 1648 1807 1688 6.

244 1740 334 1777 cap.
365 1724 428 1765 24.
458 1723 510 1765 ad
538 1723 624 1765 vim
652 1723 726 1774 rei,
757 1722 806 1764 de
838 1736 921 1774 qua
951 1721 1129 1775 agimus,
1155 1719 1492 1774 significandam,
1518 1721 1617 1761 sunt
1644 1733 1809 1761 accom-

243 1796 513 1838 modatiores.
556 1794 670 1836 Nam
715 1809 840 1847 quem
883 1808 980 1835 vere
1022 1792 1228 1846 poenitet,
1272 1793 1307 1833 is
1349 1807 1373 1833 a
1409 1792 1521 1834 malo
1559 1792 1612 1833 ad
1647 1792 1808 1833 bonum

244 1867 525 1917 convertitur3
559 1868 600 1908 et
627 1868 815 1907 mentem
843 1865 887 1906 in
916 1864 1067 1906 melius
1099 1865 1248 1912 mutat,
1277 1863 1376 1904 licet
1405 1865 1447 1904 et
1475 1877 1558 1904 vox
1589 1862 1808 1914 μετανοίαις

244 1941 294 1981 de
332 1939 462 1992 legali
490 1939 660 1979 tantum
689 1937 964 1979 conversione
993 1936 1105 1978 dicta
1134 1935 1387 1989 reperiatur,
1417 1936 1464 1976 ut
1493 1934 1684 1988 Sapient.
1717 1949 1807 1987 cap.

245 2012 282 2053 5.
312 2026 418 2052 vers.
449 2011 485 2052 3.

298 2081 475 2124 XXXII.
515 2081 581 2124 Ex
618 2081 680 2131 iis,
721 2095 829 2133 quae
868 2080 918 2121 de
958 2078 1133 2120 vocibus
1169 2079 1259 2131 jam
1283 2078 1411 2137 ‘dicta
1440 2079 1550 2129 sunt,
1581 2077 1684 2130 quid
1711 2091 1810 2119 vera

244 2154 521 2209 poenitentia,
552 2168 624 2194 seu
653 2151 796 2206 potius
826 2149 1120 2204 resipiscentia
1146 2149 1213 2201 sit,
1241 2149 1460 2191 commode
1484 2148 1630 2201 colligi
1654 2149 1809 2202 potest.

247 2226 351 2268 Cum
391 2225 503 2267 enim
541 2225 586 2266 in
618 2224 734 2266 omni
763 2223 1001 2264 mutatione
1031 2222 1085 2263 sit
1115 2221 1321 2263 terminus
1351 2237 1375 2263 a
1407 2236 1504 2274 quo,
1535 2223 1577 2262 et
1605 2221 1811 2262 terminus

245 2297 298 2338 ad
340 2312 477 2350 quem,
520 2296 564 2337 in
606 2295 686 2337 hac
732 2309 901 2347 quoque
948 2292 1124 2335 salutari
1163 2292 1318 2334 mentis
1355 2292 1593 2334 mutatione
1630 2293 1810 2344 uterque

245 2369 316 2411 hic
345 2371 407 2411 est
438 2368 731 2410 attendendus.

299 2440 497 2483 XXXIII.
538 2439 761 2481 Terminus
792 2454 815 2480 a
845 2452 928 2491 quo
962 2439 1024 2479 est
1053 2436 1223 2488 malum,
1260 2436 1325 2477 vel
1356 2435 1523 2490 peccati
1552 2449 1599 2477 ac
1630 2433 1812 2477 Satanae

248 2528 447 2567 regnum;
486 2511 692 2554 terminus
722 2511 775 2552 ad
805 2524 931 2562 quem
960 2510 1023 2550 est
1054 2508 1214 2550 bonum
1244 2507 1517 2558 contrarium,
1549 2520 1623 2548 seu
1653 2505 1812 2548 Christi

250 2602 297 2628 ac
331 2584 524 2638 justitiae
561 2597 753 2636 regnum.
789 2581 1003 2634 Respectu
1042 2579 1199 2633 prioris
1237 2577 1421 2629 termini,
1461 2577 1749 2620 conversio
1788 2592 1812 2618 a

246 2656 495 2712 peccatis
535 2657 699 2707 atque
737 2668 761 2694 a
799 2652 904 2694 viis
932 2651 1088 2693 malis
1118 2649 1461 2704 appellatur,
1494 2648 1511 2690 1
1545 2647 1650 2702 Reg.
1682 2648 1718 2700 8,
1747 2648 1811 2690 35.

248 2730 346 2771 Esa.
377 2729 441 2779 59,
470 2728 533 2769 20.
564 2726 778 2780 Respectu
806 2738 904 2766 vero
934 2722 1186 2777 posterioris
1215 2721 1399 2773 termini,
1431 2718 1721 2761 conversio
1751 2718 1813 2760 ad

249 2800 417 2841 Deum
440 2798 623 2849 Isra'e'lis,
652 2796 738 2839 Jer.
772 2796 833 2847 16,
867 2796 928 2837 19.
959 2793 1242 2848 Conjungitur
1272 2807 1371 2835 vero
1402 2793 1580 2843 uterque
1608 2789 1814 2831 terminus

249 2871 344 2912 Act.
396 2871 459 2922 26,
514 2869 575 2910 18.
626 2870 684 2909 ut
722 2867 1117 2909 convertantur
1160 2879 1184 2905 a
1228 2862 1476 2905 tenebris
1520 2860 1581 2902 ad
1622 2860 1813 2912 lucem,

252 2944 302 2983 et
344 2942 402 2983 de
444 2942 726 2995 potestate
765 2938 999 2983 Satanae
1037 2936 1097 2978 ad
1134 2935 1312 2985 Deum.
1352 2933 1468 2983 Quae
1506 2932 1611 2975 duae
1639 2931 1813 2986 resipis-

253 3013 414 3054 centiae
452 3014 594 3064 partes
633 3012 676 3053 in
714 3011 840 3053 Novo
879 3009 1152 3051 Testamento
1186 3022 1267 3060 per
1295 3004 1669 3047 mortificationem
1697 3005 1813 3045 vete·-

1921 2872 1931 2992 1,

1925 3002 1931 3077 i
