1931 3224
270 129 348 170 618
889 127 1131 170 DISPUTATIO
1160 128 1205 171 L.

323 251 521 294 XXXIX.
560 252 791 294 Prudentia
829 252 1116 306 Magistratui,
1155 255 1244 295 tam
1271 254 1385 307 belli,
1418 269 1545 307 quam
1573 256 1689 308 pacis
1718 258 1825 298 tem-

269 339 373 378 pore
401 323 649 375 necessaria,
680 325 754 364 aut
784 326 848 365 est
875 324 1136 377 universalis,
1162 327 1234 366 aut
1257 325 1540 378 particularis.
1565 326 1826 369 Universalis

270 397 346 446 est,
387 409 493 447 quae
530 394 645 447 leges
684 394 829 436 civiles
867 395 1087 447 condendi,
1127 398 1168 437 et
1195 396 1384 437 moribus
1413 397 1604 439 honestis
1634 398 1825 441 civitates

269 465 500 507 exornandi
539 467 797 519 potestatem
833 466 975 508 habet.
1014 466 1289 509 Particularis
1328 470 1402 519 est,
1441 483 1548 520 quae
1577 470 1621 510 in
1651 469 1826 522 casibus,

267 537 476 590 factisque
505 537 833 590 particularibus
864 539 1124 592 explicandis
1155 541 1400 592 occupatur.
1431 539 1488 581 Et
1516 540 1620 582 haec
1649 543 1724 592 est,
1754 543 1827 582 aut

266 609 559 660 consultatriX,
597 611 725 662 atque
763 609 808 650 in
847 610 1172 662 particularium
1201 611 1463 664 agendorum
1493 612 1825 663 consultatione3

267 683 341 721 aut
365 680 608 733 judicatrix,
639 682 681 722 et
709 681 752 722 in
782 682 1118 723 consultatorum
1148 683 1315 724 actione
1343 684 1549 724 versatur.

319 750 404 792 XL.
444 750 640 804 Utraque
677 750 955 805 Magistratus
995 753 1221 805 prudentia
1257 754 1302 795 in
1340 753 1407 795 his
1437 754 1594 796 officiis
1619 755 1825 798 consistit.

267 822 468 875 Primum,
506 824 553 864 ut
591 823 706 876 leges
738 823 880 865 civiles
912 839 1015 876 quas
1047 825 1210 877 statuit,
1240 824 1511 867 manifestam
1539 828 1580 867 et
1611 841 1704 868 cum
1732 827 1825 868 uni-

267 894 420 936 versali
458 895 552 948 lege
589 896 766 936 naturae
797 898 838 937 et
868 910 963 937 cum
993 896 1086 949 lege
1116 896 1276 950 scripta
1305 897 1458 938 morali
1487 898 1824 940 convenientiam

266 966 463 1008 habeant.
504 965 743 1009 Secundum
773 968 846 1019 est,
876 970 924 1008 ut
954 968 1112 1009 cultum
1142 967 1222 1009 Dei
1250 968 1302 1010 ad
1331 982 1526 1009 normam
1553 968 1658 1022 legis
1688 969 1820 1022 ipsius

264 1038 308 1078 in
338 1038 499 1079 ditione
527 1038 593 1079 cui
618 1040 800 1091 praeest,
826 1053 903 1091 per
924 1039 1208 1081 ministerium
1233 1038 1564 1081 ecclesiasticum
1588 1041 1701 1081 recte
1727 1054 1826 1081 con-

264 1110 428 1161 stituat,
474 1109 753 1151 constitutum
796 1124 872 1163 per
909 1110 1068 1163 judicia
1112 1111 1394 1152 ecclesiastica
1431 1125 1537 1163 pure
1575 1110 1826 1164 integreque

266 1183 495 1232 conservet,
536 1182 609 1222 aut
648 1183 898 1234 corruptum
938 1181 1269 1235 depravatumve
1300 1182 1512 1234 reformet,
1544 1183 1825 1236 omnibusque

264 1251 413 1306 populi
443 1251 735 1293 seductoribus
764 1268 811 1294 ac
840 1252 1101 1295 Doctoribus
1133 1253 1378 1306 ἕτεροδόξοις,
1404 1268 1680 1308 progressum
1703 1269 1825 1296 verae

263 1322 484 1376 religionis
511 1323 855 1376 impedientibus,
887 1327 1094 1377 quantum
1122 1325 1166 1366 in
1194 1325 1287 1378 ipso
1318 1327 1394 1375 est,
1425 1325 1594 1366 obviam
1625 1328 1704 1367 eat.

316 1393 424 1437 XLI.
455 1394 516 1438 Ut
544 1395 649 1437 haec
680 1396 822 1437 omnia
851 1397 1058 1448 observet,
1088 1411 1256 1438 necesse
1286 1399 1361 1449 est,
1390 1399 1438 1438 ut
1462 1396 1690 1450 intelligat,
1717 1412 1824 1450 quae

263 1467 320 1509 sit
351 1482 449 1509 vera
478 1467 580 1509 fides
611 1467 864 1520 Christiana,
895 1469 948 1510 ad
978 1482 1106 1521 quam
1135 1468 1352 1510 Ecclesiae
1379 1468 1461 1510 Dei
1486 1471 1584 1509 sunt
1599 1468 1824 1522 erigendae

265 1541 339 1580 aut
376 1538 691 1591 reformandae3
730 1554 782 1581 ne
810 1539 854 1580 in
883 1554 929 1581 re
956 1540 1066 1581 tanti
1095 1540 1301 1582 momenti
1330 1540 1492 1592 aliquid
1520 1554 1570 1581 ex
1600 1540 1690 1582 solo
1721 1539 1824 1581 alio-

262 1625 357 1651 rum
382 1610 558 1663 judicio,
588 1613 661 1652 aut
691 1610 884 1663 arbitrio,
915 1611 988 1653 sed
1017 1626 1067 1653 ex
1097 1613 1212 1653 certa
1242 1626 1316 1653 sua
1347 1611 1536 1664 scientia,
1568 1613 1610 1653 et
1632 1610 1713 1653 fide
1738 1612 1823 1652 sta-

262 1681 338 1722 bili
368 1681 572 1735 suscipiat
603 1696 649 1723 ac
680 1681 902 1724 discernat.

316 1752 445 1794 XLII.
475 1751 641 1794 Horum
671 1753 860 1794 omnium
890 1753 1183 1795 observatores
1212 1753 1384 1795 fuerunt
1413 1753 1492 1794 viri
1521 1753 1669 1805 sancti,
1696 1753 1824 1794 etiam

263 1840 347 1877 qua
385 1824 607 1878 Principes
643 1825 687 1866 in
717 1824 954 1878 Republica
981 1824 1225 1878 Israelitica,
1255 1828 1302 1867 ut
1332 1825 1528 1877 Moses,
1561 1825 1633 1877 qui
1663 1839 1824 1866 sacram

261 1897 512 1950 religionem
551 1896 595 1937 in
631 1896 705 1938 illa
737 1897 861 1950 juxta
898 1896 978 1938 Dei
1007 1897 1149 1950 legem
1181 1897 1414 1949 constituit,
1444 1897 1523 1938 Ex.
1554 1897 1615 1948 19,
1646 1897 1709 1937 20.
1739 1896 1767 1937 J
1779 1910 1824 1937 o-

262 1984 372 2020 sua,
399 1968 530 2010 Mosis
555 1982 782 2020 successor,
809 1968 882 2021 qui
906 1968 1045 2021 legem
1070 1968 1151 2010 Dei
1176 1969 1220 2009 in
1246 1968 1405 2010 Politia
1429 1983 1504 2009 sua
1520 1967 1822 2021 promulgavit,

260 2039 349 2081 Jos.
379 2040 416 2081 5.
445 2039 678 2092 foedusque
706 2039 788 2082 Dei
819 2055 914 2082 cum
941 2040 1102 2094 populo
1127 2039 1362 2081 Israelitico
1387 2039 1618 2092 renovavit,
1645 2039 1733 2082 JOS.
1759 2040 1822 2080 24.

262 2114 302 2152 et
341 2114 441 2165 post
481 2113 570 2163 ejus
600 2111 961 2153 introductionem
990 2112 1034 2153 in
1063 2115 1224 2153 terram
1253 2111 1509 2165 promissam
1539 2111 1713 2165 speciali
1742 2110 1822 2152 Dei

260 2184 462 2226 mandato
494 2185 782 2237 interruptum
814 2183 1144 2225 circumcisionis
1176 2198 1300 2225 usum
1329 2184 1596 2235 instauravit,
1626 2197 1674 2225 ac
1697 2198 1821 2236 prae-

259 2254 412 2296 stituto
442 2258 635 2308 tempore
664 2255 830 2297 Pascha
860 2255 1107 2305 celebravit3
1140 2255 1183 2296 in
1212 2256 1350 2308 ipsam
1374 2258 1532 2297 terram
1558 2255 1821 2298 Cananaeam

259 2327 446 2380 penitius
494 2327 721 2380 ingressus,
774 2327 1026 2380 decalogum
1074 2327 1288 2381 lapidibus
1330 2327 1563 2381 insculpsit,
1607 2327 1820 2380 mortique

257 2398 421 2440 vicinus
459 2413 605 2440 onmes
641 2398 924 2455 Magistratus
963 2399 1214 2441 adhortatus
1254 2401 1329 2451 est,
1368 2414 1420 2441 ne
1458 2415 1482 2441 a
1518 2399 1624 2452 legis
1654 2398 1819 2440 divinae

256 2470 521 2524 praescripto
553 2470 821 2512 dextrorsum
851 2473 924 2512 aut
954 2471 1246 2513 sinistrorsum
1274 2471 1529 2513 recederent.

310 2540 462 2583 XLIII.
509 2541 699 2590 Quorum
743 2542 896 2583 ducum
937 2542 1175 2584 imitatores
1220 2542 1390 2584 fuerunt
1427 2542 1598 2585 Judices
1635 2541 1818 2593 Israelis,

259 2611 492 2665 Gedeon,
532 2614 603 2666 qui
633 2617 731 2667 post
758 2616 940 2656 mortem
969 2613 1126 2656 Josuae
1155 2614 1301 2656 Baalis
1330 2614 1464 2655 altare
1494 2614 1636 2666 diruit,
1666 2613 1752 2655 <lud
1780 2614 1816 2656 6.

257 2683 314 2724 Et
351 2683 468 2726 Sam
480 2684 586 2736 uel,
626 2685 699 2737 qui
735 2685 942 2739 populum
971 2686 1023 2726 ad
1053 2688 1280 2739 corruptae
1308 2686 1529 2740 religionis
1559 2685 1818 2728 emendatio-

256 2769 350 2796 nem
389 2755 652 2807 exhortatus,
693 2771 785 2797 eam
821 2756 1081 2810 impetravit.
1121 2756 1213 2799 Nec
1247 2773 1333 2799 non
1362 2757 1515 2811 Reges,
1545 2760 1592 2799 ut
1620 2757 1816 2810 David,

259 2826 330 2877 qui
360 2826 498 2878 sicuti,
530 2841 613 2879 qua
642 2827 706 2868 vir
735 2827 828 2880 Dei,
858 2843 942 2870 una
972 2844 1067 2870 cum
1093 2828 1207 2871 Gade
1233 2831 1274 2871 et
1300 2829 1339 2871 N
1345 2829 1539 2882 athanae,
1565 2828 1722 2871 Levitis
1748 2844 1815 2871 or-

257 2897 375 2938 dines
415 2913 461 2939 ac
499 2898 639 2940 officia
679 2899 962 2942 ecclesiastica
1002 2900 1247 2954 assignavit,
1278 2902 1298 2943 1
1330 2900 1483 2943 Chron.
1514 2902 1550 2942 9.
1581 2903 1622 2942 et
1650 2902 1712 2943 23.
1742 2903 1814 2954 sic,

259 2982 342 3019 qua
380 2968 470 3010 Rex
509 2970 671 3022 populi,
709 2985 849 3012 arcam
885 2971 965 3013 Dei
1004 2971 1048 3012 in
1087 2986 1206 3013 suam
1243 2972 1457 3013 civitatem
1496 2971 1643 3013 deduci
1676 2972 1814 3024 jussit,
