1931 3224
266 138 346 180 478
836 136 1079 179 DrsPUTArlo
1108 135 1261 179 XLIII.

267 261 311 303 in
340 260 508 304 Christo
536 262 719 315 gratiam
748 260 905 303 nostris
931 260 1083 303 animis
1109 261 1233 302 offert
1258 263 1300 302 et
1324 260 1545 313 obsignat;
1571 263 1612 302 et
1634 275 1713 302 nos
1736 275 1828 302 mu-

266 335 385 375 tuam
414 347 516 386 erga
544 332 685 385 ipsum
713 332 840 374 fidem
867 334 908 373 et
932 332 1138 386 pietatem
1160 333 1381 383 testantes,
1407 332 1597 372 nostram
1624 345 1648 372 a
1671 330 1827 372 mundo

267 402 593 456 separationem,
633 403 912 455 mutuamque
949 402 1061 444 inter
1100 417 1178 444 nos
1217 403 1466 445 societatem
1495 403 1701 444 sancitam
1739 417 1828 444 cre-

266 474 414 515 dimus.

319 544 416 586 VII.
447 544 580 586 Juxta
608 546 834 587 secundam
863 547 1154 599 acceptionem
1184 547 1234 588 de
1260 547 1545 590 Sacramentis
1570 545 1717 598 acturi,
1741 560 1827 587 non

265 616 604 669 praejudicamus
627 616 799 658 illorum
823 617 1059 659 sententiae
1085 617 1157 670 qui
1180 617 1443 660 Sacramenti
1467 632 1600 671 genus
1615 618 1829 671 signum

266 687 545 739 constituunt,
590 690 631 730 et
674 703 821 730 eorum
863 688 1021 730 otiosas
1061 689 1372 742 disputationes
1410 688 1714 743 improbamUS,
1755 688 1829 740 qui

266 759 389 801 anxie
430 762 650 812 quaerunt,
690 760 734 801 in
776 774 860 813 quo
900 760 1244 814 praedicamento
1275 760 1330 802 sit
1359 760 1692 812 Sacramentum,
1722 759 1829 802 rela-

265 830 463 883 tionisne,
500 831 569 873 vel
606 831 817 873 actionis?
859 847 912 873 an
951 831 1007 873 sit
1046 846 1118 873 ens
1154 831 1280 883 reale,
1318 831 1385 873 vel
1421 832 1630 873 rationis?
1672 845 1726 872 an
1753 845 1848 887 ag·-

266 905 505 956 gregatum,
558 903 624 944 vel
666 917 742 956 per
784 905 859 945 se?
900 903 1074 944 illorum
1116 903 1381 956 praesertim,
1426 903 1499 956 qui
1542 902 1827 945 contentionis

265 976 384 1015 aestu
421 974 601 1028 abrepti,
633 973 816 1024 ¹Lutheri
851 974 1022 1016 nomine
1050 976 1271 1027 tamquam
1299 974 1455 1028 Ephod
1485 973 1695 1017 Gedeonis
1724 974 1828 1017 abu-

263 1047 414 1097 tentes,
453 1045 549 1087 lites
587 1048 771 1098 movent,
812 1061 836 1087 a
874 1046 1027 1099 quibus
1064 1045 1275 1088 Lutherus
1315 1046 1475 1088 alienus
1511 1046 1614 1096 fuit,
1654 1049 1696 1087 et
1733 1061 1828 1088 cum

265 1116 368 1158 satis
405 1117 563 1169 norint,
602 1132 681 1170 pro
719 1117 836 1159 varia
875 1118 1121 1171 acceptione
1160 1117 1275 1159 varie
1314 1117 1479 1159 definiri
1516 1132 1640 1171 posse
1679 1116 1828 1160 Sacra—

263 1190 468 1240 mentum,
508 1191 550 1230 et
586 1188 630 1230 id
667 1189 796 1231 etiam
833 1190 1063 1242 aliquando
1103 1189 1330 1242 fateantur,
1372 1189 1570 1231 laborant
1608 1189 1745 1240 anxie,
1786 1191 1828 1230 et

265 1258 564 1312 digladiantur,
592 1262 640 1301 ut
669 1261 944 1302 actionem
972 1261 1017 1302 in
1045 1261 1290 1303 definitione
1319 1275 1398 1314 pro
1413 1262 1577 1314 'genere
1593 1260 1827 1312 stabiliant,

266 1330 386 1382 quasi
415 1330 464 1372 de
493 1346 657 1373 summa
685 1331 745 1374 rei
770 1335 979 1386 ageretur,
1007 1335 1049 1374 et
1072 1347 1162 1384 nos,
1188 1332 1317 1374 etiam
1340 1333 1511 1384 invitos,
1536 1332 1581 1373 in
1607 1332 1826 1374 adversam

263 1404 427 1455 partem
457 1402 628 1444 trahere
655 1403 818 1445 volunt.

317 1472 433 1515 VIII.
475 1473 739 1516 Sacramenti
778 1489 904 1516 causa
943 1474 1129 1517 efficiens
1168 1478 1210 1517 et
1250 1477 1410 1526 auctor,
1451 1477 1515 1517 est
1553 1475 1669 1517 Deus
1698 1477 1825 1528 solus,

266 1544 338 1597 qui
377 1559 470 1586 cum
500 1545 613 1588 solus
643 1546 826 1600 gratiam
859 1547 1049 1589 conferre
1078 1547 1226 1602 possit,
1256 1547 1369 1589 solus
1400 1547 1528 1589 etiam
1557 1536 1699 1601 sigilla
1729 1562 1826 1600 gra-

263 1615 349 1658 tiae
378 1616 602 1659 instituere
629 1618 782 1672 potuit.
813 1617 916 1660 Cum
945 1621 1087 1660 autem
1117 1618 1310 1661 Christus
1335 1618 1362 1660 J
1366 1634 1460 1661 esus
1484 1618 1692 1660 mediator
1715 1618 1827 1660 inter

263 1687 402 1730 Deum
437 1691 479 1730 et
507 1689 713 1741 homines,
744 1689 800 1731 sit
826 1705 911 1732 una
941 1705 1035 1732 cum
1064 1689 1192 1732 Patre
1215 1689 1349 1747 Deus,
1379 1690 1462 1744 ipsi
1492 1691 1622 1732 etiam
1652 1690 1827 1732 eandem

263 1760 491 1802 tribuimus
533 1762 806 1814 potestatem,
846 1762 919 1814 qui
956 1776 1187 1803 summus
1227 1761 1493 1804 Sacerdos
1532 1762 1616 1804 sui
1653 1776 1839 1804 sacra--

263 1832 432 1874 menti
470 1834 551 1874 est
588 1832 888 1875 institutor
926 1836 976 1875 et
1006 1836 1197 1875 auctor
1228 1833 1292 1886 (ut
1319 1833 1450 1876 habet
1478 1836 1627 1876 auctor
1655 1833 1743 1876 Ser.
1776 1833 1825 1876 de

263 1903 396 1945 ablut.
434 1903 602 1957 pedum,
633 1904 747 1958 apud
776 1902 994 1958 Cyprian.)
1024 1903 1206 1956 Christo,
1235 1905 1423 1957 inquam,
1458 1903 1719 1958 θεκνθρώπῳ,
1755 1903 1826 1947 ob-

263 1978 429 2017 servata
475 1990 642 2029 semper
688 1975 763 2017 illa
800 1978 992 2018 veterum
1031 1975 1318 2028 distinctione,
1357 1977 1523 2018 verbo
1562 1978 1825 2031 operante

265 2047 403 2099 quod
432 2047 583 2089 verbi
614 2049 707 2099 est,
738 2049 789 2088 et
817 2061 976 2088 carne
1002 2050 1336 2100 exsequente
1362 2047 1501 2100 quod
1527 2047 1706 2089 carnis
1732 2050 1824 2099 est,

263 2133 390 2170 quam
427 2121 571 2160 tamen
609 2118 653 2159 in
692 2133 874 2172 persona
902 2119 947 2160 in
976 2133 1060 2172 qua
1088 2119 1296 2171 subsistit,
1325 2134 1411 2161 non
1441 2134 1646 2173 negamus
1675 2118 1825 2161 Sacra-

261 2191 405 2230 menta
443 2189 697 2239 instituisse;
737 2190 817 2231 etsi
855 2204 1070 2243 negemus,
1111 2190 1163 2232 ad
1200 2190 1430 2232 humanam
1466 2193 1664 2233 naturam
1693 2191 1738 2232 in
1767 2205 1824 2242 se,

262 2262 483 2314 tamquam
512 2261 565 2302 ad
592 2260 772 2303 actionis
800 2262 1071 2315 principium,
1101 2261 1368 2304 referendum
1396 2277 1497 2315 esse,
1528 2263 1641 2316 quod
1671 2262 1724 2304 ab
1753 2277 1825 2304 ex-

263 2332 462 2374 cellentia
491 2334 532 2373 et
560 2333 783 2384 majestate
813 2333 954 2375 divina
982 2333 1166 2387 pendere
1194 2332 1384 2376 fatentur
1414 2335 1445 2376 οἱ
1477 2332 1521 2383 ἐξ
1554 2333 1750 2381 ἐναντίοις,

315 2402 389 2445 ΙΧ.
426 2402 572 2445 Efficit
610 2406 752 2446 autem
789 2403 1112 2447 Sacramentum
1150 2404 1265 2448 Deus
1294 2405 1424 2448 verbo
1453 2405 1750 2456 institutioniS,
1780 2404 1824 2445 in

263 2489 346 2528 quo
378 2476 441 2516 est
469 2474 716 2517 mandatum
745 2475 795 2517 de
819 2476 906 2517 ritu
931 2476 1207 2527 observando,
1235 2479 1277 2518 et
1301 2476 1403 2518 ritui
1428 2476 1573 2518 addita
1595 2475 1822 2532 promissio

263 2546 438 2600 gratiae,
470 2546 520 2588 de
553 2547 722 2602 κοινωνίᾳ
753 2546 912 2589 Christi
942 2550 983 2589 et
1011 2548 1313 2591 beneficiorum
1338 2549 1439 2601 ejus,
1471 2562 1579 2601 quae
1604 2547 1656 2589 ab
1681 2547 1823 2588 Evan-

262 2618 364 2671 gelii
401 2618 684 2672 promissione
712 2633 797 2660 non
827 2618 980 2669 differt,
1010 2619 1046 2661 si
1073 2619 1420 2661 testificationem
1448 2619 1588 2673 ipsam
1616 2619 1666 2660 de
1681 2618 1823 2660 Evan-

263 2689 363 2742 gelii
402 2688 620 2731 beneficiis
657 2692 916 2743 spectemus3
956 2690 1028 2731 sed
1064 2692 1233 2732 tantum
1261 2692 1431 2743 praeter
1461 2689 1567 2731 alias
1596 2688 1819 2742 Evangelii

261 2761 565 2814 promissiones
602 2761 745 2812 habet,
776 2762 890 2814 quod
917 2761 1112 2815 symbola
1142 2763 1193 2803 ad
1222 2777 1344 2803 nsum
1373 2760 1719 2804 sacramentalem
1751 2760 1822 2802 de-

263 2832 375 2874 dicat
413 2835 455 2875 et
493 2833 741 2884 sanctificat,
770 2835 817 2874 ut
846 2832 890 2874 in
918 2835 1035 2874 recto
1065 2832 1236 2875 illorum
1264 2848 1355 2884 usu,
1384 2833 1426 2874 vi
1456 2831 1621 2874 divinae
1649 2831 1821 2873 institu-

260 2903 403 2954 tionis,
448 2904 741 2954 ordinationis,
781 2906 823 2945 et
859 2903 1167 2957 promissionis,
1205 2919 1271 2946 res
1308 2904 1509 2946 coelestes
1547 2902 1820 2956 significatae,

262 2974 542 3017 exhibeantur
585 2978 626 3017 et
670 2975 971 3030 obsignentur:
1012 2990 1094 3028 qua
1133 2975 1298 3018 ratione
1338 2973 1534 3029 symbola
1571 2975 1740 3016 terrena
1776 2973 1822 3016 in
