1931 3224
237 160 314 201 286
805 160 1044 203 Disru'rATm
1075 159 1232 201 XXIX.

238 283 486 337 deprecatus
515 284 570 324 sit
599 284 799 337 poculum
828 284 953 334 illud3
984 285 1069 326 imo
1099 284 1143 324 in
1172 298 1334 324 summo
1363 283 1437 324 illo
1468 297 1628 336 angore
1656 283 1801 335 Ange-

237 355 318 396 lica
355 355 702 396 corroboratione
741 369 848 408 opus
886 354 1096 406 habuerit,
1135 357 1341 406 tantaque
1374 353 1503 395 fuerit
1532 354 1699 407 agonia,
1729 368 1802 395 seu

240 424 398 467 Christi
439 426 640 467 luctantis
684 426 891 479 angustia,
934 428 982 467 ut
1025 426 1063 467 ei
1104 427 1274 478 praeter
1315 427 1513 466 naturam
1556 425 1802 466 sudorem

239 497 619 549 sanguineum,
676 498 855 538 instar
912 511 1224 551 grumorum
1279 497 1696 538 descendentem
1748 497 1802 537 in

239 570 442 609 terram
480 568 747 621 expresserit,
786 567 884 609 Luc.
918 568 982 619 22,
1011 568 1076 609 43.
1105 568 1169 609 44.
1201 567 1324 616 Quod
1353 582 1453 609 sane
1480 582 1566 609 non
1596 568 1803 610 duntaxat

239 638 290 679 de
339 639 490 680 mortis
534 638 766 680 terroribus
810 637 990 690 (alioqui
1033 638 1168 680 videri
1210 642 1385 691 possent
1428 639 1553 680 multi
1594 641 1802 693 martyres

240 707 409 751 Christo
447 709 645 751 fortiores
685 712 726 751 et
766 709 1093 762 constantiores)
1131 710 1204 751 sed
1242 710 1292 751 de
1330 710 1513 752 terribili
1550 709 1632 752 Dei
1661 710 1803 752 Patris

234 780 393 832 judicio
424 782 465 821 et
494 780 569 832 ira,
601 795 684 832 quo
714 780 822 821 nihil
851 780 1164 822 formidabilius
1193 781 1376 834 cogitari
1403 783 1560 835 potest,
1591 781 1802 834 accipien-

241 851 340 892 dum
368 854 444 892 est.
472 850 598 904 Cujus
623 853 835 893 extremus
861 855 978 893 actus
1009 866 1057 893 eo
1082 853 1306 906 processit,
1332 855 1381 893 ut
1405 867 1448 894 se
1479 853 1804 894 derelictum

241 937 264 964 a
294 922 453 964 Patre
484 923 899 975 exclamaverit,
931 923 1054 965 Matt.
1080 925 1142 976 27,
1167 924 1231 965 46.
1252 923 1302 965 In
1318 939 1495 976 summa,
1525 923 1803 967 execratio

240 993 418 1036 factus
461 997 563 1047 est,
606 997 663 1036 ut
702 1010 938 1037 essemus
976 995 1292 1038 benedictio
1331 995 1430 1038 Dei
1457 997 1511 1038 in
1538 997 1681 1049 ipso,
1713 994 1803 1037 Gal.

240 1067 277 1118 3,
309 1066 371 1107 13.

295 1136 454 1179 XVIII.
497 1137 648 1191 Neque
689 1141 833 1180 tamen
876 1139 1165 1192 desperare
1207 1140 1408 1182 debuit.
1451 1140 1705 1193 Desperatio
1743 1141 1804 1182 ita

243 1223 381 1261 poena
411 1212 487 1261 est,
517 1212 566 1251 ut
595 1213 636 1251 et
665 1214 887 1264 peccatum
918 1211 984 1253 sit.
1012 1210 1170 1253 Filium
1198 1215 1339 1253 autem
1367 1211 1448 1253 Dei
1476 1213 1641 1265 peccati
1667 1212 1804 1253 vindi-

244 1295 345 1332 cem,
372 1281 536 1334 peccati
561 1285 771 1324 exsortem
796 1298 885 1325 esse
911 1283 1117 1337 oportuit.
1147 1283 1299 1324 Omnia
1324 1284 1437 1325 enim
1458 1283 1559 1325 tulit
1584 1298 1691 1336 quae
1715 1284 1805 1325 sine

242 1355 417 1404 peccato
446 1352 556 1394 ferre
584 1354 740 1406 potuit.

296 1423 413 1465 XIX.
437 1423 590 1476 Neque
615 1425 727 1466 enim
756 1426 809 1466 in
838 1427 1079 1467 aeternis
1109 1426 1284 1478 quoad
1313 1426 1656 1468 durationem
1685 1441 1804 1480 poe-

244 1494 344 1547 n'is,
382 1498 560 1537 morte
599 1496 758 1537 scilicet
795 1499 887 1537 tum
926 1498 1230 1550 corporali,
1267 1500 1360 1539 tum
1388 1498 1695 1551 spirituali,
1726 1498 1805 1539 de-

243 1567 415 1608 tineri
445 1567 601 1619 debuit,
634 1569 707 1608 aut
736 1569 890 1620 potuit.
922 1567 1031 1616 Quia
1058 1568 1389 1611 immensitatem
1418 1569 1589 1622 quidem
1619 1584 1805 1623 agonum

244 1640 285 1678 et
315 1638 577 1679 cruciatuum
605 1638 891 1691 infernalium,
923 1655 1018 1681 cum
1047 1640 1284 1682 desertione
1315 1643 1356 1682 et
1386 1641 1622 1694 abjectione
1652 1657 1675 1683 a
1699 1641 1804 1694 Deo,

245 1710 359 1762 quod
386 1710 516 1751 morti
545 1712 741 1752 aeternae
770 1726 846 1764 per
875 1726 917 1753 se
945 1726 1111 1765 semper
1135 1712 1264 1764 adest,
1290 1712 1422 1754 sensit
1447 1712 1639 1755 Christus
1665 1729 1689 1754 a
1711 1713 1804 1755 Deo

239 1780 429 1822 desertus
460 1783 501 1823 et
531 1782 720 1835 abjectus
751 1783 802 1824 ad
830 1783 990 1825 inferos
1020 1799 1166 1837 usque,
1200 1785 1361 1837 alioqui
1388 1785 1432 1826 id
1460 1785 1584 1827 nobis
1619 1786 1804 1827 sentien-

238 1851 338 1892 dum
377 1854 507 1894 esset:
547 1856 591 1894 at
628 1868 728 1895 vero
770 1855 1136 1897 continuationem
1173 1871 1332 1907 eorum,
1373 1856 1486 1909 quod
1519 1857 1711 1899 accidens
1741 1860 1804 1899 est

238 1938 333 1965 cum
356 1939 441 1966 non
465 1924 514 1965 fit
537 1924 749 1976 liberatio,
770 1940 855 1966 non
870 1925 985 1968 item.
1003 1925 1244 1980 Utrumque
1260 1930 1403 1969 autem
1418 1928 1590 1981 reprobi
1606 1929 1801 1971 sentient.

290 1994 384 2036 XX.
414 1994 554 2048 Hujus
586 1998 729 2038 autem
758 2011 898 2049 causa,
928 1998 1042 2050 quod
1066 2000 1312 2051 peccatores
1337 1999 1703 2041 condemnationis
1728 1999 1802 2051 rei,

236 2066 343 2107 iram
385 2066 465 2108 Dei
502 2066 724 2117 infinitam,
764 2083 837 2110 seu
875 2069 1116 2111 universam
1151 2070 1276 2111 simul
1305 2069 1492 2122 effusam,
1521 2072 1673 2123 utpote
1701 2070 1803 2111 nudi

236 2138 444 2190 homines,
481 2139 664 2181 tolerare
703 2154 789 2181 non
827 2140 1042 2181 valuerint
1083 2140 1206 2194 (alias
1237 2142 1348 2182 enim
1379 2143 1572 2183 creatura
1599 2156 1699 2183 mox
1729 2141 1802 2182 ab·

237 2210 445 2252 sorbenda
469 2213 510 2252 et
536 2210 742 2252 abolenda
766 2211 922 2264 fuerat)
949 2212 1022 2253 sed
1044 2213 1212 2254 tantum
1238 2213 1461 2266 partiatim
1485 2215 1527 2255 et
1553 2215 1667 2255 certa
1685 2227 1802 2254 men-

237 2295 346 2333 sura,
371 2284 500 2335 prout
523 2282 634 2324 ferre
657 2285 829 2336 poterat
860 2285 1062 2336 creatura,
1079 2283 1298 2326 inferenda
1314 2287 1416 2337 erat,
1433 2285 1622 2338 adeoque
1638 2299 1802 2326 succes-

237 2353 325 2395 sive
363 2355 405 2395 et
443 2368 537 2396 cum
571 2354 892 2396 continuatione
921 2354 1101 2408 perferri
1132 2355 1290 2397 debuit.
1320 2356 1380 2397 At
1408 2370 1508 2398 vero
1537 2355 1729 2398 Christus
1757 2355 1802 2397 in

236 2440 320 2466 una
352 2425 577 2478 hypostasi
604 2440 727 2466 verus
756 2425 871 2467 Deus
900 2429 942 2467 et
971 2425 1099 2468 homo
1128 2427 1334 2478 totaliter,
1365 2429 1407 2468 et
1437 2427 1561 2469 simul
1591 2429 1632 2469 et
1661 2427 1800 2479 semel,

236 2512 314 2550 pro
340 2511 416 2538 sua
439 2497 606 2538 infinita
631 2497 827 2550 potentia
851 2500 893 2539 et
916 2498 1086 2550 virtute,
1113 2513 1206 2540 eam
1229 2501 1367 2540 totam
1392 2499 1639 2541 exantlavit.
1662 2498 1730 2541 I'ta
1752 2501 1800 2540 ut

237 2569 418 2610 aeternis
449 2583 595 2610 revera
624 2569 774 2622 poenis
804 2569 908 2611 haec
936 2570 1199 2623 temporaria
1223 2569 1523 2623 aequipolleat,
1548 2569 1657 2612 Heb.
1674 2571 1711 2622 9,
1738 2571 1798 2611 14.

236 2638 336 2681 Joh.
366 2641 402 2692 2,
435 2641 498 2682 19.
530 2643 571 2682 et
602 2641 662 2689 10,
694 2641 755 2682 18.
786 2641 880 2682 Act.
911 2642 947 2693 2,
979 2642 1042 2682 24.
1072 2642 1135 2683 25.
1167 2644 1208 2683 et
1237 2643 1274 2694 3,
1304 2642 1341 2683 5.

290 2710 403 2752 XXI.
443 2712 586 2765 Atque
624 2711 703 2753 hae
743 2726 887 2753 omnes
924 2714 1196 2765 peccatorum
1226 2727 1400 2766 poenae,
1430 2715 1518 2754 tam
1546 2711 1797 2767 corporales,

238 2796 365 2833 quam
394 2782 651 2835 spirituales,
682 2782 868 2836 peccatis
897 2782 941 2824 in
972 2783 1165 2825 districto
1191 2783 1272 2826 Dei
1291 2784 1452 2837 judicio
1478 2783 1656 2835 debitae,
1686 2797 1798 2838 pec-

239 2854 350 2894 cati
378 2855 548 2896 nomine
573 2855 759 2896 veniunt.
784 2854 908 2897 Unde
933 2854 1086 2896 dicitur
1114 2855 1313 2898 tulisse
1337 2857 1562 2910 peccata
1585 2857 1797 2907 nostra,

236 2924 280 2966 id
320 2927 396 2977 est,
437 2939 596 2977 poenas
635 2927 919 2979 peccatorum,
949 2925 1153 2968 factum
1182 2941 1295 2968 esse
1320 2928 1619 2980 peccatum,
1648 2925 1692 2967 id
1721 2928 1796 2979 est,

237 2994 453 3036 subditum
491 3011 665 3049 poenae,
705 2999 746 3038 et
786 2997 1212 3049 execrationem,
1251 2997 1295 3039 id
1327 3000 1403 3049 est,
1433 2997 1726 3048 execrabilem,
1757 2999 1799 3038 et
