1931 3224
449 134 513 176 DE
543 132 796 175 PURGATORIO
825 146 872 172 ΕΤ
900 128 1194 172 INDULGENTns.
1524 123 1602 164 415

43 264 84 305 et
127 262 374 312 liberantur,
415 274 494 313 pro
538 257 690 312 quibus
728 255 993 298 satisfactum
1033 256 1108 306 est,
1151 266 1234 305 quo
1266 264 1389 292 sensu
1419 246 1602 301 passivo,

41 347 203 387 poenae
234 330 482 373 damnandis
505 328 672 370 debitae
699 329 821 369 erunt
841 323 1130 380 purgatoriae,
1158 322 1258 375 quia
1282 319 1475 362 Christus
1508 330 1605 359 suos

45 404 99 445 ab
128 403 224 455 illis,
255 400 553 444 satisfaciendo
581 399 792 442 liberavit.

98 473 213 516 XIX.
253 473 319 515 Ex
356 472 422 513 his
461 471 645 514 concidit
683 470 959 524 praecipuum
993 465 1332 510 adversariorum
1360 462 1609 504 fundamen-

45 548 150 597 tum,
189 559 273 597 quo
312 542 548 585 necessario
586 540 806 582 fatendum
831 554 918 581 esse
946 537 1219 587 contendunt,
1242 538 1411 587 tempus
1436 529 1610 584 aliquod

48 619 90 658 et
136 616 278 657 locum
324 616 423 668 post
470 615 653 654 mortem
691 625 919 666 superesse,
961 609 1076 662 quod
1114 608 1278 649 animae
1317 607 1437 647 extra
1469 603 1612 657 ipsum

49 687 214 730 coelum
257 688 299 727 61
341 685 470 726 6113111
514 686 636 725 extra
691 682 903 724 infernum
947 681 1260 729 damnatorum,
1299 692 1322 718 a
1359 677 1481 717 reatu
1510 688 1612 728 poe-

48 773 127 800 nae
169 760 211 800 et
254 756 377 810 culpa
417 755 572 797 veniali
615 753 852 808 expientur,
887 754 935 793 ut
969 750 1138 804 ingredi
1166 749 1334 803 possint
1362 748 1407 789 in
1435 760 1614 800 regnum

51 829 278 880 coelorum,
309 827 409 880 quia
436 827 543 868 tales
571 825 855 879 reperiuntur,
887 823 960 876 qui
989 837 1084 864 cum
1113 821 1198 863 sint
1222 820 1267 861 in
1291 818 1429 873 gratia
1452 817 1545 869 Dei,
1571 817 1616 857 in

51 915 227 954 regnum
277 902 421 940 tamen
474 897 689 939 coelorum
732 895 879 938 statim
921 894 1080 946 absque
1125 892 1207 934 alia
1249 890 1490 945 expiatione
1530 902 1617 929 non

54 971 347 1021 admittantur,
401 984 496 1011 cum
546 968 654 1009 nihil
703 968 805 1008 illuc
846 967 989 1017 intret,
1033 965 1121 1006 ulla
1162 963 1328 1005 ratione
1372 960 1572 1012 coinqu
1583 958 1618 999 i-

54 1045 257 1093 natum,
297 1055 374 1082 nec
412 1041 467 1082 sit
503 1039 565 1081 ibi
601 1039 792 1081 Ecclesia
826 1039 915 1092 jam
952 1037 1114 1079 liabens
1143 1036 1330 1088 aliquam
1358 1031 1620 1075 maculam

56 1116 106 1155 et
147 1127 347 1169 rugam.
387 1110 618 1165 Negamus,
659 1111 847 1163 aliquam
884 1108 1093 1151 maculam
1122 1109 1195 1148 aut
1225 1121 1376 1160 rugam
1404 1117 1620 1146 remanere

55 1186 100 1227 111
150 1185 202 1226 118
253 1184 326 1237 qui
375 1184 420 1225 in
472 1182 612 1236 gratia
663 1182 917 1231 moriuntur,
970 1180 1022 1222 ad
1075 1193 1180 1232 quos
1231 1177 1419 1231 pertinet
1463 1175 1621 1217 dictum

57 1255 209 1309 Apost.
247 1255 369 1297 Rom.
407 1256 444 1307 6,
486 1255 520 1296 7.
561 1253 661 1304 Qui
698 1254 945 1295 mortuus
976 1254 1078 1303 est,
1103 1249 1459 1303 justificatus
1489 1248 1569 1288 est
1600 1260 1623 1286 a

57 1329 297 1380 peccato.
340 1325 531 1367 Poenam
573 1327 792 1378 praeterea
834 1323 1033 1375 debitam,
1071 1322 1282 1363 maculam
1320 1335 1406 1362 non
1444 1319 1624 1368 inurere,

63 1398 196 1439 fassus
235 1399 297 1439 est
335 1396 630 1438 Bellarminus.
669 1396 785 1438 [dem
823 1394 994 1446 fatetur,
1032 1395 1085 1436 in
1113 1395 1286 1435 morte
1314 1391 1445 1433 tolli
1473 1390 1495 1431 f
1503 1405 1526 1432 0
1539 1389 1626 1430 mi-

65 1471 170 1511 tem
207 1469 440 1522 peccati,
480 1468 703 1509 sublata
746 1467 1128 1508 sensualitate.
1166 1464 1257 1506 Lib.
1295 1465 1331 1505 2.
1370 1463 1420 1504 de
1448 1461 1626 1515 Purgat.

67 1555 156 1593 cap.
196 1541 232 1581 9.
265 1539 352 1582 Ubi
380 1554 467 1581 non
495 1541 558 1581 est
588 1539 752 1592 peccati
780 1538 926 1589 fomes,
957 1537 1017 1578 ibi
1045 1537 1210 1578 nullum
1237 1536 1382 1588 potest
1411 1548 1501 1575 esse
1530 1546 1628 1586 pec-

68 1614 222 1676 catum,
260 1625 313 1652 ne
340 1610 503 1652 veniale
533 1610 713 1662 quidem.
744 1609 921 1652 Sublata
951 1609 1063 1650 enim
1093 1623 1218 1650 causa
1245 1606 1413 1650 tollitur
1444 1605 1628 1646 effectus.

121 1682 213 1724 XX.
256 1682 377 1724 Adde
421 1682 535 1734 quod
576 1681 792 1723 distinctio
835 1680 999 1734 peccati
1041 1678 1216 1721 venialis
1255 1693 1279 1720 a
1314 1677 1488 1719 mortali
1521 1674 1632 1730 apud

70 1753 319 1795 Pontificios
347 1754 564 1806 usurpata,
591 1751 828 1794 definitioni
853 1750 1016 1805 peccati
1040 1752 1264 1804 repugnat,
1291 1749 1405 1802 quod
1428 1762 1513 1789 non
1536 1749 1648 1788 tan-¹

70 1827 163 1867 tum
214 1826 278 1866 681
329 1826 483 1866 extra
532 1823 744 1876 Legem,
797 1823 869 1864 sed
923 1823 1052 1864 etiarn
1099 1823 1289 1864 contra
1332 1820 1542 1873 Legem,
1586 1832 1634 1859 30

71 1897 250 1952 proinde
277 1895 587 1938 maledictionis
617 1895 784 1936 divinae
813 1909 931 1936 reum
959 1894 1076 1946 facit,
1107 1894 1173 1935 cui
1201 1907 1288 1935 11011
1314 1894 1376 1934 681
1399 1891 1635 1933 1611118811111.

74 1969 180 2011 Cum
207 1971 350 2010 autem
379 1967 451 2021 qui
479 1966 721 2009 moriuntur
748 1966 792 2007 in
821 1966 973 2019 gratia,
1002 1981 1089 2007 non
1113 1965 1198 2007 sint
1223 1965 1300 2006 sub
1326 1962 1635 2013 maledictione,

73 2055 210 2093 neque
239 2040 368 2081 etiam
397 2039 459 2080 rei
488 2040 586 2080 sunt
616 2038 794 2090 alicujus
823 2037 1010 2090 peccati;
1043 2037 1156 2090 quod
1185 2036 1351 2078 nullum
1381 2049 1456 2076 sua
1483 2037 1638 2075 natura

76 2112 181 2153 adeo
220 2113 283 2152 est
319 2110 544 2161 minutum,
575 2109 661 2150 sive
691 2124 741 2150 ex
771 2108 1004 2150 levitate
1033 2108 1321 2160 materiae,
1353 2107 1440 2149 sive
1471 2121 1521 2148 ex
1548 2106 1638 2147 im-

77 2181 425 2237 perfectione
465 2181 669 2236 operis,
698 2183 747 2222 ut
775 2180 1119 2222 maledictionem
1148 2182 1363 2221 aeternam
1392 2193 1477 2220 non
1505 2192 1640 2219 mere-

78 2257 186 2307 atur,
216 2268 311 2295 cum
341 2253 477 2295 omnis
503 2252 786 2305 transgressio
816 2252 924 2305 legis
953 2252 1009 2293 sit
1032 2253 1170 2293 morte
1196 2249 1481 2304 digna,Deut.
1498 2249 1560 2300 27,
1578 2248 1640 2289 26.

78 2324 234 2366 Divina
264 2325 406 2365 autem
434 2323 528 2376 lege
550 2322 748 2365 interdici
772 2325 947 2377 peccata
972 2323 1101 2364 etiam
1126 2321 1424 2373 minutissima,
1449 2318 1642 2361 Christus

81 2395 237 2446 docuit,
275 2394 397 2436 Matt.
437 2394 474 2447 5,
512 2394 576 2436 22.
614 2393 705 2436 Nec
743 2394 954 2448 excipitur
983 2394 1158 2447 aliquod
1185 2395 1420 2447 peccatum,
1450 2406 1528 2445 pro
1559 2404 1642 2443 quo

83 2465 257 2519 sanguis
301 2463 461 2506 Christi
501 2480 588 2507 non
627 2465 756 2507 fuerit
799 2466 966 2518 effusus,
1010 2480 1104 2507 cum
1142 2466 1300 2519 purget
1338 2479 1415 2506 nos
1446 2463 1498 2504 ab
1529 2460 1645 2504 omni

84 2538 273 2590 peccato,
316 2536 337 2577 1
383 2535 481 2577 Joh.
525 2537 560 2588 1,
605 2536 640 2578 7.
681 2538 798 2590 cujus
834 2537 1000 2579 macula
1038 2537 1074 2578 si
1110 2536 1155 2577 in
1195 2537 1338 2589 aliquo
1377 2535 1594 2576 remaneat
1622 2547 1646 2574 a

85 2607 256 2650 Christo
295 2609 392 2649 ante
430 2607 596 2649 obitum
633 2622 720 2650 non
757 2608 903 2660 deleta,
942 2609 978 2649 18
1006 2622 1169 2662 poenae
1198 2606 1450 2649 aeternitate
1480 2604 1646 2655 sentiet,

88 2694 131 2721 se
172 2693 259 2720 non
299 2678 344 2719 in
385 2678 478 2720 loco
522 2678 664 2731 aliquo
702 2679 955 2734 purgatorio
994 2694 1096 2730 esse,
1126 2678 1198 2720 sed
1225 2678 1270 2719 in
1300 2677 1506 2730 gehenna.
1534 2673 1648 2717 Nam

89 2749 425 2802 stipendium
452 2749 668 2802 peccati
697 2764 859 2802 mors,
889 2750 1013 2792 Rom.
1042 2750 1078 2801 6,
1108 2750 1172 2790 23.

142 2819 260 2862 XXI.
288 2819 380 2862 Nec
410 2820 585 2861 solidius
614 2823 677 2862 est
704 2820 1026 2862 fundamentum
1055 2820 1170 2861 aliud
1199 2819 1313 2872 quod
1341 2818 1591 2872 purgatorio
1609 2820 1651 2859 et

88 2891 367 2944 indulgentiis
395 2891 463 2943 (de
492 2891 644 2943 quibus
668 2891 779 2934 infra
803 2892 1026 2934 dicendum
1051 2890 1148 2944 erit)
1175 2889 1462 2933 substernitur
1474 2906 1483 2941 ;
1498 2904 1652 2944 nempe

91 2964 219 3015 post
255 2962 634 3005 remissionem
661 2963 854 3016 culpae
883 2962 1135 3005 mortalis
1165 2964 1215 3004 et
1243 2976 1452 3016 poenae
1481 2964 1653 3003 aeter-
