1931 3224
225 112 288 153 DE
317 111 423 153 Vm
451 126 496 153 Ac
525 110 669 153 MORTE
698 111 888 152 AETERNA
918 126 964 152 ET
995 109 1324 153 CONSUMMATIONE
1353 125 1501 152 sucum.
1569 111 1646 152 663

82 251 210 290 quam
244 235 347 277 illud
375 235 718 288 ingrederentur-3
749 250 856 289 quae
890 236 1032 277 omnia
1060 235 1242 278 absurda
1275 237 1383 287 sunt,
1415 237 1457 277 et
1485 249 1509 276 a
1536 234 1645 277 veri-

83 310 172 350 tate
200 306 533 361 promissionum
565 307 804 349 divinarum
833 307 981 349 aliena.

135 376 351 420 XXXVII.
382 377 464 420 Sed
492 381 661 431 praeter
689 377 796 420 haec
825 393 932 430 quae
962 393 986 419 a
1010 377 1133 420 nobis
1158 378 1366 431 producta
1390 379 1500 430 sunt,
1527 376 1646 420 Chri-

82 452 172 492 stus
214 463 383 502 quoque
424 451 569 502 aperte
608 449 868 491 contrarium
905 451 1088 491 testatur
1127 448 1250 490 Matt.
1291 450 1328 501 8,
1370 449 1430 490 12.
1471 448 1646 498 Quando

81 521 153 573 ait,
196 519 395 562 fideles
438 534 497 561 ex
545 521 795 562 omnibus
837 520 1100 574 gentibus
1139 520 1494 562 accubituros
1535 535 1647 562 cum

81 591 407 642 Abrahamo,
437 590 649 643 Isaaco,
681 594 731 633 et
761 591 967 634 Jacobo
1001 592 1052 633 in
1078 606 1248 645 regno
1275 591 1571 643 coelorum,
1597 595 1647 633 et

81 663 241 705 filios
278 662 454 717 regni,
493 663 536 704 id
575 665 650 714 est,
690 663 888 715 Judaeos,
927 665 972 716 ej
987 666 1162 705 ectum
1199 663 1269 704 iri
1307 664 1359 704 in
1388 663 1646 705 tenebras

83 734 416 786 exteriores,
459 734 550 775 ubi
595 734 701 775 erit
742 734 918 776 fletus
965 737 1015 777 et
1056 735 1268 776 stridor
1306 734 1566 784 dentium3
1606 737 1646 776 et

82 805 301 859 discipulis
343 805 428 846 suis
471 805 667 857 declarat,
711 805 810 847 Joh.
856 806 918 858 14,
961 807 998 847 2.
1036 805 1057 847 Ι
1067 821 1095 847 11
1134 805 1158 847 d
1174 820 1197 847 o
1208 820 1251 847 m
1263 820 1287 847 0
1325 805 1359 847 P
1369 820 1393 846 a
1405 807 1423 846 t
1434 805 1479 846 ri
1492 820 1509 846 s
1547 821 1590 846 111
1601 805 1647 847 61

82 879 208 919 sunt
244 876 444 918 multae
481 876 815 929 mansiones,
857 877 1196 929 proficiscor
1234 879 1534 930 paraturus
1562 891 1645 918 vo-

82 948 164 991 bis
204 948 399 999 locum,
444 949 495 989 et
538 963 700 1000 quum
741 947 1027 1001 profectus
1068 947 1188 990 fuer
1205 962 1250 1000 o,
1294 950 1343 989 et
1381 963 1644 1001 paravero

80 1019 238 1062 vobis
266 1019 461 1071 locum,
491 1034 707 1061 rursum
736 1019 969 1071 veniam,
1000 1022 1050 1060 et
1079 1034 1344 1060 assumam
1368 1034 1461 1060 vos
1487 1019 1548 1061 ad
1571 1035 1646 1061 me

80 1091 277 1146 ipsum,
315 1093 362 1132 ut
399 1091 490 1132 ubi
529 1105 639 1132 sum
680 1105 798 1144 ego,
839 1094 890 1132 et
918 1105 1011 1132 vos
1042 1091 1182 1132 sitis.
1214 1089 1322 1132 Item
1351 1090 1485 1144 Apoc.
1516 1091 1552 1142 3,
1583 1091 1644 1132 21.

80 1162 135 1206 Si
177 1163 297 1216 quis
339 1163 567 1214 vicerit,
611 1162 746 1203 dabo
792 1162 838 1204 ei
881 1162 1070 1203 sedere
1112 1177 1314 1203 mecum
1356 1162 1409 1203 in
1445 1161 1643 1203 throno

81 1248 214 1286 meo,
266 1235 323 1274 ut
376 1236 426 1275 et
477 1248 572 1287 ego
625 1233 735 1275 vici
788 1234 838 1274 et
881 1233 1039 1274 sedeo
1085 1248 1195 1275 cum
1236 1233 1399 1275 Patre
1441 1248 1550 1275 meo
1594 1233 1646 1274 in

80 1305 138 1347 th
149 1320 170 1347 r
182 1320 205 1347 o
218 1320 246 1347 n
258 1321 282 1348 0
324 1306 409 1359 eju
420 1320 450 1347 s.
489 1304 613 1348 Unde
651 1308 714 1347 est
755 1305 869 1358 quod
906 1304 1143 1358 Apostolus
1183 1305 1255 1357 ait,
1287 1305 1308 1346 1
1340 1305 1484 1347 Thess.
1515 1307 1550 1358 4,
1583 1306 1643 1347 17.

81 1393 178 1420 nos
219 1377 330 1419 vivi
389 1377 479 1430 qui
516 1377 720 1430 reliqui
772 1376 990 1428 erimus,
1029 1376 1305 1430 rapiemur
1345 1377 1504 1418 simul
1533 1392 1644 1419 cum

84 1449 159 1491 eis
210 1449 263 1490 in
312 1448 480 1491 nubes
531 1448 584 1489 in
636 1462 917 1490 occursum
957 1447 1175 1489 Domini
1216 1448 1269 1489 in
1310 1462 1434 1489 aera
1475 1447 1644 1502 (nempe

84 1535 135 1562 ex
185 1519 331 1572 136116)4
373 1522 423 1562 613
470 1520 549 1561 ita
590 1534 798 1573 semper
842 1534 954 1560 cum
997 1519 1035 1560 D
1050 1518 1226 1561 omino
1270 1519 1479 1560 erimus.
1521 1518 1644 1562 Unde

83 1594 125 1633 et
170 1591 283 1632 idem
327 1590 563 1645 Apostolus
612 1590 769 1633 Christi
805 1606 985 1645 regnum
1022 1592 1067 1632 in
1105 1591 1218 1644 quod
1254 1591 1345 1644 ipse
1384 1590 1643 1642 servabatur,

81 1677 261 1716 regnum
311 1661 470 1704 Christi
511 1662 743 1716 ἐπουράνιον,
797 1663 838 1704 id
877 1666 952 1714 est,
992 1677 1010 1703 s
1023 1678 1049 1704 u
1060 1678 1086 1716 p
1102 1678 1123 1704 e
1134 1678 1154 1704 r
1166 1677 1187 1704 c
1199 1678 1222 1704 0
1236 1662 1282 1704 61
1296 1678 1317 1704 6
1329 1664 1408 1704 ste
1442 1662 1641 1716 appellat,

81 1734 105 1774 2
136 1733 243 1776 Tim.
272 1734 310 1786 4,
341 1735 403 1776 18.

134 1804 378 1848 XXXVIII.
408 1805 600 1847 Tertium
630 1805 888 1859 adjunctum,
919 1805 984 1858 cuj
990 1820 1037 1846 us
1066 1805 1109 1846 in
1139 1804 1226 1846 vita
1256 1807 1426 1847 aeterna
1447 1805 1642 1847 habenda

83 1878 145 1918 est
174 1877 298 1928 ratio,
329 1878 392 1918 est
421 1891 441 1918 6
454 1892 477 1918 0
490 1892 517 1918 11
529 1892 547 1918 s
559 1891 582 1918 o
595 1892 616 1918 r
626 1879 644 1918 t
654 1877 668 1918 i
678 1892 705 1918 u
716 1892 759 1918 m
771 1911 780 1929 ,
811 1891 828 1918 s
841 1892 861 1918 e
873 1892 899 1918 u
924 1891 942 1917 s
955 1891 978 1918 0
991 1877 1036 1918 61
1050 1879 1134 1917 eta
1146 1891 1164 1917 s
1190 1890 1335 1917 eorum
1360 1876 1433 1929 qui
1457 1876 1642 1928 ejusdem

80 1947 300 1990 felicitatis
315 1948 448 1990 futuri
465 1951 563 1990 sunt
579 1949 820 2003 participes,
838 1948 950 2001 quod
967 1947 1227 1990 consortium
1242 1947 1365 1989 nobis
1381 1947 1425 1988 in
1441 1946 1481 1989 S.
1498 1947 1642 2000 Scrip-

81 2022 178 2061 tura
206 2019 259 2061 ad
286 2019 562 2061 beatitudinis
592 2020 949 2073 complementum
979 2019 1136 2073 passim
1166 2033 1334 2072 quoque
1362 2018 1640 2072 promittitur.

134 2090 332 2133 XXXIX.
374 2091 499 2133 Beati
543 2091 654 2133 enim
695 2091 740 2133 in
777 2091 916 2143 coelis,
957 2091 1034 2132 etsi
1072 2090 1115 2131 in
1153 2090 1284 2132 solius
1322 2089 1403 2132 Dei
1439 2089 1641 2132 fruitione

81 2162 206 2216 plene
244 2162 556 2216 conquiescent,
592 2162 660 2204 Ps.
696 2164 757 2215 73,
797 2164 859 2204 25.
897 2165 1039 2204 tamen
1067 2176 1153 2203 non
1177 2164 1345 2202 tantum
1374 2161 1424 2203 de
1453 2175 1541 2212 sua,
1571 2161 1641 2202 sed

83 2233 211 2276 etiam
239 2233 421 2276 aliorum
450 2234 587 2288 gloria
612 2249 659 2276 ac
683 2234 946 2275 beatitudine
971 2233 1226 2286 gaudebunt.
1250 2231 1365 2274 Inter
1390 2246 1495 2285 quos
1520 2231 1640 2274 Chri-

81 2307 171 2347 stus
194 2308 414 2358 tamquam
436 2305 651 2347 Ecclesiae
676 2308 803 2359 caput
828 2305 955 2346 etiam
982 2306 1029 2345 ut
1051 2304 1180 2346 1101110
1206 2303 1486 2358 principalem
1501 2304 1641 2346 locum

81 2391 246 2430 semper
285 2376 508 2428 obtinebit,
547 2379 594 2418 ut
630 2376 864 2430 Apostolus
902 2376 1099 2427 ostendit,
1138 2377 1162 2416 2
1201 2374 1294 2417 Cor.
1325 2376 1362 2427 5,
1391 2376 1426 2417 8.
1459 2378 1500 2417 613
1528 2375 1638 2417 Phil.

82 2449 117 2500 1,
156 2449 220 2490 23.
257 2447 421 2490 Deinde
460 2449 595 2490 sancti
632 2448 920 2499 Patriarchae,
960 2447 1198 2502 Prophetae
1231 2449 1272 2489 et
1300 2447 1513 2500 Apostoli,
1544 2462 1639 2489 cum

82 2519 235 2571 quibus
272 2519 316 2560 in
353 2534 485 2574 regno
527 2519 742 2562 coelorum
780 2519 1014 2560 accubituri
1052 2519 1240 2570 dicimur,
1281 2518 1403 2560 Matt.
1441 2520 1478 2570 8,
1510 2520 1570 2561 11.
1598 2522 1639 2561 et

83 2591 146 2642 19,
175 2590 240 2632 28.
268 2590 428 2644 Angeli
457 2605 626 2643 quoque
657 2593 697 2632 et
728 2604 871 2631 eorum
901 2589 1112 2642 myriades
1136 2589 1247 2631 inter
1271 2589 1353 2631 hoc
1378 2589 1639 2631 consortium

80 2665 369 2714 numerantur,
406 2661 538 2704 Hebr.
578 2663 639 2714 12,
677 2662 740 2703 22.
779 2664 820 2703 et
858 2661 993 2714 Apoc.
1035 2661 1070 2712 7,
1112 2661 1173 2702 11.
1214 2676 1261 2702 66
1300 2661 1478 2713 denique
1516 2664 1638 2703 tanta

80 2733 268 2775 fidelium
295 2733 538 2786 multitudo,
568 2736 616 2775 ut
643 2746 766 2775 nemo
796 2747 888 2774 eam
911 2746 1132 2774 numerare
1156 2733 1302 2786 possit,
1328 2731 1459 2775 Hebr.
1487 2733 1548 2784 12,
1573 2733 1637 2775 23.

82 2807 123 2846 et
150 2804 284 2858 Apoc.
314 2805 350 2857 7,
379 2805 416 2846 2.

135 2873 221 2916 XL.
258 2874 342 2918 Hic
380 2874 610 2928 quaeritur,
641 2889 694 2915 an
722 2874 834 2916 inter
861 2874 1009 2916 beatos
1036 2877 1183 2917 mutua
1212 2874 1355 2916 futura
1385 2875 1440 2916 sit
1468 2875 1633 2927 notitia,

82 2946 392 2999 sermocinatio,
418 2949 459 2988 et
484 2945 821 2988 communicatio.
846 2945 941 2988 Etsi
965 2960 1065 2987 vero
1087 2945 1241 2987 horum
1264 2946 1412 2987 modus
1429 2946 1633 2989 curiosius
