1931 3224
217 172 294 213 230
783 170 1026 212 DISPUTATIO
1056 167 1158 210 XXI
1165 168 1211 210 V.

219 297 326 347 dat,
365 310 467 337 11011
506 310 634 349 ergo
674 296 763 348 qui
802 294 1045 348 plantat,
1085 297 1164 335 est
1203 293 1435 348 aliquid,
1465 310 1560 338 nec
1589 297 1680 350 qui
1708 299 1775 341 ri-

218 371 330 421 gat,
360 368 450 408 sed
481 368 568 419 qui
597 367 1000 408 incrementum
1029 365 1118 406 dat
1142 364 1306 418 Deus,
1333 368 1375 407 et
1401 366 1556 409 similia
1579 368 1774 422 plurima,

218 441 262 480 in
292 438 444 491 quibus
474 438 694 492 Scriptura
719 437 860 479 omnia
888 436 1053 478 homini
1083 436 1245 489 adimit,
1274 439 1322 478 ut
1350 439 1491 480 totum
1518 441 1778 483 transcribat

218 509 322 560 Deo,
366 511 413 550 ut
457 509 529 561 qui
573 509 793 561 gloriatur,
835 522 921 549 non
963 508 1008 549 in
1052 523 1096 550 se
1134 507 1228 562 ipso
1268 509 1341 551 sed
1378 510 1423 551 in
1460 510 1551 553 solo
1590 511 1777 556 Domino

219 580 435 633 glorietur.

271 651 468 693 XXXVI.
500 651 620 703 Quid,
651 651 763 703 quod
790 651 895 692 haec
918 652 1128 693 sententia
1151 652 1303 694 incidit
1325 653 1369 694 in
1394 653 1640 707 opinionem
1660 654 1779 697 illam

219 739 344 776 quam
374 722 502 764 Thesi
528 723 591 764 33.
620 721 909 774 refutavimus,
940 724 981 764 et
1010 737 1138 775 quam
1166 723 1252 776 ipsi
1281 723 1510 777 aliquando
1540 725 1585 766 in
1608 725 1779 779 scriptis

218 795 304 835 suis
344 794 637 845 condemnant,
667 808 819 847 nempe
851 793 1101 836 electionem
1131 809 1300 847 quoque
1329 810 1418 838 esse
1448 796 1606 838 factam
1636 811 1779 839 secun-

218 866 315 906 dum
343 864 535 919 praevisa
564 879 705 917 opera,
736 879 836 905 nam
864 865 981 906 nulla
1007 865 1111 908 fides
1140 868 1205 908 est
1233 866 1433 919 salvifica,
1461 868 1545 909 nisi
1569 883 1676 921 quae
1703 883 1780 922 per

218 936 437 976 caritatem
476 937 688 988 operatur,
728 933 818 976 Gal.
857 935 894 987 5,
934 936 970 977 6.
1000 937 1117 978 1111113
1147 952 1318 991 quoque
1347 938 1400 980 ad
1428 939 1609 981 salutem
1636 955 1781 993 perse-

216 1008 344 1057 verat,
387 1006 468 1046 nisi
509 1020 616 1058 quae
660 1005 868 1047 fructibus
911 1006 998 1048 suis
1037 1009 1100 1049 est
1140 1011 1302 1061 ornata,
1340 1009 1464 1051 Matt.
1494 1010 1556 1052 13.
1587 1013 1628 1052 et
1657 1011 1781 1053 bonis

218 1076 415 1130 operibus
455 1077 691 1129 conjuncta,
730 1076 819 1119 Jac.
859 1078 895 1119 2.
936 1080 977 1119 et
1015 1079 1252 1131 praemium
1280 1081 1479 1123 ultimum
1511 1096 1679 1135 quoque
1708 1083 1781 1125 da-

218 1148 333 1189 bitur
360 1148 404 1188 in
431 1147 504 1190 illo
535 1149 601 1190 die
631 1149 924 1191 secundum
952 1150 1005 1192 id
1033 1151 1174 1204 quod
1202 1153 1580 1206 unusquisque
1606 1155 1782 1207 gessit

219 1220 270 1261 in
311 1235 540 1273 corpore
579 1235 672 1262 suo
713 1221 828 1264 sive
856 1221 1053 1265 bonum
1082 1224 1195 1266 sive
1223 1225 1442 1277 malum,
1474 1227 1498 1266 2
1528 1224 1620 1267 Cor.
1650 1226 1688 1277 5,
1718 1225 1781 1267 10.

220 1290 341 1333 Unde
380 1292 596 1333 evidenter
625 1293 912 1346 consequitur,
943 1294 978 1335 si
1006 1294 1157 1337 electio
1190 1298 1253 1337 est
1281 1296 1396 1338 facta
1428 1297 1658 1338 secundum
1684 1297 1784 1339 fidei

219 1378 266 1404 30
304 1364 641 1416 perseverantiae
679 1364 1002 1418 praevisionem,
1042 1380 1135 1407 eam
1174 1366 1302 1409 etiam
1332 1383 1420 1410 esse
1448 1368 1607 1410 factam
1635 1383 1783 1411 secun-

220 1434 318 1474 dum
346 1434 656 1486 praevisionem
685 1449 874 1488 operum,
906 1451 1012 1489 quae
1041 1438 1334 1491 unusquisque
1362 1439 1521 1492 partim
1551 1455 1602 1481 ex
1631 1441 1783 1493 gratia,

219 1505 376 1558 partim
416 1520 465 1547 ex
493 1506 670 1559 propria
699 1506 919 1548 voluntate
948 1522 996 1549 30
1025 1507 1222 1551 libertate
1252 1509 1318 1563 (ut
1346 1510 1430 1563 ipsi
1461 1510 1668 1565 sentiunt)
1697 1511 1784 1554 fac-

220 1579 339 1617 turus
367 1576 462 1618 fuit.

271 1647 489 1689 XXXVII.
527 1649 647 1690 Adde
687 1649 801 1703 quod
837 1650 943 1692 haec
979 1651 1172 1704 ipsorum
1211 1651 1361 1694 electio
1390 1652 1515 1706 plane
1546 1656 1610 1696 est
1638 1668 1785 1708 super-

220 1734 361 1771 vacua,
392 1722 434 1761 et
461 1720 626 1762 nullum
654 1720 841 1762 fructum
868 1721 1033 1763 homini
1065 1722 1199 1764 electo
1231 1722 1367 1775 affert,
1396 1738 1473 1766 nec
1501 1724 1546 1765 in
1574 1723 1657 1766 hac
1682 1725 1784 1777 vita,

154 1832 157 1837 ,
190 1790 193 1793 ’
219 1806 295 1833 nec
331 1792 375 1832 111
412 1791 566 1834 futura.
606 1791 707 1834 Non
745 1793 789 1834 in
825 1792 907 1834 liae
941 1792 1041 1844 vita,
1073 1793 1172 1846 quia
1202 1795 1562 1848 perseverantiam
1589 1796 1786 1838 ultimam

219 1863 262 1903 in
303 1863 383 1905 fide
426 1866 467 1905 et
511 1864 608 1906 fidei
651 1865 893 1907 obedientia
937 1865 1079 1907 omnia
1120 1865 1327 1908 beneficia
1364 1867 1416 1908 ad
1452 1868 1707 1910 credendum
1744 1870 1786 1910 et

218 1935 572 1987 perseverandum
608 1937 826 1989 requisita,
867 1936 1105 1979 necessario
1145 1937 1411 1980 antecedunt.
1451 1937 1542 1980 Nec
1570 1939 1614 1980 in
1641 1939 1786 1983 futura

219 2006 319 2057 vita,
358 2007 457 2059 quia
494 2008 584 2049 vita
625 2011 798 2050 aeterna
836 2008 1207 2062 perseverantibus
1245 2009 1290 2050 in
1329 2009 1412 2051 fide
1452 2009 1628 2052 debetur
1666 2026 1716 2053 ex
1745 2012 1788 2054 vi

221 2078 428 2130 generalis
466 2078 635 2131 decreti,
677 2079 1002 2132 Quicunque
1042 2079 1218 2122 credit
1258 2082 1308 2122 et
1337 2080 1399 2122 ad
1426 2080 1591 2123 finem
1622 2097 1786 2135 usque

221 2152 560 2202 perseverat,
587 2150 920 2204 salvabitur,
947 2151 1061 2204 quod
1085 2151 1280 2204 generale
1306 2151 1522 2194 decretum
1545 2153 1655 2195 hanc
1680 2153 1787 2197 elec·

220 2221 381 2261 tionem
414 2222 749 2274 peremptoriam
778 2225 990 2264 certarum
1018 2237 1297 2275 personarum
1325 2224 1584 2277 antecedere,
1613 2225 1789 2278 ipsimet

221 2294 468 2344 agnoscunt.
511 2292 873 2341 Quemadmodum
910 2294 946 2335 si
975 2285 1255 2347 magistratus
1284 2295 1438 2347 aliquis
1466 2310 1687 2349 supremus
1716 2296 1787 2338 de-

223 2364 383 2403 cretum
422 2365 618 2417 generale
657 2365 924 2417 condidisset,
958 2379 1042 2417 quo
1072 2365 1225 2418 piratis
1256 2365 1452 2407 omnibus
1482 2366 1596 2409 intra
1627 2369 1788 2409 certum

221 2436 389 2487 tempus
427 2435 470 2476 in
508 2435 692 2489 patriam
729 2435 1002 2477 redeuntibus
1036 2435 1158 2477 venia
1187 2435 1497 2489 concederetur,
1527 2452 1789 2491 supervacua

223 2507 350 2557 atque
389 2506 439 2547 ab
491 2507 605 2565 omni
643 2507 857 2561 sapienter
896 2507 1049 2560 agendi
1086 2508 1251 2550 ratione
1285 2508 1421 2550 aliena
1452 2509 1592 2549 essent
1621 2507 1789 2550 decreta

223 2577 316 2628 alia,
356 2593 431 2631 per
472 2593 579 2631 quae
617 2579 794 2633 singulis
833 2593 992 2631 eorum,
1031 2593 1137 2632 quos
1179 2579 1351 2621 domum
1379 2579 1589 2622 redituros
1617 2581 1786 2632 norunt,

225 2649 347 2690 venia
378 2649 513 2692 denuo
545 2653 852 2695 decerneretur.

279 2721 520 2764 XXXVIII.
558 2723 619 2765 Ut
654 2725 744 2777 jam
785 2723 1006 2777 sigillatim
1044 2738 1131 2765 non
1160 2723 1420 2766 vindicemus
1449 2722 1633 2777 plurima
1661 2724 1790 2776 atque

227 2793 435 2835 evidentia
464 2793 617 2837 Sacrae
647 2794 892 2848 Scripturae
921 2795 1025 2847 loca,
1052 2795 1097 2836 in
1122 2795 1274 2848 quibus
1299 2797 1342 2837 et
1364 2795 1480 2846 fides,
1506 2795 1548 2835 et
1572 2792 1790 2845 sanctitas,

227 2865 269 2903 et
305 2866 618 2916 perseverantia
657 2866 701 2908 in
737 2865 800 2915 iis,
840 2880 891 2907 ex
931 2865 1135 2908 electione
1173 2865 1399 2908 manifesto
1438 2864 1714 2916 deducuntur,
1742 2867 1791 2907 ut

227 2932 351 2974 Matt.
389 2934 451 2985 24,
491 2936 553 2976 24.
595 2936 744 2978 Fieri
780 2951 883 2979 non
921 2939 1109 2990 potest
1145 2938 1202 2978 ut
1243 2936 1410 2979 electi
1446 2935 1789 2987 seducantur,

230 3005 375 3046 Actor.
420 3007 480 3058 13,
521 3007 583 3048 48.
624 3007 996 3050 Crediderunt
1035 3010 1313 3061 quotquot
1352 3009 1508 3049 erant
1546 3005 1791 3049 ordinati
