1931 3224
267 189 317 227 2⁴)
861 177 1101 218 Drsrmwrm
1130 173 1203 216 HI.

267 305 508 349 necessariis
558 302 780 356 prospicit)
836 300 1084 350 conservati,
1136 312 1313 349 cumque
1365 296 1457 338 aliis
1502 293 1813 345 communicati,

267 378 369 419 Col.
407 378 444 426 4,
479 377 538 416 16.
568 377 592 415 2
621 373 797 414 Thess.
827 373 863 422 3,
896 372 957 412 17.
991 371 1015 411 2
1046 370 1155 411 Pet.
1185 370 1222 420 3,
1254 368 1327 420 15„
1358 370 1451 409 tum
1478 367 1692 418 mandato,
1723 369 1815 408 tum

266 448 436 501 pietatis
473 449 723 497 sanctaeque
763 442 1066 485 communionis
1105 441 1209 494 lege,
1248 439 1475 491 divinoque
1506 439 1722 489 instinctu,
1762 437 1815 479 ab

266 519 328 569 iis,
359 519 441 559 imo
472 517 675 566 omnibus,
705 518 751 556 ut
780 513 908 555 divini
937 512 1145 565 acceptati
1175 513 1291 560 sunt3
1322 510 1448 562 idque
1471 525 1556 552 non
1580 510 1714 551 libero
1740 509 1817 550 ali-

269 605 348 642 quo
393 588 601 629 Ecclesiae
644 589 751 634 actu,
794 585 864 626 sed
900 582 1132 625 necessaria
1170 581 1448 634 susceptione.
1487 581 1631 633 Atque
1669 581 1712 621 in
1749 579 1816 621 his

267 660 471 701 salvificae
500 658 607 699 illius
637 656 824 698 veritatis
853 654 1022 696 uberior
1051 653 1276 706 explicatio
1307 654 1380 693 est.

318 729 429 771 XlV.
473 729 589 770 Haec
631 730 771 769 autem
814 724 1137 768 communicatio
1181 726 1222 765 et
1260 722 1510 775 acceptatio,
1547 725 1640 769 tum
1678 723 1817 764 locum
1862 759 1865 769 ,

266 801 425 851 habuit,
457 815 548 842 cum
578 802 737 840 certum
761 797 966 850 judicium
997 797 1047 838 de
1074 796 1125 837 iis
1154 795 1272 836 libris
1296 794 1384 835 fieri
1414 796 1455 835 et
1480 794 1629 835 haberi
1652 794 1817 848 potuit3
1878 791 1883 806 ³

266 887 414 924 nempe
444 871 629 923 (praeter
657 869 804 910 insitas
834 870 875 908 et
905 882 1031 920 supra
1061 867 1193 908 dictas
1222 866 1363 917 notas)
1391 867 1482 905 tum
1511 864 1722 906 ordinarie
1746 879 1818 907 seu

267 942 486 983 ordinariis
524 940 683 991 mediis,
721 940 785 981 vel
823 938 1049 992 Scriptoris
1086 937 1217 992 ipsius
1257 936 1386 977 divini
1424 935 1669 988 Testimon„
1700 935 1816 977 Joh.

267 1014 328 1063 21,
370 1013 433 1053 24.
475 1011 588 1053 Luc.
632 1012 667 1062 1,
712 1011 747 1051 1.
790 1011 826 1051 3.
864 1009 940 1060 vel,
980 1011 1080 1062 αὐτῇ
1122 1009 1236 1062 χειρὶ,
1272 1008 1314 1048 1(1
1339 1009 1415 1059 est,
1443 1007 1643 1060 propriae
1671 1021 1819 1048 manus

266 1084 505 1136 scriptione,
558 1082 666 1124 Gal.
718 1083 754 1132 6,
808 1082 869 1132 11,
921 1083 994 1121 aut
1042 1079 1365 1132 subscriptione,
1410 1093 1516 1130 quae
1561 1094 1584 1120 a
1626 1078 1820 1120 fidelibus

266 1158 366 1196 tunc
394 1153 596 1207 temporis
625 1152 967 1205 cognoscebatur,
999 1166 1082 1203 quo
1107 1150 1267 1203 judicio
1293 1149 1448 1191 Paulus
1472 1149 1820 1205 ψευδεπιγράφοις

268 1225 465 1278 epistolas
504 1239 526 1265 a
564 1223 773 1277 germanis
810 1222 987 1264 discerni
1024 1222 1168 1273 voluit,
1208 1223 1231 1262 2
1270 1221 1419 1263 Thes.
1458 1222 1495 1272 2,
1532 1222 1568 1263 2.
1610 1223 1659 1263 et
1688 1222 1725 1273 3,
1757 1221 1818 1263 17.

267 1297 331 1338 vel
359 1296 451 1337 fidis
481 1297 566 1347 ejus
594 1295 656 1336 rei
684 1294 891 1344 Testibus,
922 1293 993 1345 qui
1021 1293 1065 1334 in
1087 1293 1376 1346 inscriptione,
1400 1293 1467 1334 vel
1491 1291 1820 1334 salutationibus

268 1367 529 1417 adhibentur,
569 1365 705 1407 Rom.
748 1366 808 1416 16,
838 1366 900 1406 21.
931 1366 993 1406 22.
1026 1365 1045 1405 1
1078 1364 1188 1406 Cor.
1222 1365 1256 1415 1,
1288 1365 1323 1405 1.
1354 1366 1395 1405 et
1425 1364 1487 1404 16.
1519 1364 1594 1415 19„
1625 1366 1719 1405 tum
1749 1378 1820 1405 ex-

267 1437 556 1487 traordinarie,
586 1436 897 1489 Prophetarum
927 1435 1074 1487 (quum
1102 1435 1358 1488 Prophetiae
1383 1436 1540 1476 donum
1563 1435 1608 1476 in
1631 1435 1821 1477 Ecclesia

268 1509 402 1550 adhuc
443 1509 617 1561 vigeret,
661 1509 680 1548 1
727 1507 834 1548 Cor.
873 1508 936 1557 12,
975 1508 1011 1548 4.
1043 1508 1077 1548 7.
1109 1510 1149 1548 et
1180 1508 1241 1558 14,
1271 1508 1334 1548 29.
1364 1505 1446 1559 32.)
1473 1506 1647 1559 judicio.
1676 1505 1820 1559 Atque

267 1580 348 1621 hoc
371 1579 573 1631 judicium
600 1581 765 1619 tantum
793 1578 954 1630 primae
983 1577 1195 1619 Ecclesiae
1225 1577 1326 1627 fuit;
1356 1577 1617 1630 posterioris,
1643 1577 1818 1630 proprie

269 1653 330 1691 est
368 1652 454 1702 ejus
491 1649 737 1702 recognitio,
778 1652 818 1690 et
856 1648 936 1690 sibi
967 1648 1179 1691 commissi
1208 1649 1339 1690 divini
1371 1649 1553 1704 depositi
1580 1649 1694 1703 apud
1722 1663 1821 1703 pos-

267 1725 380 1763 teros
411 1721 728 1771 commendatio,
758 1723 798 1762 et
827 1721 870 1761 in
899 1735 1048 1761 manus
1076 1720 1264 1772 traditio,
1295 1720 1439 1762 Rom.
1468 1722 1506 1772 3,
1537 1722 1573 1762 2.

321 1791 412 1833 XV.
449 1791 571 1833 Unde
606 1791 765 1832 factum
804 1793 878 1842 est,
916 1794 962 1832 ut
1001 1791 1050 1832 de
1089 1791 1340 1843 quibusdam
1383 1792 1503 1833 libris
1544 1791 1634 1844 (qui
1660 1791 1821 1845 judicio

269 1861 578 1914 Prophetarum
621 1864 662 1902 et
703 1861 1003 1914 Apostolorum
1047 1865 1247 1914 cessante,
1287 1878 1310 1904 a
1348 1863 1594 1904 succedente
1631 1862 1823 1905 Ecclesia

270 1933 400 1974 serius
439 1946 531 1973 cum
568 1931 740 1983 reliquis
778 1934 873 1972 sunt
911 1932 1226 1985 communicati)
1265 1933 1317 1974 ab
1353 1933 1565 1985 aliquibus
1594 1932 1821 1985 aliquando

271 2003 505 2044 dubitatum
534 2003 668 2055 iisque
699 2003 1002 2044 contradictum
1028 2004 1093 2045 sit.
1120 2003 1242 2045 Certe
1269 2019 1425 2055 omnes,
1450 2007 1548 2057 post
1573 2003 1822 2046 Zachariam

272 2077 312 2115 et
353 2073 604 2115 Malachiam
646 2076 881 2126 postremos
924 2074 1172 2128 Prophetas,
1216 2074 1259 2128 (a
1303 2075 1455 2128 quibus
1501 2075 1697 2128 deinceps
1737 2075 1821 2118 Sa-

271 2145 479 2198 pientes
532 2144 759 2197 Synagoga
809 2143 985 2186 Judaica
1029 2146 1263 2199 enumerat)
1307 2146 1415 2188 Josss
1458 2149 1649 2188 contra
1690 2145 1821 2200 App.

272 2215 419 2268 apud.
458 2215 573 2255 Eus.
612 2214 716 2256 Lib.
756 2216 792 2255 3.
832 2230 863 2256 c.
902 2217 936 2256 9.
976 2218 1022 2256 ut
1051 2219 1092 2258 et
1121 2220 1219 2270 post
1250 2217 1413 2259 obitum
1442 2218 1751 2271 Apostolorum
1782 2220 1823 2259 et

272 2286 613 2338 Apostolicorum
650 2286 847 2337 virorum,
900 2302 993 2328 cum
1037 2289 1382 2330 extraordinariis
1425 2289 1546 2331 donis
1587 2288 1823 2343 Prophetia

273 2356 497 2407 desinente,
538 2359 609 2398 aut
646 2357 792 2398 saltem
829 2357 1077 2412 interrupta,
1117 2361 1158 2411 (a
1197 2375 1278 2412 quo
1316 2363 1510 2414 tempore
1538 2360 1729 2402 Patres
1757 2361 1823 2402 in-

275 2428 399 2470 choat
436 2428 638 2480 Ecclesia)
677 2428 823 2482 scripti
860 2429 1055 2482 editique,
1095 2445 1172 2483 pro
1202 2432 1376 2474 utilibus
1407 2433 1577 2486 quidem
1606 2435 1647 2474 et
1676 2432 1823 2474 Eccle-

273 2499 462 2549 siasticis,
493 2501 537 2539 at
565 2513 662 2539 vero
693 2513 777 2539 non
805 2513 881 2553 pro
913 2501 1039 2541 sacris
1070 2504 1110 2542 et
1139 2501 1302 2554 divinis,
1332 2507 1430 2545 sunt
1457 2504 1608 2546 habiti.

326 2568 438 2611 XVI.
477 2568 592 2610 Finis
631 2569 752 2611 istius
791 2570 1060 2622 collectionis,
1100 2574 1141 2612 et
1182 2575 1490 2625 conjunctionis
1519 2575 1727 2617 librorum
1756 2589 1822 2617 sa-

275 2654 439 2681 crorum
469 2643 542 2691 est,
572 2643 618 2681 ut
646 2640 749 2681 haec
778 2639 994 2694 Scriptura
1022 2642 1239 2685 universae
1268 2645 1480 2688 Ecclesiae
1505 2646 1586 2688 Dei
1610 2645 1822 2700 perfectus

276 2713 316 2751 ct
348 2714 574 2763 perpetuus
604 2710 778 2752 Canon
809 2714 927 2762 esset,
957 2715 998 2753 et
1027 2712 1189 2766 Regula
1219 2716 1409 2758 veritatis
1440 2717 1645 2769 coelestis,
1674 2717 1717 2758 id
1747 2719 1821 2768 est,

274 2781 369 2821 fidei
407 2784 447 2822 et
484 2782 606 2832 vitae,
644 2781 719 2823 Ps.
757 2783 846 2833 102,
887 2783 946 2824 19.
983 2782 1122 2825 Rom.
1152 2786 1214 2837 15,
1243 2787 1279 2828 4.
1311 2788 1334 2828 2
1363 2787 1487 2830 Tim.
1518 2789 1555 2840 3,
1585 2789 1660 2841 16.,
1690 2790 1822 2841 utque

275 2849 461 2892 Verbum
490 2852 579 2903 Dei,
610 2855 650 2893 et
680 2867 728 2894 eo
759 2853 1062 2906 comprehensa
1092 2857 1257 2908 veritas,
1289 2862 1620 2911 conservaretur,
1644 2858 1821 2901 ulterius

276 2925 592 2976 propagaretur,
624 2925 664 2964 et
693 2923 726 2964 si
755 2938 861 2975 quae
891 2926 1106 2978 corruptio
1132 2927 1357 2980 incidisset,
1384 2931 1537 2972 certius
1561 2933 1821 2973 restaurare-

276 2995 355 3037 tur.
386 2991 497 3033 Luc.
531 2994 562 3043 l,
591 2993 628 3033 4.
659 2992 776 3034 Mat.
806 2995 868 3045 22,
898 2996 960 3036 29.
