<?xml version="1.0" encoding="UTF-8"?>
<!DOCTYPE html PUBLIC "-//W3C//DTD XHTML 1.0 Transitional//EN"
    "http://www.w3.org/TR/xhtml1/DTD/xhtml1-transitional.dtd">
<html xmlns="http://www.w3.org/1999/xhtml" xml:lang="en" lang="en">
 <head>
  <title>
</title>
<meta http-equiv="Content-Type" content="text/html;charset=utf-8" />
  <meta name='ocr-system' content='tesseract 3.04.00' />
  <meta name='ocr-capabilities' content='ocr_page ocr_carea ocr_par ocr_line ocrx_word'/>
</head>
<body>
  <div class='ocr_page' id='page_1' title='image "./synopsispurioris00poly_0120.png"; bbox 0 0 1931 3224; ppageno 0'>
   <div class='ocr_carea' id='block_1_1' title="bbox 288 145 1240 195">
    <p class='ocr_par' dir='ltr' id='par_1_1' title="bbox 288 145 1240 195">
     <span class='ocr_line' id='line_1_1' title="bbox 288 145 1240 195; baseline -0.009 0"><span class='ocrx_word' id='word_1_1' title='bbox 288 157 338 195; x_wconf 69' lang='lat'>08</span> <span class='ocrx_word' id='word_1_2' title='bbox 879 149 1117 191; x_wconf 75' lang='lat' dir='ltr'>D1s1&gt;U⁷rAT10</span> <span class='ocrx_word' id='word_1_3' title='bbox 1146 145 1240 188; x_wconf 88' lang='lat' dir='ltr'>XII.</span> 
     </span>
    </p>
   </div>
   <div class='ocr_carea' id='block_1_2' title="bbox 286 265 1851 3034">
    <p class='ocr_par' dir='ltr' id='par_1_2' title="bbox 288 265 1838 402">
     <span class='ocr_line' id='line_1_2' title="bbox 288 265 1838 330; baseline -0.009 -11"><span class='ocrx_word' id='word_1_4' title='bbox 288 278 420 328; x_wconf 77' lang='lat' dir='ltr'>bonis,</span> <span class='ocrx_word' id='word_1_5' title='bbox 464 280 504 318; x_wconf 89' lang='lat' dir='ltr'>et</span> <span class='ocrx_word' id='word_1_6' title='bbox 545 291 707 330; x_wconf 85' lang='lat' dir='ltr'>poenae</span> <span class='ocrx_word' id='word_1_7' title='bbox 744 289 850 327; x_wconf 88' lang='lat' dir='ltr'>quae</span> <span class='ocrx_word' id='word_1_8' title='bbox 888 274 1155 315; x_wconf 68' lang='lat' dir='ltr'>reservantur</span> <span class='ocrx_word' id='word_1_9' title='bbox 1190 269 1334 317; x_wconf 83' lang='lat' dir='ltr'>malis3</span> <span class='ocrx_word' id='word_1_10' title='bbox 1373 269 1415 308; x_wconf 87' lang='lat' dir='ltr'>et</span> <span class='ocrx_word' id='word_1_11' title='bbox 1455 267 1537 308; x_wconf 86' lang='lat' dir='ltr'>alia</span> <span class='ocrx_word' id='word_1_12' title='bbox 1572 266 1760 319; x_wconf 88' lang='lat' dir='ltr'>plurima</span> <span class='ocrx_word' id='word_1_13' title='bbox 1788 265 1838 306; x_wconf 86' lang='lat' dir='ltr'>de</span> 
     </span>
     <span class='ocr_line' id='line_1_3' title="bbox 288 350 828 402; baseline -0.007 -11"><span class='ocrx_word' id='word_1_14' title='bbox 288 350 438 402; x_wconf 82' lang='lat' dir='ltr'>quibus</span> <span class='ocrx_word' id='word_1_15' title='bbox 466 351 616 401; x_wconf 88' lang='lat' dir='ltr'>postea</span> <span class='ocrx_word' id='word_1_16' title='bbox 645 361 828 400; x_wconf 88' lang='lat' dir='ltr'>agemus.</span> 
     </span>
    </p>

    <p class='ocr_par' dir='ltr' id='par_1_3' title="bbox 287 409 1844 1320">
     <span class='ocr_line' id='line_1_4' title="bbox 341 409 1838 469; baseline -0.007 -8"><span class='ocrx_word' id='word_1_17' title='bbox 341 420 412 461; x_wconf 81' lang='lat' dir='ltr'>IX.</span> <span class='ocrx_word' id='word_1_18' title='bbox 451 419 545 461; x_wconf 86' lang='lat' dir='ltr'>Etsi</span> <span class='ocrx_word' id='word_1_19' title='bbox 583 434 681 461; x_wconf 89' lang='lat' dir='ltr'>vero</span> <span class='ocrx_word' id='word_1_20' title='bbox 722 432 806 459; x_wconf 90' lang='lat' dir='ltr'>non</span> <span class='ocrx_word' id='word_1_21' title='bbox 842 415 967 469; x_wconf 84' lang='lat' dir='ltr'>pauci</span> <span class='ocrx_word' id='word_1_22' title='bbox 1005 430 1055 456; x_wconf 84' lang='lat' dir='ltr'>ex</span> <span class='ocrx_word' id='word_1_23' title='bbox 1093 413 1280 465; x_wconf 88' lang='lat' dir='ltr'>antiquis</span> <span class='ocrx_word' id='word_1_24' title='bbox 1320 413 1362 452; x_wconf 89' lang='lat' dir='ltr'>et</span> <span class='ocrx_word' id='word_1_25' title='bbox 1389 410 1628 452; x_wconf 74' lang='lat' dir='ltr'>recentibus</span> <span class='ocrx_word' id='word_1_26' title='bbox 1659 409 1838 463; x_wconf 86' lang='lat' dir='ltr'>scripto-</span> 
     </span>
     <span class='ocr_line' id='line_1_5' title="bbox 289 480 1839 542; baseline -0.008 -9"><span class='ocrx_word' id='word_1_27' title='bbox 289 492 417 538; x_wconf 80' lang='lat' dir='ltr'>ribus,</span> <span class='ocrx_word' id='word_1_28' title='bbox 458 506 531 531; x_wconf 81' lang='lat' dir='ltr'>sua</span> <span class='ocrx_word' id='word_1_29' title='bbox 572 503 737 542; x_wconf 87' lang='lat' dir='ltr'>quoque</span> <span class='ocrx_word' id='word_1_30' title='bbox 775 501 966 540; x_wconf 82' lang='lat' dir='ltr'>corpora,</span> <span class='ocrx_word' id='word_1_31' title='bbox 1005 486 1073 527; x_wconf 89' lang='lat' dir='ltr'>vel</span> <span class='ocrx_word' id='word_1_32' title='bbox 1111 482 1322 534; x_wconf 88' lang='lat' dir='ltr'>eoelestia,</span> <span class='ocrx_word' id='word_1_33' title='bbox 1360 481 1591 534; x_wconf 84' lang='lat' dir='ltr'>velignea,</span> <span class='ocrx_word' id='word_1_34' title='bbox 1620 480 1690 522; x_wconf 88' lang='lat' dir='ltr'>vel</span> <span class='ocrx_word' id='word_1_35' title='bbox 1718 483 1839 522; x_wconf 79' lang='lat' dir='ltr'>a&#39;e‘rea</span> 
     </span>
     <span class='ocr_line' id='line_1_6' title="bbox 289 552 1839 615; baseline -0.008 -11"><span class='ocrx_word' id='word_1_36' title='bbox 289 563 465 615; x_wconf 86' lang='lat' dir='ltr'>Angelis</span> <span class='ocrx_word' id='word_1_37' title='bbox 495 561 742 607; x_wconf 77' lang='lat' dir='ltr'>attribuant,</span> <span class='ocrx_word' id='word_1_38' title='bbox 772 574 849 599; x_wconf 90' lang='lat' dir='ltr'>nos</span> <span class='ocrx_word' id='word_1_39' title='bbox 878 560 1019 598; x_wconf 85' lang='lat' dir='ltr'>tamen</span> <span class='ocrx_word' id='word_1_40' title='bbox 1051 571 1139 598; x_wconf 89' lang='lat' dir='ltr'>esse</span> <span class='ocrx_word' id='word_1_41' title='bbox 1168 569 1306 597; x_wconf 88' lang='lat' dir='ltr'>meros</span> <span class='ocrx_word' id='word_1_42' title='bbox 1337 553 1512 607; x_wconf 79' lang='lat' dir='ltr'>spiritus</span> <span class='ocrx_word' id='word_1_43' title='bbox 1543 555 1584 594; x_wconf 87' lang='lat' dir='ltr'>et</span> <span class='ocrx_word' id='word_1_44' title='bbox 1610 552 1722 594; x_wconf 91' lang='lat' dir='ltr'>omni</span> <span class='ocrx_word' id='word_1_45' title='bbox 1749 566 1839 593; x_wconf 92' lang='lat' dir='ltr'>om-</span> 
     </span>
     <span class='ocr_line' id='line_1_7' title="bbox 288 624 1840 684; baseline -0.006 -10"><span class='ocrx_word' id='word_1_46' title='bbox 288 633 386 673; x_wconf 87' lang='lat' dir='ltr'>nino</span> <span class='ocrx_word' id='word_1_47' title='bbox 426 645 601 684; x_wconf 81' lang='lat' dir='ltr'>corpore</span> <span class='ocrx_word' id='word_1_48' title='bbox 639 629 812 682; x_wconf 80' lang='lat' dir='ltr'>proprie</span> <span class='ocrx_word' id='word_1_49' title='bbox 854 628 967 669; x_wconf 85' lang='lat' dir='ltr'>dicto</span> <span class='ocrx_word' id='word_1_50' title='bbox 1009 641 1162 677; x_wconf 84' lang='lat' dir='ltr'>carere,</span> <span class='ocrx_word' id='word_1_51' title='bbox 1193 627 1436 668; x_wconf 89' lang='lat' dir='ltr'>constanter</span> <span class='ocrx_word' id='word_1_52' title='bbox 1466 625 1702 666; x_wconf 81' lang='lat' dir='ltr'>asserimus.</span> <span class='ocrx_word' id='word_1_53' title='bbox 1731 624 1840 666; x_wconf 87' lang='lat' dir='ltr'>Tum</span> 
     </span>
     <span class='ocr_line' id='line_1_8' title="bbox 290 695 1838 754; baseline -0.005 -11"><span class='ocrx_word' id='word_1_54' title='bbox 290 704 387 754; x_wconf 88' lang='lat' dir='ltr'>quia</span> <span class='ocrx_word' id='word_1_55' title='bbox 412 702 630 754; x_wconf 79' lang='lat' dir='ltr'>Scriptura</span> <span class='ocrx_word' id='word_1_56' title='bbox 654 715 723 742; x_wconf 86' lang='lat' dir='ltr'>eos</span> <span class='ocrx_word' id='word_1_57' title='bbox 745 700 897 741; x_wconf 89' lang='lat' dir='ltr'>diserte</span> <span class='ocrx_word' id='word_1_58' title='bbox 923 698 1107 751; x_wconf 73' lang='lat' dir='ltr'>Spiritus</span> <span class='ocrx_word' id='word_1_59' title='bbox 1132 700 1269 749; x_wconf 84' lang='lat' dir='ltr'>vocat,</span> <span class='ocrx_word' id='word_1_60' title='bbox 1295 696 1398 738; x_wconf 90' lang='lat' dir='ltr'>Mat.</span> <span class='ocrx_word' id='word_1_61' title='bbox 1425 697 1461 748; x_wconf 85' lang='lat'>8,</span> <span class='ocrx_word' id='word_1_62' title='bbox 1487 697 1549 738; x_wconf 85' lang='lat'>16.</span> <span class='ocrx_word' id='word_1_63' title='bbox 1573 696 1705 738; x_wconf 91' lang='lat' dir='ltr'>Hebr.</span> <span class='ocrx_word' id='word_1_64' title='bbox 1723 696 1758 747; x_wconf 84' lang='lat'>1,</span> <span class='ocrx_word' id='word_1_65' title='bbox 1774 695 1838 736; x_wconf 86' lang='lat'>14.</span> 
     </span>
     <span class='ocr_line' id='line_1_9' title="bbox 289 768 1840 825; baseline -0.004 -11"><span class='ocrx_word' id='word_1_66' title='bbox 289 774 361 825; x_wconf 86' lang='lat' dir='ltr'>qui</span> <span class='ocrx_word' id='word_1_67' title='bbox 399 787 563 814; x_wconf 83' lang='lat' dir='ltr'>carnem</span> <span class='ocrx_word' id='word_1_68' title='bbox 604 774 645 813; x_wconf 88' lang='lat' dir='ltr'>et</span> <span class='ocrx_word' id='word_1_69' title='bbox 674 785 768 812; x_wconf 86' lang='lat' dir='ltr'>ossa</span> <span class='ocrx_word' id='word_1_70' title='bbox 795 785 880 811; x_wconf 90' lang='lat' dir='ltr'>non</span> <span class='ocrx_word' id='word_1_71' title='bbox 908 770 1080 821; x_wconf 91' lang='lat' dir='ltr'>habent,</span> <span class='ocrx_word' id='word_1_72' title='bbox 1108 784 1186 811; x_wconf 88' lang='grc'>1100</span> <span class='ocrx_word' id='word_1_73' title='bbox 1214 768 1405 811; x_wconf 87' lang='lat' dir='ltr'>sensibus</span> <span class='ocrx_word' id='word_1_74' title='bbox 1435 769 1619 810; x_wconf 80' lang='lat' dir='ltr'>externis</span> <span class='ocrx_word' id='word_1_75' title='bbox 1648 782 1840 821; x_wconf 85' lang='lat' dir='ltr'>compre-</span> 
     </span>
     <span class='ocr_line' id='line_1_10' title="bbox 287 838 1841 896; baseline -0.004 -11"><span class='ocrx_word' id='word_1_76' title='bbox 287 844 413 885; x_wconf 87' lang='lat' dir='ltr'>hendi</span> <span class='ocrx_word' id='word_1_77' title='bbox 450 845 641 896; x_wconf 88' lang='lat' dir='ltr'>possunt,</span> <span class='ocrx_word' id='word_1_78' title='bbox 681 841 777 883; x_wconf 87' lang='lat' dir='ltr'>Luc.</span> <span class='ocrx_word' id='word_1_79' title='bbox 815 841 878 892; x_wconf 81' lang='grc'>24,</span> <span class='ocrx_word' id='word_1_80' title='bbox 917 842 980 882; x_wconf 82' lang='lat'>39.</span> <span class='ocrx_word' id='word_1_81' title='bbox 1019 840 1129 881; x_wconf 88' lang='lat' dir='ltr'>Tum</span> <span class='ocrx_word' id='word_1_82' title='bbox 1165 840 1266 892; x_wconf 87' lang='lat' dir='ltr'>quia</span> <span class='ocrx_word' id='word_1_83' title='bbox 1304 838 1555 892; x_wconf 88' lang='lat' dir='ltr'>corporalia,</span> <span class='ocrx_word' id='word_1_84' title='bbox 1584 838 1737 880; x_wconf 86' lang='lat' dir='ltr'>iisdem</span> <span class='ocrx_word' id='word_1_85' title='bbox 1761 838 1841 879; x_wconf 89' lang='lat' dir='ltr'>im-</span> 
     </span>
     <span class='ocr_line' id='line_1_11' title="bbox 287 909 1841 965; baseline -0.003 -10"><span class='ocrx_word' id='word_1_86' title='bbox 287 914 413 956; x_wconf 84' lang='lat' dir='ltr'>motis</span> <span class='ocrx_word' id='word_1_87' title='bbox 465 916 537 954; x_wconf 89' lang='lat' dir='ltr'>aut</span> <span class='ocrx_word' id='word_1_88' title='bbox 584 912 738 954; x_wconf 80' lang='lat' dir='ltr'>illaesis</span> <span class='ocrx_word' id='word_1_89' title='bbox 781 914 1017 965; x_wconf 86' lang='lat' dir='ltr'>penetrant,</span> <span class='ocrx_word' id='word_1_90' title='bbox 1070 910 1424 964; x_wconf 84' lang='lat' dir='ltr'>quemadmodum</span> <span class='ocrx_word' id='word_1_91' title='bbox 1465 924 1516 951; x_wconf 85' lang='lat' dir='ltr'>ex</span> <span class='ocrx_word' id='word_1_92' title='bbox 1556 909 1841 963; x_wconf 72' lang='grc' dir='ltr'><em>ἕνεργουμένοις</em></span> 
     </span>
     <span class='ocr_line' id='line_1_12' title="bbox 289 981 1842 1038; baseline -0.003 -12"><span class='ocrx_word' id='word_1_93' title='bbox 289 987 477 1038; x_wconf 74' lang='lat' dir='ltr'>apparet,</span> <span class='ocrx_word' id='word_1_94' title='bbox 507 985 609 1025; x_wconf 89' lang='lat' dir='ltr'>item</span> <span class='ocrx_word' id='word_1_95' title='bbox 639 998 688 1025; x_wconf 82' lang='lat' dir='ltr'>ex</span> <span class='ocrx_word' id='word_1_96' title='bbox 716 983 977 1036; x_wconf 85' lang='lat' dir='ltr'>Angelorum</span> <span class='ocrx_word' id='word_1_97' title='bbox 1006 996 1082 1035; x_wconf 91' lang='lat' dir='ltr'>per</span> <span class='ocrx_word' id='word_1_98' title='bbox 1112 981 1250 1024; x_wconf 90' lang='lat' dir='ltr'>coelos</span> <span class='ocrx_word' id='word_1_99' title='bbox 1276 982 1478 1023; x_wconf 87' lang='lat' dir='ltr'>descensu</span> <span class='ocrx_word' id='word_1_100' title='bbox 1504 983 1631 1033; x_wconf 88' lang='lat' dir='ltr'>atque</span> <span class='ocrx_word' id='word_1_101' title='bbox 1655 995 1842 1032; x_wconf 89' lang='lat' dir='ltr'>ascensu,</span> 
     </span>
     <span class='ocr_line' id='line_1_13' title="bbox 290 1052 1840 1108; baseline -0.002 -12"><span class='ocrx_word' id='word_1_102' title='bbox 290 1058 330 1096; x_wconf 89' lang='lat' dir='ltr'>et</span> <span class='ocrx_word' id='word_1_103' title='bbox 370 1070 419 1096; x_wconf 85' lang='lat' dir='ltr'>ex</span> <span class='ocrx_word' id='word_1_104' title='bbox 457 1069 602 1096; x_wconf 87' lang='lat' dir='ltr'>eorum</span> <span class='ocrx_word' id='word_1_105' title='bbox 641 1055 948 1108; x_wconf 87' lang='lat' dir='ltr'>comparitione</span> <span class='ocrx_word' id='word_1_106' title='bbox 985 1053 1028 1095; x_wconf 91' lang='lat' dir='ltr'>in</span> <span class='ocrx_word' id='word_1_107' title='bbox 1067 1053 1239 1095; x_wconf 88' lang='lat' dir='ltr'>aedibus</span> <span class='ocrx_word' id='word_1_108' title='bbox 1280 1056 1354 1094; x_wconf 88' lang='lat' dir='ltr'>aut</span> <span class='ocrx_word' id='word_1_109' title='bbox 1387 1052 1625 1095; x_wconf 82' lang='lat' dir='ltr'>carceribus</span> <span class='ocrx_word' id='word_1_110' title='bbox 1650 1052 1840 1103; x_wconf 74' lang='lat' dir='ltr'>occlusis,</span> 
     </span>
     <span class='ocr_line' id='line_1_14' title="bbox 288 1124 1844 1177; baseline 0 -12"><span class='ocrx_word' id='word_1_111' title='bbox 288 1125 390 1166; x_wconf 89' lang='lat' dir='ltr'>Mat.</span> <span class='ocrx_word' id='word_1_112' title='bbox 433 1126 469 1176; x_wconf 90' lang='grc'>2,</span> <span class='ocrx_word' id='word_1_113' title='bbox 502 1126 561 1166; x_wconf 82' lang='grc'>13.</span> <span class='ocrx_word' id='word_1_114' title='bbox 591 1125 686 1167; x_wconf 87' lang='lat' dir='ltr'>Act.</span> <span class='ocrx_word' id='word_1_115' title='bbox 716 1126 779 1176; x_wconf 82' lang='lat'>12,</span> <span class='ocrx_word' id='word_1_116' title='bbox 807 1126 842 1166; x_wconf 86' lang='lat'>7.</span> <span class='ocrx_word' id='word_1_117' title='bbox 873 1128 950 1167; x_wconf 88' lang='lat' dir='ltr'>etc.</span> <span class='ocrx_word' id='word_1_118' title='bbox 981 1124 1091 1166; x_wconf 87' lang='lat' dir='ltr'>Tum</span> <span class='ocrx_word' id='word_1_119' title='bbox 1121 1124 1301 1177; x_wconf 89' lang='lat' dir='ltr'>denique</span> <span class='ocrx_word' id='word_1_120' title='bbox 1327 1125 1427 1177; x_wconf 87' lang='lat' dir='ltr'>quia</span> <span class='ocrx_word' id='word_1_121' title='bbox 1455 1125 1591 1166; x_wconf 86' lang='lat' dir='ltr'>multa</span> <span class='ocrx_word' id='word_1_122' title='bbox 1620 1124 1844 1165; x_wconf 89' lang='lat' dir='ltr'>daemonia</span> 
     </span>
     <span class='ocr_line' id='line_1_15' title="bbox 287 1195 1844 1250; baseline 0 -14"><span class='ocrx_word' id='word_1_123' title='bbox 287 1211 417 1237; x_wconf 90' lang='lat' dir='ltr'>unum</span> <span class='ocrx_word' id='word_1_124' title='bbox 445 1196 660 1238; x_wconf 87' lang='lat' dir='ltr'>hominem</span> <span class='ocrx_word' id='word_1_125' title='bbox 692 1211 816 1249; x_wconf 80' lang='lat' dir='ltr'>saepe</span> <span class='ocrx_word' id='word_1_126' title='bbox 843 1196 1152 1250; x_wconf 88' lang='lat' dir='ltr'>ingrediuntur,</span> <span class='ocrx_word' id='word_1_127' title='bbox 1184 1195 1288 1238; x_wconf 89' lang='lat' dir='ltr'>Mat.</span> <span class='ocrx_word' id='word_1_128' title='bbox 1314 1196 1377 1248; x_wconf 90' lang='grc'>12,</span> <span class='ocrx_word' id='word_1_129' title='bbox 1405 1196 1470 1237; x_wconf 84' lang='grc'>45.</span> <span class='ocrx_word' id='word_1_130' title='bbox 1499 1196 1586 1238; x_wconf 89' lang='grc'>11110</span> <span class='ocrx_word' id='word_1_131' title='bbox 1613 1198 1655 1237; x_wconf 88' lang='lat' dir='ltr'>et</span> <span class='ocrx_word' id='word_1_132' title='bbox 1675 1195 1844 1249; x_wconf 89' lang='lat' dir='ltr'>integra</span> 
     </span>
     <span class='ocr_line' id='line_1_16' title="bbox 287 1266 695 1320; baseline 0.002 -13"><span class='ocrx_word' id='word_1_133' title='bbox 287 1267 411 1320; x_wconf 87' lang='lat' dir='ltr'>legio,</span> <span class='ocrx_word' id='word_1_134' title='bbox 441 1266 537 1317; x_wconf 82' lang='lat' dir='ltr'>Luc,</span> <span class='ocrx_word' id='word_1_135' title='bbox 567 1268 602 1318; x_wconf 80' lang='lat'>8,</span> <span class='ocrx_word' id='word_1_136' title='bbox 633 1267 695 1308; x_wconf 81' lang='lat'>30.</span> 
     </span>
    </p>

    <p class='ocr_par' dir='ltr' id='par_1_4' title="bbox 286 1338 1848 2178">
     <span class='ocr_line' id='line_1_17' title="bbox 340 1338 1844 1391; baseline 0 -12"><span class='ocrx_word' id='word_1_137' title='bbox 340 1338 390 1379; x_wconf 85' lang='lat' dir='ltr'>X.</span> <span class='ocrx_word' id='word_1_138' title='bbox 427 1338 516 1380; x_wconf 77' lang='lat' dir='ltr'>Nec</span> <span class='ocrx_word' id='word_1_139' title='bbox 559 1354 653 1381; x_wconf 88' lang='lat' dir='ltr'>vero</span> <span class='ocrx_word' id='word_1_140' title='bbox 690 1339 788 1381; x_wconf 90' lang='lat' dir='ltr'>huic</span> <span class='ocrx_word' id='word_1_141' title='bbox 827 1340 1061 1381; x_wconf 86' lang='lat' dir='ltr'>sententiae</span> <span class='ocrx_word' id='word_1_142' title='bbox 1100 1340 1363 1382; x_wconf 88' lang='lat' dir='ltr'>contrarium</span> <span class='ocrx_word' id='word_1_143' title='bbox 1401 1341 1476 1390; x_wconf 85' lang='lat' dir='ltr'>est,</span> <span class='ocrx_word' id='word_1_144' title='bbox 1507 1338 1621 1391; x_wconf 90' lang='lat' dir='ltr'>quod</span> <span class='ocrx_word' id='word_1_145' title='bbox 1649 1353 1844 1380; x_wconf 87' lang='lat' dir='ltr'>nonnun-</span> 
     </span>
     <span class='ocr_line' id='line_1_18' title="bbox 290 1409 1846 1466; baseline -0.001 -15"><span class='ocrx_word' id='word_1_146' title='bbox 290 1424 415 1461; x_wconf 83' lang='lat' dir='ltr'>quam</span> <span class='ocrx_word' id='word_1_147' title='bbox 451 1410 494 1450; x_wconf 91' lang='grc'>111</span> <span class='ocrx_word' id='word_1_148' title='bbox 534 1410 783 1462; x_wconf 74' lang='lat' dir='ltr'>corporibus</span> <span class='ocrx_word' id='word_1_149' title='bbox 821 1410 1017 1453; x_wconf 85' lang='lat' dir='ltr'>humanis</span> <span class='ocrx_word' id='word_1_150' title='bbox 1057 1413 1358 1465; x_wconf 78' lang='lat' dir='ltr'>apparuerunt.</span> <span class='ocrx_word' id='word_1_151' title='bbox 1388 1409 1502 1466; x_wconf 85' lang='lat' dir='ltr'>Nam</span> <span class='ocrx_word' id='word_1_152' title='bbox 1532 1412 1573 1452; x_wconf 88' lang='lat' dir='ltr'>et</span> <span class='ocrx_word' id='word_1_153' title='bbox 1601 1409 1736 1451; x_wconf 87' lang='lat' dir='ltr'>Filius</span> <span class='ocrx_word' id='word_1_154' title='bbox 1764 1409 1846 1451; x_wconf 90' lang='lat' dir='ltr'>Dei</span> 
     </span>
     <span class='ocr_line' id='line_1_19' title="bbox 289 1481 1845 1535; baseline 0.001 -14"><span class='ocrx_word' id='word_1_155' title='bbox 289 1484 385 1522; x_wconf 86' lang='lat' dir='ltr'>ante</span> <span class='ocrx_word' id='word_1_156' title='bbox 420 1482 755 1522; x_wconf 70' lang='lat' dir='ltr'>incarnationem</span> <span class='ocrx_word' id='word_1_157' title='bbox 793 1496 923 1533; x_wconf 83' lang='lat' dir='ltr'>suain,</span> <span class='ocrx_word' id='word_1_158' title='bbox 964 1484 1006 1523; x_wconf 90' lang='lat' dir='ltr'>et</span> <span class='ocrx_word' id='word_1_159' title='bbox 1043 1481 1227 1535; x_wconf 80' lang='lat' dir='ltr'>Spiritus</span> <span class='ocrx_word' id='word_1_160' title='bbox 1265 1481 1446 1524; x_wconf 82' lang='lat' dir='ltr'>Sanctus</span> <span class='ocrx_word' id='word_1_161' title='bbox 1475 1495 1680 1534; x_wconf 90' lang='lat' dir='ltr'>corporea</span> <span class='ocrx_word' id='word_1_162' title='bbox 1705 1481 1845 1534; x_wconf 89' lang='lat' dir='ltr'>specie</span> 
     </span>
     <span class='ocr_line' id='line_1_20' title="bbox 290 1553 1844 1606; baseline -0.001 -13"><span class='ocrx_word' id='word_1_163' title='bbox 290 1553 539 1605; x_wconf 82' lang='lat' dir='ltr'>quandoque</span> <span class='ocrx_word' id='word_1_164' title='bbox 578 1554 788 1606; x_wconf 85' lang='lat' dir='ltr'>apparuit,</span> <span class='ocrx_word' id='word_1_165' title='bbox 819 1568 895 1595; x_wconf 92' lang='grc'>1100</span> <span class='ocrx_word' id='word_1_166' title='bbox 924 1556 1067 1595; x_wconf 89' lang='lat' dir='ltr'>tamen</span> <span class='ocrx_word' id='word_1_167' title='bbox 1094 1553 1192 1595; x_wconf 89' lang='lat' dir='ltr'>inde</span> <span class='ocrx_word' id='word_1_168' title='bbox 1222 1554 1449 1595; x_wconf 88' lang='lat' dir='ltr'>essentiam</span> <span class='ocrx_word' id='word_1_169' title='bbox 1478 1553 1566 1606; x_wconf 83' lang='lat' dir='ltr'>ejus</span> <span class='ocrx_word' id='word_1_170' title='bbox 1596 1566 1844 1606; x_wconf 85' lang='lat' dir='ltr'>corpoream</span> 
     </span>
     <span class='ocr_line' id='line_1_21' title="bbox 289 1624 1844 1679; baseline 0 -14"><span class='ocrx_word' id='word_1_171' title='bbox 289 1639 376 1666; x_wconf 87' lang='lat' dir='ltr'>esse</span> <span class='ocrx_word' id='word_1_172' title='bbox 413 1625 630 1675; x_wconf 82' lang='lat' dir='ltr'>evincitur,</span> <span class='ocrx_word' id='word_1_173' title='bbox 670 1627 710 1666; x_wconf 89' lang='lat' dir='ltr'>et</span> <span class='ocrx_word' id='word_1_174' title='bbox 748 1624 900 1672; x_wconf 80' lang='lat' dir='ltr'>Moses,</span> <span class='ocrx_word' id='word_1_175' title='bbox 931 1624 1034 1666; x_wconf 90' lang='lat' dir='ltr'>Mat.</span> <span class='ocrx_word' id='word_1_176' title='bbox 1071 1626 1130 1667; x_wconf 85' lang='lat'>17.</span> <span class='ocrx_word' id='word_1_177' title='bbox 1161 1628 1336 1667; x_wconf 86' lang='lat' dir='ltr'>externa</span> <span class='ocrx_word' id='word_1_178' title='bbox 1365 1625 1505 1679; x_wconf 89' lang='lat' dir='ltr'>specie</span> <span class='ocrx_word' id='word_1_179' title='bbox 1536 1624 1752 1679; x_wconf 87' lang='lat' dir='ltr'>discipulis</span> <span class='ocrx_word' id='word_1_180' title='bbox 1779 1624 1844 1665; x_wconf 90' lang='lat' dir='ltr'>vi-</span> 
     </span>
     <span class='ocr_line' id='line_1_22' title="bbox 288 1695 1845 1750; baseline 0 -14"><span class='ocrx_word' id='word_1_181' title='bbox 288 1710 357 1736; x_wconf 91' lang='lat' dir='ltr'>sus</span> <span class='ocrx_word' id='word_1_182' title='bbox 393 1695 486 1745; x_wconf 83' lang='lat' dir='ltr'>fuit,</span> <span class='ocrx_word' id='word_1_183' title='bbox 525 1710 602 1736; x_wconf 88' lang='grc'>1100</span> <span class='ocrx_word' id='word_1_184' title='bbox 637 1695 731 1737; x_wconf 91' lang='lat' dir='ltr'>ideo</span> <span class='ocrx_word' id='word_1_185' title='bbox 771 1698 914 1737; x_wconf 86' lang='lat' dir='ltr'>tamen</span> <span class='ocrx_word' id='word_1_186' title='bbox 953 1698 1114 1738; x_wconf 83' lang='lat' dir='ltr'>animas</span> <span class='ocrx_word' id='word_1_187' title='bbox 1144 1711 1371 1750; x_wconf 84' lang='lat' dir='ltr'>corporeas</span> <span class='ocrx_word' id='word_1_188' title='bbox 1401 1711 1491 1738; x_wconf 88' lang='lat' dir='ltr'>esse</span> <span class='ocrx_word' id='word_1_189' title='bbox 1521 1695 1845 1738; x_wconf 86' lang='lat' dir='ltr'>concedendum.</span> 
     </span>
     <span class='ocr_line' id='line_1_23' title="bbox 289 1766 1847 1821; baseline 0.001 -15"><span class='ocrx_word' id='word_1_190' title='bbox 289 1766 397 1814; x_wconf 78' lang='lat' dir='ltr'>Quia</span> <span class='ocrx_word' id='word_1_191' title='bbox 434 1766 500 1807; x_wconf 89' lang='lat' dir='ltr'>vel</span> <span class='ocrx_word' id='word_1_192' title='bbox 529 1781 707 1820; x_wconf 88' lang='lat' dir='ltr'>corpora</span> <span class='ocrx_word' id='word_1_193' title='bbox 734 1766 806 1807; x_wconf 88' lang='lat' dir='ltr'>illa</span> <span class='ocrx_word' id='word_1_194' title='bbox 834 1767 877 1808; x_wconf 90' lang='grc'>111</span> <span class='ocrx_word' id='word_1_195' title='bbox 906 1768 1091 1820; x_wconf 85' lang='lat' dir='ltr'>speciem</span> <span class='ocrx_word' id='word_1_196' title='bbox 1118 1768 1224 1809; x_wconf 86' lang='lat' dir='ltr'>talia</span> <span class='ocrx_word' id='word_1_197' title='bbox 1253 1783 1343 1810; x_wconf 88' lang='lat' dir='ltr'>esse</span> <span class='ocrx_word' id='word_1_198' title='bbox 1371 1770 1619 1821; x_wconf 87' lang='lat' dir='ltr'>potuerunt,</span> <span class='ocrx_word' id='word_1_199' title='bbox 1648 1767 1775 1809; x_wconf 87' lang='lat' dir='ltr'>sicuti</span> <span class='ocrx_word' id='word_1_200' title='bbox 1801 1767 1847 1808; x_wconf 90' lang='lat' dir='ltr'>in</span> 
     </span>
     <span class='ocr_line' id='line_1_24' title="bbox 288 1838 1848 1893; baseline 0.001 -16"><span class='ocrx_word' id='word_1_201' title='bbox 288 1838 461 1878; x_wconf 84' lang='lat' dir='ltr'>somniis</span> <span class='ocrx_word' id='word_1_202' title='bbox 500 1840 572 1878; x_wconf 86' lang='lat' dir='ltr'>aut</span> <span class='ocrx_word' id='word_1_203' title='bbox 610 1838 842 1879; x_wconf 87' lang='lat' dir='ltr'>visionibus</span> <span class='ocrx_word' id='word_1_204' title='bbox 882 1840 1094 1881; x_wconf 83' lang='lat' dir='ltr'>ecstaticis</span> <span class='ocrx_word' id='word_1_205' title='bbox 1133 1840 1328 1893; x_wconf 86' lang='lat' dir='ltr'>contigit,</span> <span class='ocrx_word' id='word_1_206' title='bbox 1368 1839 1435 1881; x_wconf 92' lang='lat' dir='ltr'>vel</span> <span class='ocrx_word' id='word_1_207' title='bbox 1473 1840 1508 1881; x_wconf 90' lang='lat' dir='ltr'>si</span> <span class='ocrx_word' id='word_1_208' title='bbox 1537 1854 1638 1881; x_wconf 88' lang='lat' dir='ltr'>vera</span> <span class='ocrx_word' id='word_1_209' title='bbox 1667 1852 1848 1892; x_wconf 88' lang='lat' dir='ltr'>corpora</span> 
     </span>
     <span class='ocr_line' id='line_1_25' title="bbox 288 1908 1846 1964; baseline 0.001 -16"><span class='ocrx_word' id='word_1_210' title='bbox 288 1908 469 1959; x_wconf 84' lang='lat' dir='ltr'>fuerunt,</span> <span class='ocrx_word' id='word_1_211' title='bbox 495 1909 607 1960; x_wconf 87' lang='lat' dir='ltr'>quod</span> <span class='ocrx_word' id='word_1_212' title='bbox 632 1909 681 1950; x_wconf 89' lang='lat' dir='ltr'>de</span> <span class='ocrx_word' id='word_1_213' title='bbox 705 1910 919 1951; x_wconf 88' lang='lat' dir='ltr'>nonnullis</span> <span class='ocrx_word' id='word_1_214' title='bbox 935 1910 1278 1964; x_wconf 88' lang='lat' dir='ltr'>apparitionibus</span> <span class='ocrx_word' id='word_1_215' title='bbox 1294 1911 1467 1952; x_wconf 88' lang='lat' dir='ltr'>omnino</span> <span class='ocrx_word' id='word_1_216' title='bbox 1484 1910 1755 1952; x_wconf 88' lang='lat' dir='ltr'>statuendum</span> <span class='ocrx_word' id='word_1_217' title='bbox 1771 1911 1846 1961; x_wconf 87' lang='lat' dir='ltr'>est,</span> 
     </span>
     <span class='ocr_line' id='line_1_26' title="bbox 289 1980 1846 2035; baseline 0.001 -15"><span class='ocrx_word' id='word_1_218' title='bbox 289 1994 336 2020; x_wconf 88' lang='lat' dir='ltr'>ea</span> <span class='ocrx_word' id='word_1_219' title='bbox 366 1980 417 2020; x_wconf 86' lang='lat' dir='ltr'>ad</span> <span class='ocrx_word' id='word_1_220' title='bbox 447 1982 614 2033; x_wconf 85' lang='lat' dir='ltr'>tempus</span> <span class='ocrx_word' id='word_1_221' title='bbox 644 1980 785 2022; x_wconf 86' lang='lat' dir='ltr'>divina</span> <span class='ocrx_word' id='word_1_222' title='bbox 813 1982 971 2023; x_wconf 90' lang='lat' dir='ltr'>virtute</span> <span class='ocrx_word' id='word_1_223' title='bbox 999 1982 1052 2023; x_wconf 89' lang='lat' dir='ltr'>iis</span> <span class='ocrx_word' id='word_1_224' title='bbox 1083 1982 1281 2034; x_wconf 88' lang='lat' dir='ltr'>adjuncta</span> <span class='ocrx_word' id='word_1_225' title='bbox 1311 1984 1421 2034; x_wconf 86' lang='lat' dir='ltr'>sunt,</span> <span class='ocrx_word' id='word_1_226' title='bbox 1451 1996 1499 2023; x_wconf 90' lang='lat' dir='ltr'>ac</span> <span class='ocrx_word' id='word_1_227' title='bbox 1528 1983 1680 2035; x_wconf 86' lang='lat' dir='ltr'>postea</span> <span class='ocrx_word' id='word_1_228' title='bbox 1711 1981 1846 2022; x_wconf 88' lang='lat' dir='ltr'>denuo</span> 
     </span>
     <span class='ocr_line' id='line_1_27' title="bbox 287 2050 1848 2106; baseline 0.001 -16"><span class='ocrx_word' id='word_1_229' title='bbox 287 2050 330 2090; x_wconf 89' lang='lat' dir='ltr'>in</span> <span class='ocrx_word' id='word_1_230' title='bbox 369 2065 442 2091; x_wconf 84' lang='lat' dir='ltr'>sua</span> <span class='ocrx_word' id='word_1_231' title='bbox 479 2051 690 2104; x_wconf 89' lang='lat' dir='ltr'>principia</span> <span class='ocrx_word' id='word_1_232' title='bbox 728 2052 926 2104; x_wconf 88' lang='lat' dir='ltr'>resoluta,</span> <span class='ocrx_word' id='word_1_233' title='bbox 967 2053 1323 2106; x_wconf 88' lang='lat' dir='ltr'>quemadmodum</span> <span class='ocrx_word' id='word_1_234' title='bbox 1363 2055 1405 2094; x_wconf 89' lang='lat' dir='ltr'>et</span> <span class='ocrx_word' id='word_1_235' title='bbox 1442 2052 1709 2104; x_wconf 88' lang='lat' dir='ltr'>vestimenta,</span> <span class='ocrx_word' id='word_1_236' title='bbox 1741 2066 1848 2104; x_wconf 91' lang='lat' dir='ltr'>quae</span> 
     </span>
     <span class='ocr_line' id='line_1_28' title="bbox 286 2120 1847 2178; baseline 0.003 -18"><span class='ocrx_word' id='word_1_237' title='bbox 286 2121 330 2160; x_wconf 90' lang='lat' dir='ltr'>in</span> <span class='ocrx_word' id='word_1_238' title='bbox 359 2120 438 2162; x_wconf 86' lang='lat' dir='ltr'>hac</span> <span class='ocrx_word' id='word_1_239' title='bbox 469 2136 543 2162; x_wconf 91' lang='lat' dir='ltr'>sua</span> <span class='ocrx_word' id='word_1_240' title='bbox 573 2123 840 2165; x_wconf 82' lang='lat' dir='ltr'>oeconomica</span> <span class='ocrx_word' id='word_1_241' title='bbox 870 2138 964 2165; x_wconf 85' lang='lat' dir='ltr'>eum</span> <span class='ocrx_word' id='word_1_242' title='bbox 991 2124 1238 2166; x_wconf 87' lang='lat' dir='ltr'>hominibus</span> <span class='ocrx_word' id='word_1_243' title='bbox 1267 2125 1587 2167; x_wconf 88' lang='lat' dir='ltr'>conversatione</span> <span class='ocrx_word' id='word_1_244' title='bbox 1613 2126 1847 2178; x_wconf 85' lang='lat' dir='ltr'>gesserunt.</span> 
     </span>
    </p>

    <p class='ocr_par' dir='ltr' id='par_1_5' title="bbox 288 2190 1851 3034">
     <span class='ocr_line' id='line_1_29' title="bbox 341 2190 1849 2248; baseline 0.003 -16"><span class='ocrx_word' id='word_1_245' title='bbox 341 2190 411 2232; x_wconf 86' lang='lat' dir='ltr'>XI.</span> <span class='ocrx_word' id='word_1_246' title='bbox 442 2192 506 2232; x_wconf 84' lang='lat' dir='ltr'>Ex</span> <span class='ocrx_word' id='word_1_247' title='bbox 535 2192 614 2234; x_wconf 87' lang='lat' dir='ltr'>hac</span> <span class='ocrx_word' id='word_1_248' title='bbox 643 2208 788 2235; x_wconf 86' lang='lat' dir='ltr'>eorum</span> <span class='ocrx_word' id='word_1_249' title='bbox 817 2194 1030 2247; x_wconf 85' lang='lat' dir='ltr'>spirituali</span> <span class='ocrx_word' id='word_1_250' title='bbox 1059 2197 1214 2238; x_wconf 88' lang='lat' dir='ltr'>natura</span> <span class='ocrx_word' id='word_1_251' title='bbox 1242 2195 1436 2248; x_wconf 87' lang='lat' dir='ltr'>sequitur</span> <span class='ocrx_word' id='word_1_252' title='bbox 1463 2196 1593 2239; x_wconf 87' lang='lat' dir='ltr'>etiam</span> <span class='ocrx_word' id='word_1_253' title='bbox 1622 2195 1849 2237; x_wconf 86' lang='lat' dir='ltr'>eorundem</span> 
     </span>
     <span class='ocr_line' id='line_1_30' title="bbox 288 2263 1848 2321; baseline 0.003 -18"><span class='ocrx_word' id='word_1_254' title='bbox 288 2263 595 2306; x_wconf 85' lang='lat' dir='ltr'>immortalitas.</span> <span class='ocrx_word' id='word_1_255' title='bbox 626 2264 739 2306; x_wconf 89' lang='lat' dir='ltr'>Nam</span> <span class='ocrx_word' id='word_1_256' title='bbox 770 2266 849 2307; x_wconf 88' lang='lat' dir='ltr'>etsi</span> <span class='ocrx_word' id='word_1_257' title='bbox 880 2266 1025 2308; x_wconf 85' lang='lat' dir='ltr'>eadem</span> <span class='ocrx_word' id='word_1_258' title='bbox 1052 2267 1259 2320; x_wconf 87' lang='lat' dir='ltr'>potentia,</span> <span class='ocrx_word' id='word_1_259' title='bbox 1291 2281 1375 2319; x_wconf 84' lang='lat' dir='ltr'>qua</span> <span class='ocrx_word' id='word_1_260' title='bbox 1406 2281 1457 2308; x_wconf 86' lang='lat' dir='ltr'>ex</span> <span class='ocrx_word' id='word_1_261' title='bbox 1484 2267 1619 2309; x_wconf 89' lang='lat' dir='ltr'>nihilo</span> <span class='ocrx_word' id='word_1_262' title='bbox 1651 2266 1848 2321; x_wconf 82' lang='lat' dir='ltr'>producti</span> 
     </span>
     <span class='ocr_line' id='line_1_31' title="bbox 290 2335 1849 2392; baseline 0.004 -18"><span class='ocrx_word' id='word_1_263' title='bbox 290 2337 397 2384; x_wconf 84' lang='lat' dir='ltr'>sunt,</span> <span class='ocrx_word' id='word_1_264' title='bbox 436 2335 479 2375; x_wconf 89' lang='lat' dir='ltr'>in</span> <span class='ocrx_word' id='word_1_265' title='bbox 515 2336 697 2378; x_wconf 87' lang='lat' dir='ltr'>nihilum</span> <span class='ocrx_word' id='word_1_266' title='bbox 735 2352 903 2389; x_wconf 88' lang='lat' dir='ltr'>quoque</span> <span class='ocrx_word' id='word_1_267' title='bbox 935 2338 1072 2391; x_wconf 84' lang='lat' dir='ltr'>redigi</span> <span class='ocrx_word' id='word_1_268' title='bbox 1101 2339 1281 2392; x_wconf 87' lang='lat' dir='ltr'>possint,</span> <span class='ocrx_word' id='word_1_269' title='bbox 1313 2353 1409 2380; x_wconf 90' lang='lat' dir='ltr'>cum</span> <span class='ocrx_word' id='word_1_270' title='bbox 1437 2341 1580 2380; x_wconf 87' lang='lat' dir='ltr'>tamen</span> <span class='ocrx_word' id='word_1_271' title='bbox 1609 2353 1755 2380; x_wconf 90' lang='lat' dir='ltr'>eorum</span> <span class='ocrx_word' id='word_1_272' title='bbox 1784 2352 1849 2380; x_wconf 88' lang='lat' dir='ltr'>es-</span> 
     </span>
     <span class='ocr_line' id='line_1_32' title="bbox 289 2406 1849 2463; baseline 0.004 -18"><span class='ocrx_word' id='word_1_273' title='bbox 289 2406 423 2446; x_wconf 84' lang='lat' dir='ltr'>sentia</span> <span class='ocrx_word' id='word_1_274' title='bbox 453 2421 502 2447; x_wconf 86' lang='lat' dir='ltr'>ex</span> <span class='ocrx_word' id='word_1_275' title='bbox 531 2407 704 2449; x_wconf 88' lang='lat' dir='ltr'>diversis</span> <span class='ocrx_word' id='word_1_276' title='bbox 732 2408 953 2462; x_wconf 84' lang='lat' dir='ltr'>principiis</span> <span class='ocrx_word' id='word_1_277' title='bbox 982 2410 1161 2451; x_wconf 86' lang='lat' dir='ltr'>internis</span> <span class='ocrx_word' id='word_1_278' title='bbox 1192 2410 1431 2463; x_wconf 87' lang='lat' dir='ltr'>composita</span> <span class='ocrx_word' id='word_1_279' title='bbox 1456 2425 1542 2452; x_wconf 89' lang='lat' dir='ltr'>non</span> <span class='ocrx_word' id='word_1_280' title='bbox 1568 2410 1634 2461; x_wconf 89' lang='lat' dir='ltr'>sit,</span> <span class='ocrx_word' id='word_1_281' title='bbox 1659 2425 1736 2463; x_wconf 90' lang='lat' dir='ltr'>per</span> <span class='ocrx_word' id='word_1_282' title='bbox 1760 2424 1849 2451; x_wconf 87' lang='lat' dir='ltr'>sese</span> 
     </span>
     <span class='ocr_line' id='line_1_33' title="bbox 288 2476 1849 2534; baseline 0.004 -18"><span class='ocrx_word' id='word_1_283' title='bbox 288 2476 369 2528; x_wconf 88' lang='lat' dir='ltr'>ipsi</span> <span class='ocrx_word' id='word_1_284' title='bbox 398 2477 441 2517; x_wconf 88' lang='lat' dir='ltr'>in</span> <span class='ocrx_word' id='word_1_285' title='bbox 470 2477 552 2519; x_wconf 89' lang='lat' dir='ltr'>alia</span> <span class='ocrx_word' id='word_1_286' title='bbox 581 2479 791 2532; x_wconf 85' lang='lat' dir='ltr'>principia</span> <span class='ocrx_word' id='word_1_287' title='bbox 820 2480 974 2522; x_wconf 91' lang='lat' dir='ltr'>resolvi</span> <span class='ocrx_word' id='word_1_288' title='bbox 1002 2496 1088 2522; x_wconf 92' lang='grc'>11011</span> <span class='ocrx_word' id='word_1_289' title='bbox 1117 2484 1309 2534; x_wconf 86' lang='lat' dir='ltr'>possunt,</span> <span class='ocrx_word' id='word_1_290' title='bbox 1338 2496 1416 2524; x_wconf 86' lang='grc'>1100</span> <span class='ocrx_word' id='word_1_291' title='bbox 1447 2496 1497 2523; x_wconf 85' lang='lat' dir='ltr'>ex</span> <span class='ocrx_word' id='word_1_292' title='bbox 1522 2480 1604 2522; x_wconf 93' lang='lat' dir='ltr'>Dei</span> <span class='ocrx_word' id='word_1_293' title='bbox 1630 2481 1849 2523; x_wconf 88' lang='lat' dir='ltr'>voluntate</span> 
     </span>
     <span class='ocr_line' id='line_1_34' title="bbox 288 2550 1849 2606; baseline 0.004 -20"><span class='ocrx_word' id='word_1_294' title='bbox 288 2561 474 2598; x_wconf 84' lang='lat' dir='ltr'>unquam</span> <span class='ocrx_word' id='word_1_295' title='bbox 511 2550 787 2603; x_wconf 87' lang='lat' dir='ltr'>resolventur,</span> <span class='ocrx_word' id='word_1_296' title='bbox 827 2555 1054 2606; x_wconf 87' lang='lat' dir='ltr'>propterea</span> <span class='ocrx_word' id='word_1_297' title='bbox 1083 2552 1290 2605; x_wconf 81' lang='lat' dir='ltr'>Christus,</span> <span class='ocrx_word' id='word_1_298' title='bbox 1321 2552 1419 2595; x_wconf 88' lang='lat' dir='ltr'>Luc.</span> <span class='ocrx_word' id='word_1_299' title='bbox 1450 2554 1512 2605; x_wconf 84' lang='lat'>20,</span> <span class='ocrx_word' id='word_1_300' title='bbox 1550 2554 1614 2595; x_wconf 84' lang='lat'>36.</span> <span class='ocrx_word' id='word_1_301' title='bbox 1653 2567 1724 2594; x_wconf 88' lang='lat' dir='ltr'>eos</span> <span class='ocrx_word' id='word_1_302' title='bbox 1761 2552 1849 2605; x_wconf 89' lang='lat' dir='ltr'>qui</span> 
     </span>
     <span class='ocr_line' id='line_1_35' title="bbox 290 2619 1848 2678; baseline 0.004 -21"><span class='ocrx_word' id='word_1_303' title='bbox 290 2619 440 2671; x_wconf 80' lang='lat' dir='ltr'>digni</span> <span class='ocrx_word' id='word_1_304' title='bbox 482 2619 663 2663; x_wconf 87' lang='lat' dir='ltr'>habiti</span> <span class='ocrx_word' id='word_1_305' title='bbox 706 2623 919 2665; x_wconf 85' lang='lat' dir='ltr'>fuerint</span> <span class='ocrx_word' id='word_1_306' title='bbox 960 2624 1149 2667; x_wconf 83' lang='lat' dir='ltr'>futuro</span> <span class='ocrx_word' id='word_1_307' title='bbox 1193 2625 1403 2678; x_wconf 82' lang='lat' dir='ltr'>seculo,</span> <span class='ocrx_word' id='word_1_308' title='bbox 1438 2626 1576 2667; x_wconf 91' lang='lat' dir='ltr'>mori</span> <span class='ocrx_word' id='word_1_309' title='bbox 1613 2623 1848 2677; x_wconf 85' lang='lat' dir='ltr'>amplius</span> 
     </span>
     <span class='ocr_line' id='line_1_36' title="bbox 290 2695 1850 2750; baseline 0.004 -21"><span class='ocrx_word' id='word_1_310' title='bbox 290 2704 388 2730; x_wconf 88' lang='lat' dir='ltr'>non</span> <span class='ocrx_word' id='word_1_311' title='bbox 426 2706 585 2743; x_wconf 88' lang='lat' dir='ltr'>posse</span> <span class='ocrx_word' id='word_1_312' title='bbox 624 2695 785 2746; x_wconf 81' lang='lat' dir='ltr'>asserit,</span> <span class='ocrx_word' id='word_1_313' title='bbox 825 2696 924 2747; x_wconf 84' lang='lat' dir='ltr'>quia</span> <span class='ocrx_word' id='word_1_314' title='bbox 962 2696 1191 2748; x_wconf 68' lang='grc' dir='ltr'>ἰσάγγελοι,</span> <span class='ocrx_word' id='word_1_315' title='bbox 1230 2697 1273 2738; x_wconf 89' lang='lat' dir='ltr'>id</span> <span class='ocrx_word' id='word_1_316' title='bbox 1303 2700 1379 2749; x_wconf 85' lang='lat' dir='ltr'>est,</span> <span class='ocrx_word' id='word_1_317' title='bbox 1411 2696 1573 2750; x_wconf 86' lang='lat' dir='ltr'>angelis</span> <span class='ocrx_word' id='word_1_318' title='bbox 1601 2709 1726 2749; x_wconf 90' lang='lat' dir='ltr'>pares</span> <span class='ocrx_word' id='word_1_319' title='bbox 1752 2696 1850 2736; x_wconf 85' lang='lat' dir='ltr'>sunt</span> 
     </span>
     <span class='ocr_line' id='line_1_37' title="bbox 290 2760 1851 2821; baseline 0.005 -22"><span class='ocrx_word' id='word_1_320' title='bbox 290 2760 440 2810; x_wconf 83' lang='lat' dir='ltr'>futuri3</span> <span class='ocrx_word' id='word_1_321' title='bbox 466 2762 565 2803; x_wconf 86' lang='lat' dir='ltr'>mali</span> <span class='ocrx_word' id='word_1_322' title='bbox 590 2778 688 2805; x_wconf 84' lang='lat' dir='ltr'>vero</span> <span class='ocrx_word' id='word_1_323' title='bbox 714 2765 883 2819; x_wconf 85' lang='lat' dir='ltr'>Angeli,</span> <span class='ocrx_word' id='word_1_324' title='bbox 909 2767 989 2808; x_wconf 79' lang='lat' dir='ltr'>etsi</span> <span class='ocrx_word' id='word_1_325' title='bbox 1014 2768 1227 2821; x_wconf 88' lang='lat' dir='ltr'>spirituali</span> <span class='ocrx_word' id='word_1_326' title='bbox 1249 2771 1388 2810; x_wconf 73' lang='lat' dir='ltr'>morte</span> <span class='ocrx_word' id='word_1_327' title='bbox 1411 2767 1656 2821; x_wconf 83' lang='lat' dir='ltr'>puniantur,</span> <span class='ocrx_word' id='word_1_328' title='bbox 1677 2769 1851 2808; x_wconf 88' lang='lat' dir='ltr'>aeter-</span> 
     </span>
     <span class='ocr_line' id='line_1_38' title="bbox 290 2831 1850 2892; baseline 0.006 -23"><span class='ocrx_word' id='word_1_329' title='bbox 290 2831 372 2871; x_wconf 90' lang='lat' dir='ltr'>nis</span> <span class='ocrx_word' id='word_1_330' title='bbox 401 2833 541 2873; x_wconf 82' lang='lat' dir='ltr'>tamen</span> <span class='ocrx_word' id='word_1_331' title='bbox 566 2835 805 2879; x_wconf 88' lang='lat' dir='ltr'>vinculis</span> <span class='ocrx_word' id='word_1_332' title='bbox 831 2837 926 2878; x_wconf 86' lang='lat' dir='ltr'>sub</span> <span class='ocrx_word' id='word_1_333' title='bbox 953 2838 1193 2892; x_wconf 86' lang='lat' dir='ltr'>caligine</span> <span class='ocrx_word' id='word_1_334' title='bbox 1220 2839 1616 2881; x_wconf 86' lang='lat' dir='ltr'>custodiuntur</span> <span class='ocrx_word' id='word_1_335' title='bbox 1638 2832 1695 2879; x_wconf 81' lang='lat' dir='ltr'>in</span> <span class='ocrx_word' id='word_1_336' title='bbox 1716 2837 1850 2879; x_wconf 88' lang='lat' dir='ltr'>diem</span> 
     </span>
     <span class='ocr_line' id='line_1_39' title="bbox 288 2902 1850 2964; baseline 0.005 -23"><span class='ocrx_word' id='word_1_337' title='bbox 288 2902 506 2954; x_wconf 83' lang='lat' dir='ltr'>judicii,</span> <span class='ocrx_word' id='word_1_338' title='bbox 534 2903 629 2946; x_wconf 82' lang='lat' dir='ltr'>Jud.</span> <span class='ocrx_word' id='word_1_339' title='bbox 654 2921 758 2948; x_wconf 87' lang='lat' dir='ltr'>vers.</span> <span class='ocrx_word' id='word_1_340' title='bbox 783 2909 818 2949; x_wconf 82' lang='grc'>6.</span> <span class='ocrx_word' id='word_1_341' title='bbox 845 2912 887 2950; x_wconf 90' lang='lat' dir='ltr'>et</span> <span class='ocrx_word' id='word_1_342' title='bbox 908 2911 1008 2962; x_wconf 89' lang='lat' dir='ltr'>post</span> <span class='ocrx_word' id='word_1_343' title='bbox 1034 2912 1269 2952; x_wconf 85' lang='lat' dir='ltr'>extremum</span> <span class='ocrx_word' id='word_1_344' title='bbox 1289 2911 1497 2964; x_wconf 83' lang='lat' dir='ltr'>judicium</span> <span class='ocrx_word' id='word_1_345' title='bbox 1520 2909 1670 2951; x_wconf 90' lang='lat' dir='ltr'>iisdem</span> <span class='ocrx_word' id='word_1_346' title='bbox 1685 2910 1850 2950; x_wconf 89' lang='lat' dir='ltr'>aeter-</span> 
     </span>
     <span class='ocr_line' id='line_1_40' title="bbox 290 2976 1849 3034; baseline 0.006 -23"><span class='ocrx_word' id='word_1_347' title='bbox 290 2987 380 3012; x_wconf 81' lang='lat' dir='ltr'>nus</span> <span class='ocrx_word' id='word_1_348' title='bbox 407 2988 574 3025; x_wconf 84' lang='lat' dir='ltr'>quoque</span> <span class='ocrx_word' id='word_1_349' title='bbox 598 2976 740 3029; x_wconf 84' lang='lat' dir='ltr'>ignis</span> <span class='ocrx_word' id='word_1_350' title='bbox 764 2982 978 3031; x_wconf 83' lang='lat' dir='ltr'>paratus</span> <span class='ocrx_word' id='word_1_351' title='bbox 1004 2983 1094 3032; x_wconf 87' lang='lat' dir='ltr'>est,</span> <span class='ocrx_word' id='word_1_352' title='bbox 1115 2984 1163 3023; x_wconf 88' lang='lat' dir='ltr'>ut</span> <span class='ocrx_word' id='word_1_353' title='bbox 1174 2981 1369 3025; x_wconf 77' lang='lat' dir='ltr'>Christus</span> <span class='ocrx_word' id='word_1_354' title='bbox 1379 2981 1582 3034; x_wconf 88' lang='lat' dir='ltr'>loquitur,</span> <span class='ocrx_word' id='word_1_355' title='bbox 1594 2979 1698 3022; x_wconf 85' lang='lat' dir='ltr'>Mat.</span> <span class='ocrx_word' id='word_1_356' title='bbox 1711 2980 1774 3031; x_wconf 82' lang='lat'>25,</span> <span class='ocrx_word' id='word_1_357' title='bbox 1784 2980 1849 3021; x_wconf 87' lang='lat'>41.</span> 
     </span>
    </p>
   </div>
  </div>
 </body>
</html>
