1931 3224
225 166 276 206 60
819 157 1060 199 DISPUTATlo
1087 151 1161 194 VI.

224 288 336 339 facit,
375 289 421 327 ut
459 288 522 327 est
561 298 711 338 corpus
740 296 816 336 pro
845 283 1036 332 tempore
1066 276 1341 329 assumptum,
1371 287 1520 324 sermo,
1550 285 1646 323 vox,
1675 285 1768 312 ver-

224 358 323 399 bum
359 357 402 397 in
440 360 533 397 aere
572 370 596 397 a
630 369 673 395 se
713 352 987 395 efformatum.
1028 347 1143 396 Quae
1182 345 1322 387 omnia
1351 341 1687 396 ἀνθρωποποιθῶς
1718 342 1768 383 de

225 427 314 468 Deo
352 427 557 477 dicuntur,
589 427 629 467 et
662 423 889 475 θεσπρεπῶς
921 421 1018 460 sunt
1042 416 1330 470 intelligenda,
1355 417 1397 456 et
1413 414 1465 456 ad
1481 413 1768 468 proprietates

226 497 577 548 efficientiamque
607 495 790 536 divinam
819 489 1137 544 significandam
1165 486 1384 529 referenda
1412 487 1521 526 sunt.

277 567 422 609 XLIII.
452 567 500 608 In
528 567 619 607 istis
648 579 775 619 porro
806 562 1000 604 omnibus
1030 559 1182 602 divinis
1211 557 1445 599 Attributis
1470 555 1666 598 consistit
1689 553 1771 596 Dei

225 638 519 688 Perfectio,
560 639 606 677 ut
642 637 685 677 in
716 649 798 688 quo
828 633 967 675 nullus
997 634 1060 674 est
1093 630 1300 679 defectus3
1339 626 1691 670 Excellentia
1729 627 1771 667 et

224 708 574 764 praestantia
615 721 739 760 super
783 705 935 756 omnia,
979 705 1027 744 ut
1071 702 1137 744 cui
1178 701 1287 742 nihil
1317 702 1379 750 est
1407 713 1486 752 par
1514 698 1582 740 vel
1611 697 1769 747 simile3

226 780 406 822 Gloria
442 779 508 820 vel
545 777 826 830 Majestas,
866 790 960 816 cum
998 774 1175 824 interna,
1214 772 1259 813 in
1295 769 1633 825 proprietatibus
1672 769 1770 820 suis,

226 866 307 904 qua
334 851 377 891 in
405 864 447 891 se
476 849 685 902 gloriosus
714 849 789 899 est,
816 846 955 887 Esai.
984 845 1047 896 48,
1076 844 1137 885 11.
1166 846 1258 885 tum
1282 844 1456 884 externa
1480 841 1525 882 in
1548 840 1642 882 luce
1656 841 1772 882 inac-

226 921 420 971 cessibili,
456 919 616 961 Exod.
646 919 708 970 33,
741 917 802 959 18.
833 917 894 957 22.
925 917 945 957 1
977 915 1102 957 Tim.
1132 915 1169 966 6,
1199 914 1261 955 16.
1293 915 1420 965 atque
1448 911 1772 965 Beatitudo,

226 1008 308 1046 qua
347 990 504 1033 nullius
544 990 724 1043 indigus,
769 990 810 1030 et
852 987 1040 1029 omnium
1080 986 1290 1028 bonorum
1333 984 1688 1038 complementum
1731 999 1774 1026 se

224 1065 316 1118 ipso
353 1062 518 1113 fruitur,
557 1063 597 1103 et
633 1061 677 1102 in
715 1075 758 1101 se
795 1058 1036 1111 acquiescit,
1077 1057 1098 1098 1
1139 1056 1262 1098 Tim.
1303 1056 1339 1107 6,
1379 1055 1441 1097 15.
1471 1054 1585 1096 Act.
1617 1056 1679 1108 17,
1709 1055 1773 1097 25.

224 1135 401 1186 ideoque
429 1133 550 1174 unice
578 1130 877 1185 suscipiendus,
908 1128 1225 1179 benedicendus,
1250 1126 1534 1178 honorandus,
1560 1126 1773 1179 colendus,

226 1205 346 1258 eique
395 1204 474 1246 soli
519 1203 793 1254 serviendum,
840 1201 1087 1253 adorandus,
1141 1199 1388 1251 laudandus,
1430 1198 1690 1240 invocandus
1733 1201 1776 1240 et

225 1276 363 1318 verbis
407 1275 614 1328 factisque
657 1272 955 1327 glorificandus
999 1274 1073 1324 est,
1117 1271 1256 1313 Rom.
1301 1271 1338 1322 1,
1381 1270 1444 1311 21.
1489 1269 1589 1311 Tit.
1631 1270 1668 1321 1,
1712 1269 1774 1311 16.

224 1347 367 1400 Atque
394 1348 430 1389 is
459 1347 622 1388 divinae
651 1345 905 1399 cognitionis
932 1344 1028 1386 finis
1057 1346 1099 1385 et
1128 1358 1228 1385 usus
1259 1345 1333 1384 est.

278 1418 425 1460 XLIV.
461 1418 719 1471 Repugnant
755 1416 854 1458 huic
892 1416 1119 1467 doctrinae,
1157 1414 1496 1466 Atlieismus,
1526 1414 1570 1455 id
1599 1416 1673 1466 est,
1702 1428 1776 1455 ne-

228 1490 344 1544 gatio
382 1489 516 1531 omnis
547 1488 648 1538 Dei3
684 1488 882 1536 wonuee'z'kx,
906 1486 1205 1529 multitudo
1235 1485 1487 1538 Deorum,
1518 1486 1605 1528 sive
1633 1485 1776 1539 plures

227 1560 307 1602 Dei
333 1574 506 1614 prorsus
535 1559 687 1601 factitii
716 1561 967 1611 statuantur,
992 1561 1041 1600 ut
1064 1560 1211 1612 gentes
1235 1558 1460 1608 faciebant,
1489 1572 1593 1610 quas
1616 1556 1776 1599 Paulus

229 1630 374 1677 ἀθέους
409 1633 544 1681 vocat,
582 1630 709 1684 Eph.
740 1632 776 1682 2,
807 1631 869 1672 12.
899 1629 986 1672 sive
1015 1644 1114 1671 vero
1145 1629 1236 1671 Deo
1266 1629 1362 1671 falsi
1391 1629 1699 1682 adjungantur,
1729 1630 1777 1670 ut

226 1700 461 1750 Israelitae3
500 1700 833 1743 Idolomania
871 1700 1075 1754 gentium,
1116 1703 1157 1742 et
1186 1699 1458 1751 Judaeorum,
1489 1699 1562 1752 qui
1590 1699 1706 1741 idola
1732 1700 1777 1742 in

227 1772 339 1814 Deos
377 1772 665 1823 efformabant,
702 1772 767 1814 vel
802 1772 846 1814 in
883 1773 934 1814 iis
973 1772 1168 1814 colebant
1205 1772 1331 1824 Deos,
1372 1774 1445 1813 aut
1483 1771 1610 1813 etiam
1639 1770 1778 1813 Deum

227 1858 394 1894 verum;
423 1843 723 1886 Phantasia
760 1844 817 1886 de
852 1844 982 1896 Deo,
1020 1844 1063 1886 id
1102 1847 1176 1896 est,
1208 1844 1297 1886 veri
1325 1843 1406 1886 Dei
1436 1843 1607 1896 quidem
1636 1843 1779 1895 aliqua

229 1915 428 1968 cognitio,
467 1918 510 1956 at
545 1929 630 1956 non
657 1915 766 1966 talis,
797 1916 933 1968 qualis
962 1916 1054 1969 ipse
1084 1917 1148 1957 est
1175 1917 1217 1956 et
1246 1930 1289 1957 se
1317 1915 1447 1956 verbo
1476 1914 1777 1966 manifestavit,

229 1986 299 2028 sed
323 1987 490 2039 qualem
512 1987 603 2039 quis
618 1987 886 2040 imaginatur,
904 1990 951 2029 ut
967 1988 1070 2030 olim
1085 1987 1353 2037 Samaritani,
1369 1986 1571 2040 (quorum
1587 1985 1777 2039 cognitio

228 2058 468 2111 ignorantia
496 2057 575 2099 Dei
603 2058 765 2110 dicitur,
805 2057 833 2099 J
845 2058 920 2100 oh.
957 2059 994 2110 4,
1025 2058 1106 2111 22.)
1135 2061 1183 2100 ut
1212 2060 1254 2100 et
1281 2058 1408 2099 hodie
1436 2057 1588 2099 Judaei
1617 2059 1658 2099 et
1686 2055 1778 2098 Ma-

229 2128 464 2179 humetani3
485 2129 662 2182 denique
685 2129 886 2183 Epicur
899 2130 1112 2182 eismus,
1137 2129 1180 2171 id
1197 2131 1270 2182 est,
1288 2129 1452 2172 divinae
1471 2128 1778 2183 praescientiae

231 2203 272 2242 et
301 2201 589 2254 providentiae
618 2202 802 2254 negatio,
835 2216 940 2254 quae
970 2204 1011 2243 et
1039 2201 1121 2243 Dei
1148 2216 1193 2243 re
1220 2201 1316 2255 ipsa
1344 2200 1548 2243 inficiatio
1579 2202 1654 2242 est.

283 2270 408 2312 XLV.
459 2270 566 2313 Item
612 2272 722 2313 inter
766 2271 1027 2314 Christianos
1069 2272 1283 2326 quondam
1325 2272 1571 2314 haeresis
1613 2271 1779 2314 Mani-

232 2341 396 2383 chaea
434 2342 482 2383 de
520 2342 680 2384 duobus
717 2343 949 2397 principiis,
978 2344 1091 2386 bono
1122 2346 1163 2386 et
1191 2344 1316 2386 malo.
1345 2343 1779 2397 Anthropomor-

231 2411 528 2465 phitarum,
559 2413 631 2465 qui
659 2413 750 2454 Deo
781 2429 1028 2467 corpoream
1056 2414 1237 2467 figuram
1265 2414 1564 2456 attribuerunt.
1593 2414 1779 2457 Ponti-

232 2482 362 2524 ficia
415 2481 638 2530 ἀποθέωσις
690 2487 942 2526 sanctorum.
977 2484 1318 2527 Idolomania
1354 2485 1399 2527 in
1432 2485 1706 2540 imaginando
1737 2488 1780 2527 et

232 2553 275 2593 in
310 2554 565 2607 imaginibus
602 2556 773 2597 colendo
800 2556 891 2599 Deo
922 2558 1174 2611 sanctisque.
1203 2558 1366 2600 Eorum
1396 2558 1469 2612 qui
1497 2558 1628 2600 alium
1655 2557 1778 2599 nobis

234 2623 369 2665 Deum
405 2625 582 2678 fingunt,
620 2641 745 2679 quam
783 2642 856 2669 suo
895 2629 1023 2670 verbo
1061 2630 1278 2671 revelavit.
1317 2628 1473 2671 Omnes
1511 2629 1691 2682 denique
1729 2628 1779 2670 de

235 2693 324 2736 Deo
365 2695 730 2749 blasphemiae
772 2701 813 2740 et
855 2699 1074 2753 opiniones
1111 2700 1241 2743 falsae
1277 2701 1474 2755 vitaeque
1502 2701 1778 2756 improbitas3

237 2779 343 2817 quae
372 2769 413 2808 et
441 2767 533 2820 ipsa
561 2767 640 2810 Dei
667 2770 838 2823 negatio
869 2771 1034 2823 dicitur,
1065 2770 1165 2813 Tit.
1196 2773 1231 2826 1,
1263 2772 1325 2814 16.
