1931 3224
273 174 351 217 386
806 176 1048 218 D1s1>um10
1076 174 1295 219 XXXVII.

275 302 316 342 et
353 315 452 354 pars
479 314 564 342 non
593 303 821 354 postrema,
850 316 929 354 pro
960 315 1008 342 ea
1037 301 1223 354 ponitur,
1255 303 1297 343 et
1331 311 1423 344 uam-⁹
1454 301 1609 354 ἐξοχὴν,
1635 301 1829 355 justitiae

273 386 321 413 ac
350 371 539 413 caritatis
569 372 900 425 appellationem
929 372 1118 426 suscipit,
1147 372 1255 415 Dan.
1284 373 1323 425 4,
1351 373 1415 414 24.
1443 371 1575 414 Hebr.
1603 373 1640 424 6,
1673 373 1735 414 10.

326 441 377 483 V.
406 443 659 484 Praestituit
689 458 737 484 ea
765 443 1027 485 bonorum
1056 444 1466 498 proprietatem
1496 446 1547 486 et
1574 444 1830 497 inaequa-

271 514 372 555 lem
420 514 843 567 possessionem:
888 515 1079 568 quamvis
1124 515 1236 560 enim
1277 514 1393 556 Deus
1435 515 1575 569 prima
1618 514 1831 556 creatione

270 586 408 625 totam
444 587 615 638 terram,
646 588 687 627 et
717 586 859 627 omnia
889 601 997 638 quae
1024 586 1068 627 in
1097 601 1145 627 ea
1175 588 1284 638 sunt,
1314 586 1543 628 universim
1573 587 1617 628 in
1645 585 1830 628 hominis

269 670 392 697 usum
442 657 606 703 crearit,
648 659 837 699 attamen
881 673 976 699 cum
1017 657 1302 712 protoplasto,
1347 672 1395 700 ac
1436 657 1659 699 hominum
1698 657 1831 699 satori

268 726 446 779 Adamo,
485 727 745 781 Paradisum,
783 731 831 770 ut
870 728 1099 771 Basilicam
1127 728 1377 782 imperatori
1405 728 1678 782 singulariter
1706 728 1828 770 attri-

268 798 419 851 buerit,
447 802 488 841 et
516 802 614 854 post
642 800 809 854 lapsum
840 801 1029 852 edixerit,
1059 800 1119 842 In
1151 800 1345 842 sudore
1374 800 1561 842 vultus
1589 799 1672 842 tui
1700 814 1831 842 com-

270 871 390 913 edes
432 887 621 924 panem
662 874 831 923 tuum;
874 876 974 927 post
1018 872 1240 915 Diluvium
1281 875 1435 924 autem,
1480 871 1709 914 secundum
1744 875 1830 914 tres

268 942 378 984 filios
415 942 596 995 Noaclii,
635 944 828 997 gentium
858 959 906 986 ac
935 947 1162 997 terrarum,
1191 944 1283 986 Deo
1312 945 1374 986 ita
1403 945 1688 998 dispensante,
1717 943 1831 986 facta

269 1014 325 1054 sit
376 1014 548 1066 divisio3
596 1017 725 1067 atque
764 1016 988 1069 occupatio
1029 1018 1070 1057 et
1107 1015 1283 1058 traditio
1321 1018 1363 1058 et
1397 1016 1647 1058 transmissa
1683 1015 1830 1058 haere-

270 1084 391 1137 ditas,
439 1087 534 1139 jure
585 1086 699 1138 belli,
742 1087 923 1140 aliisque
964 1087 1101 1129 modis
1147 1086 1373 1140 acquisitio
1415 1087 1556 1129 locum
1599 1086 1829 1140 acceperit3

272 1157 484 1198 communi
514 1159 555 1199 et
585 1157 725 1200 divina
756 1160 797 1200 et
824 1158 1010 1200 humana
1039 1159 1144 1212 lege,
1173 1174 1315 1200 rerum
1337 1158 1577 1213 proprietas
1603 1157 1830 1200 stabilitur.

322 1226 396 1269 VI.
435 1227 501 1269 Ex
539 1228 620 1270 hac
656 1244 755 1271 vero
794 1230 1075 1283 possessionis
1114 1229 1434 1283 inaequalitate,
1476 1229 1671 1272 divitis
1708 1244 1830 1284 pau-

269 1298 384 1352 peri
400 1313 526 1350 sque
555 1300 710 1353 origo
741 1303 826 1341 est.
852 1300 1086 1354 Utriusque
1111 1304 1253 1343 autem
1277 1304 1513 1343 creatorem
1538 1316 1581 1343 se
1605 1301 1832 1355 profitetur

269 1369 398 1422 Deus,
437 1369 562 1412 Prov.
601 1371 664 1422 22,
702 1372 739 1412 2.
779 1374 819 1413 et
848 1387 1056 1426 pauperes
1085 1387 1162 1414 nos
1194 1388 1362 1427 semper
1390 1373 1614 1415 habituros
1643 1387 1830 1428 pronun-

269 1441 353 1482 ciat
391 1440 595 1494 Christus,
632 1442 757 1484 Matt.
795 1444 857 1496 26,
896 1445 959 1485 11.
998 1444 1288 1486 Veruntamen
1326 1447 1375 1486 ut
1411 1444 1583 1486 divitiae
1620 1444 1831 1485 neminem

269 1512 360 1554 Deo
400 1514 708 1565 commendant,
747 1514 809 1556 ita
844 1530 981 1568 neque
1019 1518 1250 1569 paupertas
1290 1517 1489 1569 cuiquam
1517 1515 1726 1569 probrosa
1755 1516 1830 1566 est,

268 1586 317 1625 ut
360 1598 487 1637 quam
532 1584 724 1626 Christus
765 1585 809 1626 in
850 1601 1031 1639 persona
1073 1602 1149 1629 sua
1193 1587 1484 1638 sanctificavit,
1524 1588 1548 1627 2
1586 1585 1678 1628 Cor.
1716 1586 1753 1638 8,
1793 1587 1830 1627 9.

215 1649 219 1652 ⁴
268 1653 486 1709 Utrosque
526 1656 663 1709 pietas
702 1657 925 1711 approbat,
964 1658 985 1699 1
1017 1657 1125 1700 Tim.
1157 1659 1194 1711 6,
1226 1659 1288 1701 17.
1320 1659 1381 1700 18.
1412 1658 1536 1700 Matt.
1567 1658 1604 1710 5,
1633 1659 1670 1700 3.
1700 1657 1829 1700 Modo

269 1726 383 1769 dives
421 1727 581 1769 divitiis
610 1743 695 1770 non
723 1729 869 1781 fidens,
895 1729 940 1771 in
970 1729 1235 1781 humilitate3
1265 1745 1429 1784 pauper
1456 1729 1604 1783 inopia
1632 1744 1719 1771 non
1750 1729 1830 1771 dif-

267 1799 413 1850 fidens,
442 1799 487 1840 in
516 1800 778 1842 sublimitate
807 1816 882 1842 sua
912 1801 1134 1855 glorietur,
1164 1801 1294 1843 Marc.
1326 1802 1389 1853 lO,
1419 1801 1482 1842 24.
1512 1800 1602 1843 Jac.
1634 1802 1669 1853 1,
1698 1802 1736 1844 9.
1766 1801 1827 1843 10.

322 1869 416 1912 VH.
452 1870 604 1924 Neque
640 1886 782 1913 rerum
818 1872 1072 1925 proprietas,
1097 1875 1170 1914 aut
1199 1872 1494 1925 inaequalitas,
1525 1871 1577 1913 ab
1606 1870 1829 1924 Apostolis

268 1941 344 1982 sub
382 1941 608 1995 Evangelii
636 1942 783 1995 initiis,
815 1944 1188 1987 communione
1215 1944 1484 1985 bonorum
1512 1942 1696 1994 inducta,
1727 1941 1828 1983 abo-

268 2013 345 2054 lita
387 2015 462 2065 est,
505 2012 651 2055 Actor.
693 2015 731 2056 2.
775 2017 817 2056 et
858 2015 894 2056 4.
939 2014 1131 2057 Omnes
1175 2014 1266 2068 qui
1310 2014 1630 2065 credebant,
1675 2014 1829 2055 erant

270 2084 452 2126 eodem
480 2084 622 2137 loco,
655 2088 704 2127 et
731 2085 1010 2127 habebant
1040 2085 1217 2127 omnia
1246 2085 1556 2127 communia.
1585 2083 1688 2126 Non
1717 2084 1828 2125 enim

268 2155 520 2197 universalis
563 2156 752 2198 omnium
790 2159 832 2198 et
868 2157 1134 2210 singulorum
1172 2156 1526 2208 Christianorum,
1563 2170 1700 2208 neque
1739 2169 1828 2197 om-

268 2227 385 2268 nium
414 2227 624 2269 bonorum
653 2242 702 2269 ea
732 2228 971 2270 communio
995 2228 1089 2280 fuit,
1114 2243 1251 2281 neque
1274 2227 1499 2282 proposita
1521 2226 1566 2268 in
1590 2226 1825 2280 exemplum

269 2300 311 2339 et
348 2298 486 2352 legem
520 2300 792 2352 perpetuam:
823 2299 896 2341 sed
926 2299 1200 2353 singulariter
1228 2299 1273 2341 in
1301 2299 1492 2341 Ecclesia
1519 2297 1829 2351 Hierosolymi-

267 2372 381 2421 tana,
423 2370 551 2422 idque
593 2385 672 2423 pro
715 2370 931 2412 Ecclesiae
970 2371 1085 2412 illius
1130 2385 1178 2413 eo
1219 2373 1414 2424 tempore
1451 2371 1578 2421 statii,
1617 2371 1658 2411 et
1694 2368 1850 2431 libera-

269 2443 480 2483 certorum
521 2440 743 2483 hominum
783 2457 832 2483 ac
874 2441 1084 2484 bonorum
1127 2442 1365 2494 collatione,
1407 2443 1456 2483 ut
1499 2455 1549 2482 ex
1592 2455 1681 2494 cap.
1715 2440 1753 2492 5,
1789 2439 1828 2481 4.

268 2515 460 2566 apparet.
502 2512 560 2554 Et
602 2527 701 2554 sane
743 2513 852 2554 sicut
894 2511 1087 2555 Christus
1128 2514 1393 2567 marsupium
1433 2512 1633 2554 habuisse
1676 2512 1829 2553 dicitur

268 2583 366 2625 Joh.
396 2583 459 2635 12,
485 2584 521 2624 6.
552 2585 594 2625 et
623 2583 685 2635 13,
715 2584 791 2635 29„
820 2584 882 2625 ita
911 2586 952 2625 et
979 2585 1182 2639 Apostoli
1206 2587 1249 2627 et
1273 2585 1418 2626 fideles
1441 2599 1516 2626 sua
1537 2583 1827 2637 possederunt.

267 2653 391 2696 Unde
422 2669 591 2707 quoque
620 2654 904 2708 Eleemosyna
933 2655 1074 2697 locum
1102 2655 1264 2698 habuit.

320 2723 439 2766 VIII.
470 2724 608 2774 Quare
638 2740 686 2767 eo
716 2725 810 2779 ipso
840 2741 926 2768 non
955 2727 1170 2768 stabilitur
1198 2727 1694 2781 Anabaptistarum
1723 2739 1827 2778 quo-

268 2796 445 2837 rundam
488 2797 813 2850 communio,
858 2813 942 2851 qua
983 2797 1193 2840 bonorum
1235 2798 1477 2852 proprietas
1520 2799 1562 2840 et
1602 2797 1827 2851 possessio,

269 2867 458 2920 adeoque
485 2868 768 2922 Eleemosyna
795 2868 906 2911 inter
933 2869 1078 2912 fideles
1107 2885 1255 2912 revera
1281 2870 1468 2912 tollitur:
1492 2883 1628 2922 neque
1651 2868 1827 2910 Mona-

270 2938 444 2980 chalis
484 2940 749 2992 quorundam
780 2941 1025 2992 κοινοβιτικιὶῑ,
1059 2941 1132 2994 qui
1161 2941 1366 2995 singulari
1393 2940 1605 2992 instituto,
1633 2939 1828 2994 proprie-

267 3010 361 3062 tati,
402 3010 588 3053 dominio
629 3014 757 3065 atque
797 3012 1125 3054 contrectationi
1166 3011 1392 3065 cujuslibet
1426 3011 1640 3066 pecuniae,
1681 3026 1726 3054 se
1762 3025 1828 3053 re-
