1931 3224
510 138 574 181 DE
603 137 858 180 PURGATomo
887 152 934 179 ET
965 136 1258 178 INDULGENTHS.
1589 136 1664 177 411

106 267 227 307 tura
274 265 426 306 locus
473 279 532 306 ex
580 277 679 316 quo
727 261 1116 316 Purgatorium
1156 263 1345 314 posset
1383 261 1667 303 evidenter

105 337 364 391 probari?

158 407 275 450 VIII.
305 407 477 450 Scilicet
504 409 693 458 noverat,
726 406 839 459 quod
866 406 1048 460 ingenue
1077 404 1296 458 praefatur
1312 404 1465 446 Petrus
1496 419 1519 445 a
1548 403 1666 455 Soto,

106 480 151 521 in
179 479 455 522 Sacerdotum
479 478 770 529 instructione,
796 478 891 519 lect.
918 478 953 518 1.
979 477 1028 518 de
1054 476 1183 529 Purg.
1214 476 1321 517 min
1332 490 1388 517 us
1424 477 1666 528 apertas,

106 551 277 592 minus
317 548 580 591 efficaces
619 563 753 601 esse,
794 551 844 590 et
882 548 1057 590 minus
1093 547 1332 601 probare
1369 546 1668 588 auctorita-

106 623 186 663 tes
225 620 549 673 Scripturae
587 635 721 672 quae
757 635 781 661 a
820 620 931 661 suis
964 619 1304 661 Doctoribus
1333 618 1667 668 afferuntur,

106 691 227 734 illis
261 692 451 744 itaque
488 706 592 733 non
630 706 746 733 0000
783 692 1043 733 111011(111111
1080 691 1140 733 0(1
1177 690 1516 744 probandum
1545 690 1668 731 Pur-

108 762 393 816 gatorium.
431 761 552 814 Item,
591 761 709 804 Non
743 776 860 803 esse
889 762 1260 804 necessarium
1287 776 1381 803 1100
1410 763 1669 815 opportu-

106 849 226 875 num
267 834 436 875 inniti
479 833 811 875 auctoritati
854 833 937 874 loci
979 848 1029 875 ex
1071 833 1194 874 Matt.
1239 833 1437 886 producti
1475 847 1565 886 cap.
1605 834 1668 875 12.

107 904 225 947 Non
253 905 570 947 remittetur
599 919 769 957 neque
799 904 851 945 in
881 904 979 946 hoc
1008 904 1218 956 seculo,
1248 919 1418 956 neque
1447 904 1500 945 in
1528 904 1668 946 futu-

107 991 182 1028 ro,
224 976 348 1028 quia
385 975 709 1030 responderi
744 977 947 1028 potest,
988 975 1193 1016 dictum
1233 989 1348 1016 esse
1379 976 1669 1017 secundum

109 1047 373 1101 quandam
403 1047 889 1101 exaggerationem
921 1049 970 1088 et
998 1046 1370 1100 hyperbolem.
1395 1045 1546 1099 Neque
1563 1047 1669 1088 cele-

107 1120 174 1161 bri
202 1119 278 1161 illa
308 1118 562 1160 auctoritate
591 1119 613 1160 1
647 1117 739 1160 Cor.
769 1118 805 1159 3.
836 1117 922 1160 Sic
951 1120 1057 1159 tam
1070 1133 1130 1160 en
1162 1119 1315 1171 quasi
1344 1133 1439 1171 per
1467 1119 1667 1172 ignem,

109 1190 302 1242 obtineri,
348 1205 437 1232 esse
480 1189 654 1242 aliquod
695 1190 780 1232 tale
821 1190 1120 1243 purgatorium
1163 1191 1262 1242 post
1304 1192 1500 1241 mortem,
1545 1190 1669 1242 quia

108 1262 241 1303 talis
281 1261 425 1315 ignis
465 1261 624 1303 debet
662 1261 935 1314 intelligi,
964 1263 1022 1302 ut
1051 1261 1200 1302 ambo
1232 1275 1326 1314 per
1356 1276 1468 1302 eum
1494 1264 1669 1303 trans-

109 1334 253 1385 eant,
293 1334 399 1373 tam
438 1331 527 1385 qui
556 1347 761 1384 aurum,
793 1347 947 1385 quam
977 1332 1069 1385 qui
1096 1332 1312 1374 foenum
1343 1332 1668 1375 aedificant:

111 1403 252 1454 Quae
280 1403 447 1456 ratio,
477 1403 618 1457 inquit
646 1404 770 1456 idem,
803 1403 1193 1447 efficacissime
1223 1405 1428 1458 arguit,
1459 1404 1537 1446 ibi
1566 1419 1668 1446 non

107 1475 337 1528 probari
372 1475 761 1529 purgatorium
790 1469 1191 1529 postmortem,
1222 1478 1313 1517 aut
1342 1476 1385 1517 si
1416 1475 1498 1518 0111
1525 1476 1669 1518 vide-

107 1549 195 1588 tur
231 1546 598 1588 nihilominus
636 1546 866 1599 probari
899 1561 1077 1600 posse,
1118 1549 1265 1589 certe
1303 1549 1533 1601 propter
1572 1562 1668 1588 am-

108 1618 460 1671 biguitatem,
510 1632 700 1660 sensus
741 1617 916 1660 minus
963 1621 1043 1659 est
1088 1618 1318 1660 evidens.
1363 1618 1536 1668 Quare
1577 1632 1670 1660 nec

109 1690 200 1731 illi
229 1689 585 1731 innitendum.

162 1760 236 1803 IX.
268 1760 404 1803 Locus
433 1763 575 1802 autem
605 1775 655 1802 ex
684 1775 775 1813 cap.
807 1761 868 1802 12.
897 1759 988 1802 Lib.
1017 1761 1053 1801 2.
1083 1759 1277 1802 Machab.
1309 1775 1435 1814 quem
1463 1760 1507 1802 in
1532 1761 1670 1814 prima

110 1832 198 1874 acie
235 1832 444 1874 collocant
480 1831 765 1873 Bellarminus
804 1834 845 1873 et
884 1831 1009 1885 Greg.
1040 1832 1089 1873 de
1118 1831 1285 1874 Valent.
1317 1832 1367 1874 de
1394 1833 1494 1886 igne
1526 1833 1669 1885 aliquo

109 1903 375 1957 purgatorio,
414 1905 488 1945 aut
525 1903 618 1945 loco
657 1903 701 1944 in
731 1918 815 1956 quo
845 1904 1011 1946 animae
1038 1903 1294 1957 ustulantur,
1325 1904 1432 1946 nihil
1460 1904 1601 1957 habet,
1629 1907 1671 1946 et

109 1975 170 2016 ita
206 1977 350 2028 potest
387 1974 602 2028 explicari,
640 1977 688 2016 ut
718 1990 767 2017 ex
797 1990 845 2017 eo
876 1975 1079 2029 suffragia
1108 1991 1186 2029 pro
1216 1977 1410 2028 mortuis,
1440 1976 1589 2018 saltem
1619 1991 1670 2017 ex

109 2047 223 2089 facto
261 2047 411 2099 Judae‚
447 2047 624 2100 probari
660 2061 747 2089 non
783 2047 961 2101 possint.
1002 2046 1083 2090 Sed
1112 2050 1334 2101 praeterea
1364 2048 1423 2090 de
1450 2047 1584 2089 libri
1612 2047 1670 2088 il·-

110 2118 216 2160 lius
258 2119 620 2170 auctoritate,
665 2133 725 2160 an
755 2119 978 2161 00111001
1007 2119 1295 2161 canonicus
1326 2119 1417 2171 sit,
1449 2119 1671 2160 dubium

110 2189 217 2231 fuit
261 2190 400 2243 apud
437 2190 716 2243 antiquos,
756 2191 896 2243 quod
931 2192 1181 2244 tempore
1218 2190 1520 2244 Augustini
1547 2205 1671 2232 non-

83 2255 228 2302 'dum
271 2263 409 2304 satis
454 2261 785 2315 explicatum
829 2262 1144 2314 videbatur,
1190 2263 1250 2304 ait
1291 2262 1402 2304 idem
1441 2262 1557 2315 Soto,
1599 2264 1671 2315 qui

112 2333 272 2385 asserit,
317 2333 607 2386 dogma-de
649 2334 983 2387 purgatorio
1028 2334 1234 2376 certius
1273 2336 1322 2375 et
1361 2333 1670 2375 evidentius

113 2419 249 2456 0000,
289 2419 447 2458 quam
479 2405 551 2446 sit
589 2405 721 2446 libri
749 2405 907 2447 illius
938 2406 1266 2448 auctoritas:
1296 2420 1391 2447 1100
1422 2419 1537 2446 0000
1568 2404 1671 2445 evi-

112 2474 370 2517 dentiora
397 2475 570 2517 minus
601 2476 952 2518 evidentibus
984 2477 1371 2519 confirmanda.

164 2545 215 2588 X.
245 2545 346 2587 Non
375 2546 512 2588 solum
537 2561 626 2589 0000
651 2547 806 2600 dogma
838 2547 1029 2602 ἄγραφον
1058 2549 1131 2590 sed
1160 2549 1289 2590 etiam
1317 2548 1579 2601 ἀντίγραφον,
1624 2549 1672 2588 ut

113 2618 397 2670 ostendamus,
434 2632 520 2660 non
555 2632 661 2671 opus
691 2621 754 2660 est
784 2618 917 2672 (quod
944 2619 1089 2672 inique
1119 2634 1168 2661 ex
1198 2619 1449 2661 adversariis
1478 2619 1672 2662 nonnulli

112 2689 351 2744 postulant)
395 2692 442 2731 ut
483 2689 727 2742 negativam
767 2689 886 2731 illam
928 2689 1134 2740 αὐτολεξεὶ
1174 2692 1216 2731 01
1243 2689 1421 2732 totidem
1450 2690 1590 2732 verbis
1620 2706 1671 2733 ex

114 2761 332 2814 Scriptura
369 2774 618 2812 asseramUS‚
655 2775 758 2803 non
792 2764 873 2803 001
902 2761 1052 2803 100110
1081 2761 1445 2817 purgatorius
1475 2762 1671 2805 anima-

113 2847 225 2873 rum
273 2834 399 2886 post
449 2834 687 2873 mortem.
730 2831 897 2875 Sufficit
940 2833 976 2874 si
1019 2832 1302 2885 ostendamus,
1346 2833 1492 2875 multis
1533 2835 1671 2877 modis

114 2903 270 2956 dogma
296 2903 403 2944 illud
431 2902 767 2955 Pontificiorum,
798 2919 893 2945 cum
923 2903 1143 2957 Scriptura
1169 2906 1210 2945 et
1233 2907 1348 2946 recta
1372 2904 1538 2947 ratione
1561 2921 1672 2960 pug-

114 2989 225 3016 nare.
264 2976 301 3016 1.
327 2974 546 3030 Scriptura
582 2975 694 3017 inter
721 2976 867 3017 fideles
897 2978 938 3017 et
965 2975 1167 3027 infideles,
1196 2975 1333 3018 bonos
1362 2978 1404 3018 et
1431 2976 1577 3029 malos,
1606 2977 1672 3020 in-
