<?xml version="1.0" encoding="UTF-8"?>
<!DOCTYPE html PUBLIC "-//W3C//DTD XHTML 1.0 Transitional//EN"
    "http://www.w3.org/TR/xhtml1/DTD/xhtml1-transitional.dtd">
<html xmlns="http://www.w3.org/1999/xhtml" xml:lang="en" lang="en">
 <head>
  <title>
</title>
<meta http-equiv="Content-Type" content="text/html;charset=utf-8" />
  <meta name='ocr-system' content='tesseract 3.04.00' />
  <meta name='ocr-capabilities' content='ocr_page ocr_carea ocr_par ocr_line ocrx_word'/>
</head>
<body>
  <div class='ocr_page' id='page_1' title='image "./synopsispurioris00poly_0053.png"; bbox 0 0 1931 3224; ppageno 0'>
   <div class='ocr_carea' id='block_1_1' title="bbox 545 100 1647 144">
    <p class='ocr_par' dir='ltr' id='par_1_1' title="bbox 545 100 1647 144">
     <span class='ocr_line' id='line_1_1' title="bbox 545 100 1647 144; baseline -0.002 -2"><span class='ocrx_word' id='word_1_1' title='bbox 545 101 609 143; x_wconf 69' lang='lat' dir='ltr'>DE</span> <span class='ocrx_word' id='word_1_2' title='bbox 638 101 790 144; x_wconf 75' lang='lat' dir='ltr'><strong>SACRAE</strong></span> <span class='ocrx_word' id='word_1_3' title='bbox 820 100 974 143; x_wconf 64' lang='lat' dir='ltr'>sempr.</span> <span class='ocrx_word' id='word_1_4' title='bbox 1002 100 1195 143; x_wconf 70' lang='lat' dir='ltr'>PERFECT.</span> <span class='ocrx_word' id='word_1_5' title='bbox 1597 100 1647 141; x_wconf 84' lang='lat'>31</span> 
     </span>
    </p>
   </div>
   <div class='ocr_carea' id='block_1_2' title="bbox 34 223 1655 1350">
    <p class='ocr_par' dir='ltr' id='par_1_2' title="bbox 88 223 1653 498">
     <span class='ocr_line' id='line_1_2' title="bbox 89 223 1651 277; baseline -0.002 -10"><span class='ocrx_word' id='word_1_6' title='bbox 89 228 162 267; x_wconf 89' lang='lat' dir='ltr'>aut</span> <span class='ocrx_word' id='word_1_7' title='bbox 206 224 510 277; x_wconf 72' lang='lat' dir='ltr'>detraheretur,</span> <span class='ocrx_word' id='word_1_8' title='bbox 550 225 723 267; x_wconf 84' lang='lat' dir='ltr'>Deuter.</span> <span class='ocrx_word' id='word_1_9' title='bbox 761 226 798 277; x_wconf 80' lang='lat'>4,</span> <span class='ocrx_word' id='word_1_10' title='bbox 838 227 873 267; x_wconf 93' lang='grc'>2.</span> <span class='ocrx_word' id='word_1_11' title='bbox 914 225 1036 275; x_wconf 81' lang='lat' dir='ltr'>Quod</span> <span class='ocrx_word' id='word_1_12' title='bbox 1073 224 1348 266; x_wconf 86' lang='lat' dir='ltr'>interdictum</span> <span class='ocrx_word' id='word_1_13' title='bbox 1385 224 1435 265; x_wconf 88' lang='lat' dir='ltr'>de</span> <span class='ocrx_word' id='word_1_14' title='bbox 1472 223 1568 276; x_wconf 91' lang='lat' dir='ltr'>lege</span> <span class='ocrx_word' id='word_1_15' title='bbox 1598 223 1651 264; x_wconf 88' lang='lat' dir='ltr'>ab</span> 
     </span>
     <span class='ocr_line' id='line_1_3' title="bbox 88 291 1653 350; baseline -0.003 -12"><span class='ocrx_word' id='word_1_16' title='bbox 88 297 183 350; x_wconf 90' lang='lat' dir='ltr'>ipso</span> <span class='ocrx_word' id='word_1_17' title='bbox 227 295 347 338; x_wconf 84' lang='lat' dir='ltr'>Mose</span> <span class='ocrx_word' id='word_1_18' title='bbox 385 297 628 350; x_wconf 89' lang='lat' dir='ltr'>conscripta</span> <span class='ocrx_word' id='word_1_19' title='bbox 668 312 757 338; x_wconf 89' lang='lat' dir='ltr'>esse</span> <span class='ocrx_word' id='word_1_20' title='bbox 792 296 1132 350; x_wconf 87' lang='lat' dir='ltr'>intelligendum,</span> <span class='ocrx_word' id='word_1_21' title='bbox 1168 296 1261 336; x_wconf 90' lang='lat' dir='ltr'>tum</span> <span class='ocrx_word' id='word_1_22' title='bbox 1282 291 1347 336; x_wconf 64' lang='lat' dir='ltr'>&gt;ex</span> <span class='ocrx_word' id='word_1_23' title='bbox 1385 293 1530 346; x_wconf 90' lang='lat' dir='ltr'>Mosis,</span> <span class='ocrx_word' id='word_1_24' title='bbox 1560 296 1653 335; x_wconf 89' lang='lat' dir='ltr'>tum</span> 
     </span>
     <span class='ocr_line' id='line_1_4' title="bbox 91 364 1653 422; baseline -0.002 -14"><span class='ocrx_word' id='word_1_25' title='bbox 91 382 141 409; x_wconf 86' lang='lat' dir='ltr'>ex</span> <span class='ocrx_word' id='word_1_26' title='bbox 181 366 307 409; x_wconf 91' lang='lat' dir='ltr'>Pauli</span> <span class='ocrx_word' id='word_1_27' title='bbox 343 370 463 421; x_wconf 89' lang='lat' dir='ltr'>patet</span> <span class='ocrx_word' id='word_1_28' title='bbox 502 368 869 422; x_wconf 66' lang='lat' dir='ltr'>interpretatione.</span> <span class='ocrx_word' id='word_1_29' title='bbox 909 367 1050 410; x_wconf 89' lang='lat' dir='ltr'>Moses</span> <span class='ocrx_word' id='word_1_30' title='bbox 1090 368 1201 409; x_wconf 91' lang='lat' dir='ltr'>enim</span> <span class='ocrx_word' id='word_1_31' title='bbox 1238 368 1376 408; x_wconf 89' lang='lat' dir='ltr'>totam</span> <span class='ocrx_word' id='word_1_32' title='bbox 1405 364 1486 406; x_wconf 91' lang='lat' dir='ltr'>Dei</span> <span class='ocrx_word' id='word_1_33' title='bbox 1513 365 1653 419; x_wconf 87' lang='lat' dir='ltr'>legem</span> 
     </span>
     <span class='ocr_line' id='line_1_5' title="bbox 89 435 1651 498; baseline -0.003 -18"><span class='ocrx_word' id='word_1_34' title='bbox 89 441 215 498; x_wconf 80' lang='lat' dir='ltr'>vocat</span> <span class='ocrx_word' id='word_1_35' title='bbox 251 439 381 480; x_wconf 86' lang='lat' dir='ltr'>verba</span> <span class='ocrx_word' id='word_1_36' title='bbox 416 440 461 480; x_wconf 91' lang='lat' dir='ltr'>in</span> <span class='ocrx_word' id='word_1_37' title='bbox 499 440 610 481; x_wconf 89' lang='lat' dir='ltr'>libro</span> <span class='ocrx_word' id='word_1_38' title='bbox 650 455 724 481; x_wconf 88' lang='lat' dir='ltr'>suo</span> <span class='ocrx_word' id='word_1_39' title='bbox 766 440 1019 492; x_wconf 88' lang='lat' dir='ltr'>conscripta,</span> <span class='ocrx_word' id='word_1_40' title='bbox 1052 439 1176 480; x_wconf 90' lang='lat' dir='ltr'>Deut.</span> <span class='ocrx_word' id='word_1_41' title='bbox 1208 438 1270 489; x_wconf 83' lang='grc'>28,</span> <span class='ocrx_word' id='word_1_42' title='bbox 1301 437 1364 478; x_wconf 81' lang='grc'>58.</span> <span class='ocrx_word' id='word_1_43' title='bbox 1394 436 1451 478; x_wconf 88' lang='lat' dir='ltr'>Et</span> <span class='ocrx_word' id='word_1_44' title='bbox 1479 435 1651 488; x_wconf 90' lang='lat' dir='ltr'>Paulus,</span> 
     </span>
    </p>

    <p class='ocr_par' dir='ltr' id='par_1_3' title="bbox 44 506 1653 705">
     <span class='ocr_line' id='line_1_6' title="bbox 90 506 1653 564; baseline -0.002 -13"><span class='ocrx_word' id='word_1_45' title='bbox 90 509 229 551; x_wconf 79' lang='lat' dir='ltr'>Galat.</span> <span class='ocrx_word' id='word_1_46' title='bbox 257 510 293 560; x_wconf 85' lang='lat'>3,</span> <span class='ocrx_word' id='word_1_47' title='bbox 325 511 386 551; x_wconf 82' lang='lat'>13.</span> <span class='ocrx_word' id='word_1_48' title='bbox 416 509 651 564; x_wconf 84' lang='lat' dir='ltr'>Propterea</span> <span class='ocrx_word' id='word_1_49' title='bbox 681 511 795 563; x_wconf 86' lang='lat' dir='ltr'>quod</span> <span class='ocrx_word' id='word_1_50' title='bbox 819 511 928 551; x_wconf 84' lang='lat' dir='ltr'>nihil</span> <span class='ocrx_word' id='word_1_51' title='bbox 953 525 976 551; x_wconf 87' lang='lat' dir='ltr'>a</span> <span class='ocrx_word' id='word_1_52' title='bbox 1001 509 1121 552; x_wconf 84' lang='lat' dir='ltr'>Mose</span> <span class='ocrx_word' id='word_1_53' title='bbox 1144 509 1226 551; x_wconf 91' lang='lat' dir='ltr'>Dei</span> <span class='ocrx_word' id='word_1_54' title='bbox 1250 509 1420 550; x_wconf 89' lang='lat' dir='ltr'>nomine</span> <span class='ocrx_word' id='word_1_55' title='bbox 1445 506 1653 549; x_wconf 73' lang='lat' dir='ltr'>Israelitis</span> 
     </span>
     <span class='ocr_line' id='line_1_7' title="bbox 44 572 1653 634; baseline -0.002 -11"><span class='ocrx_word' id='word_1_56' title='bbox 44 572 46 574; x_wconf 31' lang='lat'>¹</span> <span class='ocrx_word' id='word_1_57' title='bbox 89 581 185 623; x_wconf 83' lang='lat' dir='ltr'>viva</span> <span class='ocrx_word' id='word_1_58' title='bbox 221 596 324 623; x_wconf 86' lang='lat' dir='ltr'>voce</span> <span class='ocrx_word' id='word_1_59' title='bbox 362 582 568 623; x_wconf 87' lang='lat' dir='ltr'>traditum</span> <span class='ocrx_word' id='word_1_60' title='bbox 603 582 744 634; x_wconf 87' lang='lat' dir='ltr'>fuerit,</span> <span class='ocrx_word' id='word_1_61' title='bbox 786 582 900 634; x_wconf 91' lang='lat' dir='ltr'>quod</span> <span class='ocrx_word' id='word_1_62' title='bbox 937 582 1074 623; x_wconf 87' lang='lat' dir='ltr'>literis</span> <span class='ocrx_word' id='word_1_63' title='bbox 1113 596 1200 623; x_wconf 89' lang='lat' dir='ltr'>non</span> <span class='ocrx_word' id='word_1_64' title='bbox 1229 579 1513 633; x_wconf 87' lang='lat' dir='ltr'>consignarit;</span> <span class='ocrx_word' id='word_1_65' title='bbox 1544 581 1653 621; x_wconf 88' lang='lat' dir='ltr'>teste</span> 
     </span>
     <span class='ocr_line' id='line_1_8' title="bbox 88 651 984 705; baseline 0.001 -12"><span class='ocrx_word' id='word_1_66' title='bbox 88 653 184 705; x_wconf 91' lang='lat' dir='ltr'>ipso</span> <span class='ocrx_word' id='word_1_67' title='bbox 214 651 345 704; x_wconf 82' lang='lat' dir='ltr'>Mose,</span> <span class='ocrx_word' id='word_1_68' title='bbox 372 652 506 694; x_wconf 75' lang='lat' dir='ltr'>Exod.</span> <span class='ocrx_word' id='word_1_69' title='bbox 536 654 599 705; x_wconf 85' lang='grc'>24,</span> <span class='ocrx_word' id='word_1_70' title='bbox 629 654 666 694; x_wconf 82' lang='lat'>4.</span> <span class='ocrx_word' id='word_1_71' title='bbox 697 652 824 694; x_wconf 86' lang='lat' dir='ltr'>Deut.</span> <span class='ocrx_word' id='word_1_72' title='bbox 852 654 916 704; x_wconf 82' lang='lat'>31,</span> <span class='ocrx_word' id='word_1_73' title='bbox 947 654 984 694; x_wconf 84' lang='lat'>9.</span> 
     </span>
    </p>

    <p class='ocr_par' dir='ltr' id='par_1_4' title="bbox 34 722 1655 1350">
     <span class='ocr_line' id='line_1_9' title="bbox 142 722 1653 778; baseline -0.001 -14"><span class='ocrx_word' id='word_1_74' title='bbox 142 722 215 764; x_wconf 90' lang='lat' dir='ltr'>XI.</span> <span class='ocrx_word' id='word_1_75' title='bbox 254 724 321 765; x_wconf 83' lang='lat' dir='ltr'>Ex</span> <span class='ocrx_word' id='word_1_76' title='bbox 357 724 431 765; x_wconf 90' lang='lat' dir='ltr'>illa</span> <span class='ocrx_word' id='word_1_77' title='bbox 468 725 576 778; x_wconf 87' lang='lat' dir='ltr'>legis</span> <span class='ocrx_word' id='word_1_78' title='bbox 606 725 856 778; x_wconf 89' lang='lat' dir='ltr'>integritate</span> <span class='ocrx_word' id='word_1_79' title='bbox 886 724 970 765; x_wconf 88' lang='lat' dir='ltr'>hoc</span> <span class='ocrx_word' id='word_1_80' title='bbox 998 739 1129 777; x_wconf 88' lang='lat' dir='ltr'>porro</span> <span class='ocrx_word' id='word_1_81' title='bbox 1156 725 1455 777; x_wconf 81' lang='lat' dir='ltr'>argumentum</span> <span class='ocrx_word' id='word_1_82' title='bbox 1484 738 1508 763; x_wconf 88' lang='lat' dir='ltr'>a</span> <span class='ocrx_word' id='word_1_83' title='bbox 1538 737 1653 764; x_wconf 88' lang='lat' dir='ltr'>com-</span> 
     </span>
     <span class='ocr_line' id='line_1_10' title="bbox 89 793 1652 848; baseline -0.001 -12"><span class='ocrx_word' id='word_1_84' title='bbox 89 796 252 848; x_wconf 89' lang='lat' dir='ltr'>paratis</span> <span class='ocrx_word' id='word_1_85' title='bbox 282 795 469 837; x_wconf 81' lang='lat' dir='ltr'>elicitur:</span> <span class='ocrx_word' id='word_1_86' title='bbox 500 795 545 838; x_wconf 82' lang='lat' dir='ltr'>Si</span> <span class='ocrx_word' id='word_1_87' title='bbox 575 796 644 837; x_wconf 83' lang='lat' dir='ltr'>lex</span> <span class='ocrx_word' id='word_1_88' title='bbox 672 794 841 837; x_wconf 87' lang='lat' dir='ltr'>Veteris</span> <span class='ocrx_word' id='word_1_89' title='bbox 871 795 1136 837; x_wconf 87' lang='lat' dir='ltr'>Testamenti</span> <span class='ocrx_word' id='word_1_90' title='bbox 1165 798 1228 837; x_wconf 90' lang='lat' dir='ltr'>est</span> <span class='ocrx_word' id='word_1_91' title='bbox 1251 795 1432 848; x_wconf 88' lang='lat' dir='ltr'>integra,</span> <span class='ocrx_word' id='word_1_92' title='bbox 1460 793 1652 845; x_wconf 86' lang='lat' dir='ltr'>nihilque</span> 
     </span>
     <span class='ocr_line' id='line_1_11' title="bbox 88 865 1652 920; baseline -0.001 -13"><span class='ocrx_word' id='word_1_93' title='bbox 88 866 132 907; x_wconf 89' lang='lat' dir='ltr'>in</span> <span class='ocrx_word' id='word_1_94' title='bbox 157 881 206 908; x_wconf 89' lang='lat' dir='ltr'>ea</span> <span class='ocrx_word' id='word_1_95' title='bbox 230 867 514 909; x_wconf 90' lang='lat' dir='ltr'>desideratum</span> <span class='ocrx_word' id='word_1_96' title='bbox 539 866 620 908; x_wconf 88' lang='lat' dir='ltr'>fuit</span> <span class='ocrx_word' id='word_1_97' title='bbox 646 867 699 908; x_wconf 88' lang='lat' dir='ltr'>ad</span> <span class='ocrx_word' id='word_1_98' title='bbox 725 867 907 908; x_wconf 87' lang='lat' dir='ltr'>salutem</span> <span class='ocrx_word' id='word_1_99' title='bbox 930 867 1083 920; x_wconf 86' lang='lat' dir='ltr'>populi</span> <span class='ocrx_word' id='word_1_100' title='bbox 1101 865 1328 908; x_wconf 71' lang='lat' dir='ltr'>Israelitici</span> <span class='ocrx_word' id='word_1_101' title='bbox 1347 865 1652 908; x_wconf 90' lang='lat' dir='ltr'>necessarium:</span> 
     </span>
     <span class='ocr_line' id='line_1_12' title="bbox 90 937 1654 992; baseline -0.002 -12"><span class='ocrx_word' id='word_1_102' title='bbox 90 938 227 980; x_wconf 90' lang='lat' dir='ltr'>multo</span> <span class='ocrx_word' id='word_1_103' title='bbox 255 939 393 992; x_wconf 88' lang='lat' dir='ltr'>magis</span> <span class='ocrx_word' id='word_1_104' title='bbox 421 941 515 980; x_wconf 88' lang='lat' dir='ltr'>tota</span> <span class='ocrx_word' id='word_1_105' title='bbox 543 938 736 980; x_wconf 90' lang='lat' dir='ltr'>doctrina</span> <span class='ocrx_word' id='word_1_106' title='bbox 764 937 934 980; x_wconf 89' lang='lat' dir='ltr'>Veteris</span> <span class='ocrx_word' id='word_1_107' title='bbox 964 954 1012 980; x_wconf 89' lang='lat' dir='ltr'>ac</span> <span class='ocrx_word' id='word_1_108' title='bbox 1041 937 1156 980; x_wconf 78' lang='lat' dir='ltr'>Novi</span> <span class='ocrx_word' id='word_1_109' title='bbox 1186 937 1448 979; x_wconf 86' lang='lat' dir='ltr'>Testamenti</span> <span class='ocrx_word' id='word_1_110' title='bbox 1465 939 1530 979; x_wconf 92' lang='lat' dir='ltr'>est</span> <span class='ocrx_word' id='word_1_111' title='bbox 1544 937 1654 978; x_wconf 91' lang='lat' dir='ltr'>inte-</span> 
     </span>
     <span class='ocr_line' id='line_1_13' title="bbox 89 1007 1655 1063; baseline -0.003 -11"><span class='ocrx_word' id='word_1_112' title='bbox 89 1024 178 1062; x_wconf 85' lang='lat' dir='ltr'>gra,</span> <span class='ocrx_word' id='word_1_113' title='bbox 217 1010 411 1063; x_wconf 88' lang='lat' dir='ltr'>nihilque</span> <span class='ocrx_word' id='word_1_114' title='bbox 448 1010 493 1051; x_wconf 90' lang='lat' dir='ltr'>in</span> <span class='ocrx_word' id='word_1_115' title='bbox 529 1025 577 1052; x_wconf 89' lang='lat' dir='ltr'>ea</span> <span class='ocrx_word' id='word_1_116' title='bbox 614 1010 843 1052; x_wconf 89' lang='lat' dir='ltr'>desiderari</span> <span class='ocrx_word' id='word_1_117' title='bbox 873 1012 1030 1063; x_wconf 86' lang='lat' dir='ltr'>potest,</span> <span class='ocrx_word' id='word_1_118' title='bbox 1063 1009 1176 1062; x_wconf 90' lang='lat' dir='ltr'>quod</span> <span class='ocrx_word' id='word_1_119' title='bbox 1203 1008 1488 1051; x_wconf 87' lang='lat' dir='ltr'>necessarium</span> <span class='ocrx_word' id='word_1_120' title='bbox 1516 1008 1571 1049; x_wconf 90' lang='lat' dir='ltr'>sit</span> <span class='ocrx_word' id='word_1_121' title='bbox 1603 1007 1655 1048; x_wconf 90' lang='lat' dir='ltr'>ad</span> 
     </span>
     <span class='ocr_line' id='line_1_14' title="bbox 34 1079 1654 1139; baseline -0.001 -17"><span class='ocrx_word' id='word_1_122' title='bbox 34 1093 47 1139; x_wconf 18' lang='grc' dir='ltr'>ι·</span> <span class='ocrx_word' id='word_1_123' title='bbox 90 1081 273 1122; x_wconf 87' lang='lat' dir='ltr'>salutem</span> <span class='ocrx_word' id='word_1_124' title='bbox 325 1081 477 1135; x_wconf 90' lang='lat' dir='ltr'>populi</span> <span class='ocrx_word' id='word_1_125' title='bbox 527 1081 772 1123; x_wconf 84' lang='lat' dir='ltr'>Christiani.</span> <span class='ocrx_word' id='word_1_126' title='bbox 826 1080 939 1123; x_wconf 91' lang='lat' dir='ltr'>Illud</span> <span class='ocrx_word' id='word_1_127' title='bbox 990 1096 1137 1122; x_wconf 85' lang='lat' dir='ltr'>verum</span> <span class='ocrx_word' id='word_1_128' title='bbox 1180 1095 1281 1132; x_wconf 75' lang='lat' dir='ltr'>esse.</span> <span class='ocrx_word' id='word_1_129' title='bbox 1325 1079 1465 1122; x_wconf 89' lang='lat' dir='ltr'>David</span> <span class='ocrx_word' id='word_1_130' title='bbox 1507 1079 1654 1121; x_wconf 87' lang='lat' dir='ltr'>eodem</span> 
     </span>
     <span class='ocr_line' id='line_1_15' title="bbox 90 1150 1655 1207; baseline -0.002 -14"><span class='ocrx_word' id='word_1_131' title='bbox 90 1151 199 1193; x_wconf 90' lang='lat' dir='ltr'>Psal.</span> <span class='ocrx_word' id='word_1_132' title='bbox 244 1153 306 1195; x_wconf 86' lang='lat'>19.</span> <span class='ocrx_word' id='word_1_133' title='bbox 349 1153 506 1206; x_wconf 87' lang='lat' dir='ltr'>probat</span> <span class='ocrx_word' id='word_1_134' title='bbox 550 1153 602 1194; x_wconf 90' lang='lat' dir='ltr'>ab</span> <span class='ocrx_word' id='word_1_135' title='bbox 641 1153 708 1194; x_wconf 89' lang='lat' dir='ltr'>his</span> <span class='ocrx_word' id='word_1_136' title='bbox 747 1153 854 1207; x_wconf 88' lang='lat' dir='ltr'>legis</span> <span class='ocrx_word' id='word_1_137' title='bbox 895 1153 1116 1205; x_wconf 87' lang='lat' dir='ltr'>adjunctis,</span> <span class='ocrx_word' id='word_1_138' title='bbox 1158 1155 1199 1193; x_wconf 91' lang='lat' dir='ltr'>et</span> <span class='ocrx_word' id='word_1_139' title='bbox 1237 1152 1408 1203; x_wconf 82' lang='lat' dir='ltr'>effectis,</span> <span class='ocrx_word' id='word_1_140' title='bbox 1449 1150 1561 1203; x_wconf 87' lang='lat' dir='ltr'>quod</span> <span class='ocrx_word' id='word_1_141' title='bbox 1599 1150 1655 1191; x_wconf 89' lang='lat' dir='ltr'>sit</span> 
     </span>
     <span class='ocr_line' id='line_1_16' title="bbox 90 1219 1655 1279; baseline -0.001 -14"><span class='ocrx_word' id='word_1_142' title='bbox 90 1226 218 1276; x_wconf 87' lang='lat' dir='ltr'>recta,</span> <span class='ocrx_word' id='word_1_143' title='bbox 244 1219 382 1278; x_wconf 76' lang='lat' dir='ltr'>justa,</span> <span class='ocrx_word' id='word_1_144' title='bbox 424 1240 526 1266; x_wconf 89' lang='lat' dir='ltr'>auro</span> <span class='ocrx_word' id='word_1_145' title='bbox 556 1225 799 1279; x_wconf 88' lang='lat' dir='ltr'>pretiosior,</span> <span class='ocrx_word' id='word_1_146' title='bbox 830 1224 957 1266; x_wconf 93' lang='lat' dir='ltr'>melle</span> <span class='ocrx_word' id='word_1_147' title='bbox 988 1223 1163 1275; x_wconf 87' lang='lat' dir='ltr'>dulcior,</span> <span class='ocrx_word' id='word_1_148' title='bbox 1193 1223 1387 1277; x_wconf 85' lang='lat' dir='ltr'>parvulis</span> <span class='ocrx_word' id='word_1_149' title='bbox 1415 1237 1560 1264; x_wconf 82' lang='lat' dir='ltr'>veram</span> <span class='ocrx_word' id='word_1_150' title='bbox 1589 1237 1655 1263; x_wconf 90' lang='lat' dir='ltr'>sa-</span> 
     </span>
     <span class='ocr_line' id='line_1_17' title="bbox 90 1294 1655 1350; baseline -0.002 -13"><span class='ocrx_word' id='word_1_151' title='bbox 90 1295 298 1348; x_wconf 86' lang='lat' dir='ltr'>pientiam</span> <span class='ocrx_word' id='word_1_152' title='bbox 336 1296 627 1350; x_wconf 86' lang='lat' dir='ltr'>suppeditans,</span> <span class='ocrx_word' id='word_1_153' title='bbox 660 1298 701 1338; x_wconf 90' lang='lat' dir='ltr'>et</span> <span class='ocrx_word' id='word_1_154' title='bbox 729 1296 879 1338; x_wconf 89' lang='lat' dir='ltr'>beatos</span> <span class='ocrx_word' id='word_1_155' title='bbox 909 1295 1087 1337; x_wconf 88' lang='lat' dir='ltr'>reddens</span> <span class='ocrx_word' id='word_1_156' title='bbox 1119 1297 1334 1348; x_wconf 87' lang='lat' dir='ltr'>quotquot</span> <span class='ocrx_word' id='word_1_157' title='bbox 1362 1310 1412 1336; x_wconf 83' lang='lat' dir='ltr'>ex</span> <span class='ocrx_word' id='word_1_158' title='bbox 1442 1294 1581 1336; x_wconf 90' lang='lat' dir='ltr'>animo</span> <span class='ocrx_word' id='word_1_159' title='bbox 1611 1294 1655 1335; x_wconf 91' lang='lat' dir='ltr'>in</span> 
     </span>
    </p>
   </div>
   <div class='ocr_carea' id='block_1_3' title="bbox 20 1366 442 1408">
    <p class='ocr_par' dir='ltr' id='par_1_5' title="bbox 20 1366 442 1408">
     <span class='ocr_line' id='line_1_18' title="bbox 20 1366 442 1408; baseline 0.002 -1"><span class='ocrx_word' id='word_1_160' title='bbox 20 1372 23 1373; x_wconf 72' lang='grc'>’</span> <span class='ocrx_word' id='word_1_161' title='bbox 94 1380 142 1407; x_wconf 92' lang='lat' dir='ltr'>ea</span> <span class='ocrx_word' id='word_1_162' title='bbox 170 1366 442 1408; x_wconf 88' lang='lat' dir='ltr'>meditantur.</span> 
     </span>
    </p>
   </div>
   <div class='ocr_carea' id='block_1_4' title="bbox 91 1435 1658 2993">
    <p class='ocr_par' dir='ltr' id='par_1_6' title="bbox 91 1435 1657 2063">
     <span class='ocr_line' id='line_1_19' title="bbox 144 1435 1655 1492; baseline -0.001 -14"><span class='ocrx_word' id='word_1_163' title='bbox 144 1436 239 1479; x_wconf 87' lang='lat' dir='ltr'>XII.</span> <span class='ocrx_word' id='word_1_164' title='bbox 270 1438 415 1480; x_wconf 88' lang='lat' dir='ltr'>Tertia</span> <span class='ocrx_word' id='word_1_165' title='bbox 442 1439 643 1492; x_wconf 87' lang='lat' dir='ltr'>probatio</span> <span class='ocrx_word' id='word_1_166' title='bbox 673 1439 828 1480; x_wconf 88' lang='lat' dir='ltr'>nititur</span> <span class='ocrx_word' id='word_1_167' title='bbox 856 1439 984 1480; x_wconf 90' lang='lat' dir='ltr'>titulo</span> <span class='ocrx_word' id='word_1_168' title='bbox 1014 1437 1380 1489; x_wconf 86' lang='lat' dir='ltr'>Testamenti,</span> <span class='ocrx_word' id='word_1_169' title='bbox 1413 1452 1496 1489; x_wconf 89' lang='lat' dir='ltr'>quo</span> <span class='ocrx_word' id='word_1_170' title='bbox 1527 1435 1655 1478; x_wconf 80' lang='lat' dir='ltr'>Sacra</span> 
     </span>
     <span class='ocr_line' id='line_1_20' title="bbox 92 1507 1656 1563; baseline -0.003 -12"><span class='ocrx_word' id='word_1_171' title='bbox 92 1507 314 1562; x_wconf 77' lang='lat' dir='ltr'>Scriptura</span> <span class='ocrx_word' id='word_1_172' title='bbox 355 1510 599 1563; x_wconf 82' lang='lat' dir='ltr'>insignitur,</span> <span class='ocrx_word' id='word_1_173' title='bbox 643 1509 774 1551; x_wconf 88' lang='lat' dir='ltr'>Hebr.</span> <span class='ocrx_word' id='word_1_174' title='bbox 819 1510 856 1561; x_wconf 77' lang='lat'>9,</span> <span class='ocrx_word' id='word_1_175' title='bbox 900 1510 962 1550; x_wconf 84' lang='lat'>15.</span> <span class='ocrx_word' id='word_1_176' title='bbox 1006 1510 1069 1550; x_wconf 84' lang='lat'>16.</span> <span class='ocrx_word' id='word_1_177' title='bbox 1111 1510 1172 1550; x_wconf 84' lang='lat'>17.</span> <span class='ocrx_word' id='word_1_178' title='bbox 1212 1507 1475 1550; x_wconf 88' lang='lat' dir='ltr'>Testamenti</span> <span class='ocrx_word' id='word_1_179' title='bbox 1515 1510 1656 1548; x_wconf 90' lang='lat' dir='ltr'>autem</span> 
     </span>
     <span class='ocr_line' id='line_1_21' title="bbox 91 1578 1655 1635; baseline -0.003 -12"><span class='ocrx_word' id='word_1_180' title='bbox 91 1581 195 1623; x_wconf 90' lang='lat' dir='ltr'>haec</span> <span class='ocrx_word' id='word_1_181' title='bbox 225 1583 289 1623; x_wconf 92' lang='lat' dir='ltr'>est</span> <span class='ocrx_word' id='word_1_182' title='bbox 317 1581 457 1635; x_wconf 88' lang='lat' dir='ltr'>prima</span> <span class='ocrx_word' id='word_1_183' title='bbox 484 1581 740 1635; x_wconf 88' lang='lat' dir='ltr'>proprietas,</span> <span class='ocrx_word' id='word_1_184' title='bbox 778 1583 826 1622; x_wconf 89' lang='lat' dir='ltr'>ut</span> <span class='ocrx_word' id='word_1_185' title='bbox 856 1580 1091 1634; x_wconf 78' lang='lat' dir='ltr'>perfectam</span> <span class='ocrx_word' id='word_1_186' title='bbox 1121 1579 1359 1621; x_wconf 88' lang='lat' dir='ltr'>Testatoris</span> <span class='ocrx_word' id='word_1_187' title='bbox 1388 1578 1655 1620; x_wconf 87' lang='lat' dir='ltr'>voluntatem</span> 
     </span>
     <span class='ocr_line' id='line_1_22' title="bbox 93 1649 1656 1706; baseline -0.003 -12"><span class='ocrx_word' id='word_1_188' title='bbox 93 1653 290 1704; x_wconf 83' lang='lat' dir='ltr'>declaret,</span> <span class='ocrx_word' id='word_1_189' title='bbox 321 1654 363 1694; x_wconf 91' lang='lat' dir='ltr'>et</span> <span class='ocrx_word' id='word_1_190' title='bbox 391 1652 488 1706; x_wconf 90' lang='lat' dir='ltr'>plus</span> <span class='ocrx_word' id='word_1_191' title='bbox 518 1653 621 1694; x_wconf 89' lang='lat' dir='ltr'>satis</span> <span class='ocrx_word' id='word_1_192' title='bbox 650 1653 849 1694; x_wconf 88' lang='lat' dir='ltr'>idoneum</span> <span class='ocrx_word' id='word_1_193' title='bbox 878 1652 933 1693; x_wconf 93' lang='lat' dir='ltr'>sit</span> <span class='ocrx_word' id='word_1_194' title='bbox 964 1652 1015 1693; x_wconf 89' lang='lat' dir='ltr'>ad</span> <span class='ocrx_word' id='word_1_195' title='bbox 1045 1652 1187 1693; x_wconf 89' lang='lat' dir='ltr'>omnia</span> <span class='ocrx_word' id='word_1_196' title='bbox 1217 1653 1259 1692; x_wconf 92' lang='lat' dir='ltr'>et</span> <span class='ocrx_word' id='word_1_197' title='bbox 1287 1650 1454 1703; x_wconf 86' lang='lat' dir='ltr'>singula</span> <span class='ocrx_word' id='word_1_198' title='bbox 1483 1649 1656 1691; x_wconf 86' lang='lat' dir='ltr'>haeredi</span> 
     </span>
     <span class='ocr_line' id='line_1_23' title="bbox 93 1720 1656 1777; baseline -0.002 -12"><span class='ocrx_word' id='word_1_199' title='bbox 93 1724 372 1777; x_wconf 86' lang='lat' dir='ltr'>significanda</span> <span class='ocrx_word' id='word_1_200' title='bbox 410 1739 517 1776; x_wconf 91' lang='lat' dir='ltr'>quae</span> <span class='ocrx_word' id='word_1_201' title='bbox 556 1724 608 1765; x_wconf 91' lang='lat' dir='ltr'>ad</span> <span class='ocrx_word' id='word_1_202' title='bbox 649 1724 885 1765; x_wconf 86' lang='lat' dir='ltr'>adeundam</span> <span class='ocrx_word' id='word_1_203' title='bbox 923 1723 1229 1764; x_wconf 88' lang='lat' dir='ltr'>haereditatem</span> <span class='ocrx_word' id='word_1_204' title='bbox 1265 1722 1552 1774; x_wconf 87' lang='lat' dir='ltr'>requiruntur.</span> <span class='ocrx_word' id='word_1_205' title='bbox 1583 1720 1656 1763; x_wconf 81' lang='lat' dir='ltr'>Se-</span> 
     </span>
     <span class='ocr_line' id='line_1_24' title="bbox 95 1792 1657 1847; baseline -0.003 -10"><span class='ocrx_word' id='word_1_206' title='bbox 95 1795 241 1847; x_wconf 87' lang='lat' dir='ltr'>cunda,</span> <span class='ocrx_word' id='word_1_207' title='bbox 280 1798 327 1836; x_wconf 92' lang='lat' dir='ltr'>ut</span> <span class='ocrx_word' id='word_1_208' title='bbox 365 1810 413 1837; x_wconf 92' lang='lat' dir='ltr'>eo</span> <span class='ocrx_word' id='word_1_209' title='bbox 453 1795 716 1847; x_wconf 88' lang='lat' dir='ltr'>confirmato,</span> <span class='ocrx_word' id='word_1_210' title='bbox 756 1795 899 1836; x_wconf 89' lang='lat' dir='ltr'>nullus</span> <span class='ocrx_word' id='word_1_211' title='bbox 938 1794 1045 1836; x_wconf 90' lang='lat' dir='ltr'>illud</span> <span class='ocrx_word' id='word_1_212' title='bbox 1084 1794 1275 1847; x_wconf 83' lang='lat' dir='ltr'>abroget,</span> <span class='ocrx_word' id='word_1_213' title='bbox 1316 1795 1389 1834; x_wconf 90' lang='lat' dir='ltr'>aut</span> <span class='ocrx_word' id='word_1_214' title='bbox 1428 1793 1591 1845; x_wconf 88' lang='lat' dir='ltr'>aliquid</span> <span class='ocrx_word' id='word_1_215' title='bbox 1619 1792 1657 1833; x_wconf 90' lang='lat' dir='ltr'>ei</span> 
     </span>
     <span class='ocr_line' id='line_1_25' title="bbox 94 1865 1656 1920; baseline -0.002 -12"><span class='ocrx_word' id='word_1_216' title='bbox 94 1866 363 1920; x_wconf 87' lang='lat' dir='ltr'>superaddat,</span> <span class='ocrx_word' id='word_1_217' title='bbox 394 1867 520 1908; x_wconf 88' lang='lat' dir='ltr'>sicuti</span> <span class='ocrx_word' id='word_1_218' title='bbox 549 1882 600 1908; x_wconf 82' lang='lat' dir='ltr'>ex</span> <span class='ocrx_word' id='word_1_219' title='bbox 627 1867 722 1920; x_wconf 87' lang='lat' dir='ltr'>ipso</span> <span class='ocrx_word' id='word_1_220' title='bbox 755 1866 954 1908; x_wconf 82' lang='lat' dir='ltr'>Gentium</span> <span class='ocrx_word' id='word_1_221' title='bbox 979 1867 1086 1918; x_wconf 85' lang='lat' dir='ltr'>jure,</span> <span class='ocrx_word' id='word_1_222' title='bbox 1117 1868 1246 1918; x_wconf 85' lang='lat' dir='ltr'>atque</span> <span class='ocrx_word' id='word_1_223' title='bbox 1275 1865 1483 1918; x_wconf 82' lang='lat' dir='ltr'>exemplo,</span> <span class='ocrx_word' id='word_1_224' title='bbox 1516 1866 1656 1906; x_wconf 89' lang='lat' dir='ltr'>osten-</span> 
     </span>
     <span class='ocr_line' id='line_1_26' title="bbox 95 1935 1657 1991; baseline -0.002 -12"><span class='ocrx_word' id='word_1_225' title='bbox 95 1938 157 1979; x_wconf 91' lang='lat' dir='ltr'>dit</span> <span class='ocrx_word' id='word_1_226' title='bbox 194 1937 444 1991; x_wconf 88' lang='lat' dir='ltr'>Apostolus,</span> <span class='ocrx_word' id='word_1_227' title='bbox 486 1936 624 1979; x_wconf 82' lang='lat' dir='ltr'>Galat.</span> <span class='ocrx_word' id='word_1_228' title='bbox 663 1939 699 1990; x_wconf 81' lang='grc'>3,</span> <span class='ocrx_word' id='word_1_229' title='bbox 740 1939 801 1979; x_wconf 82' lang='lat'>15.</span> <span class='ocrx_word' id='word_1_230' title='bbox 839 1937 962 1987; x_wconf 81' lang='lat' dir='ltr'>Quod</span> <span class='ocrx_word' id='word_1_231' title='bbox 991 1938 1120 1979; x_wconf 89' lang='lat' dir='ltr'>etiam</span> <span class='ocrx_word' id='word_1_232' title='bbox 1149 1938 1254 1979; x_wconf 90' lang='lat' dir='ltr'>citat</span> <span class='ocrx_word' id='word_1_233' title='bbox 1282 1936 1468 1978; x_wconf 86' lang='lat' dir='ltr'>Basilius</span> <span class='ocrx_word' id='word_1_234' title='bbox 1499 1935 1548 1977; x_wconf 91' lang='lat' dir='ltr'>de</span> <span class='ocrx_word' id='word_1_235' title='bbox 1576 1935 1657 1978; x_wconf 87' lang='lat' dir='ltr'>fide</span> 
     </span>
     <span class='ocr_line' id='line_1_27' title="bbox 95 2008 993 2063; baseline 0 -13"><span class='ocrx_word' id='word_1_236' title='bbox 95 2008 315 2060; x_wconf 88' lang='lat' dir='ltr'>disserens,</span> <span class='ocrx_word' id='word_1_237' title='bbox 346 2011 388 2051; x_wconf 92' lang='lat' dir='ltr'>et</span> <span class='ocrx_word' id='word_1_238' title='bbox 417 2009 686 2063; x_wconf 84' lang='lat' dir='ltr'>Augustinus</span> <span class='ocrx_word' id='word_1_239' title='bbox 714 2010 758 2051; x_wconf 91' lang='lat' dir='ltr'>in</span> <span class='ocrx_word' id='word_1_240' title='bbox 787 2009 900 2051; x_wconf 89' lang='lat' dir='ltr'>Psal.</span> <span class='ocrx_word' id='word_1_241' title='bbox 930 2009 993 2050; x_wconf 95' lang='grc'>21.</span> 
     </span>
    </p>

    <p class='ocr_par' dir='ltr' id='par_1_7' title="bbox 95 2077 1658 2634">
     <span class='ocr_line' id='line_1_28' title="bbox 148 2077 1658 2134; baseline -0.003 -12"><span class='ocrx_word' id='word_1_242' title='bbox 148 2079 264 2122; x_wconf 86' lang='grc' dir='ltr'>ΧΙΙΙ.</span> <span class='ocrx_word' id='word_1_243' title='bbox 295 2080 457 2130; x_wconf 79' lang='lat' dir='ltr'>Quarta</span> <span class='ocrx_word' id='word_1_244' title='bbox 484 2080 684 2134; x_wconf 87' lang='lat' dir='ltr'>probatio</span> <span class='ocrx_word' id='word_1_245' title='bbox 714 2081 811 2122; x_wconf 90' lang='lat' dir='ltr'>inde</span> <span class='ocrx_word' id='word_1_246' title='bbox 845 2081 1017 2132; x_wconf 85' lang='lat' dir='ltr'>eruitur,</span> <span class='ocrx_word' id='word_1_247' title='bbox 1050 2080 1164 2132; x_wconf 90' lang='lat' dir='ltr'>quod</span> <span class='ocrx_word' id='word_1_248' title='bbox 1192 2080 1248 2121; x_wconf 90' lang='lat' dir='ltr'>sit</span> <span class='ocrx_word' id='word_1_249' title='bbox 1277 2078 1470 2132; x_wconf 86' lang='lat' dir='ltr'>regula</span> <span class='ocrx_word' id='word_1_250' title='bbox 1494 2077 1592 2118; x_wconf 88' lang='lat' dir='ltr'>fidei</span> <span class='ocrx_word' id='word_1_251' title='bbox 1617 2079 1658 2118; x_wconf 92' lang='lat' dir='ltr'>et</span> 
     </span>
     <span class='ocr_line' id='line_1_29' title="bbox 95 2149 1658 2204; baseline -0.003 -11"><span class='ocrx_word' id='word_1_252' title='bbox 95 2153 220 2204; x_wconf 84' lang='lat' dir='ltr'>Vitae,</span> <span class='ocrx_word' id='word_1_253' title='bbox 263 2155 309 2193; x_wconf 84' lang='lat' dir='ltr'>ut</span> <span class='ocrx_word' id='word_1_254' title='bbox 352 2152 495 2194; x_wconf 85' lang='lat' dir='ltr'>videre</span> <span class='ocrx_word' id='word_1_255' title='bbox 537 2154 601 2194; x_wconf 88' lang='lat' dir='ltr'>est</span> <span class='ocrx_word' id='word_1_256' title='bbox 639 2151 778 2194; x_wconf 80' lang='lat' dir='ltr'>Galat.</span> <span class='ocrx_word' id='word_1_257' title='bbox 821 2152 857 2204; x_wconf 89' lang='grc'>6,</span> <span class='ocrx_word' id='word_1_258' title='bbox 902 2152 965 2193; x_wconf 90' lang='grc'>16.</span> <span class='ocrx_word' id='word_1_259' title='bbox 1011 2151 1331 2203; x_wconf 77' lang='lat' dir='ltr'>Quicunque</span> <span class='ocrx_word' id='word_1_260' title='bbox 1369 2149 1658 2192; x_wconf 89' lang='lat' dir='ltr'>secundum</span> 
     </span>
     <span class='ocr_line' id='line_1_30' title="bbox 95 2222 1658 2277; baseline -0.002 -12"><span class='ocrx_word' id='word_1_261' title='bbox 95 2223 229 2265; x_wconf 90' lang='lat' dir='ltr'>hanc</span> <span class='ocrx_word' id='word_1_262' title='bbox 285 2224 528 2277; x_wconf 89' lang='lat' dir='ltr'>regulam</span> <span class='ocrx_word' id='word_1_263' title='bbox 583 2223 868 2275; x_wconf 90' lang='lat' dir='ltr'>incedunt,</span> <span class='ocrx_word' id='word_1_264' title='bbox 926 2238 1028 2277; x_wconf 79' lang='lat' dir='ltr'>pax</span> <span class='ocrx_word' id='word_1_265' title='bbox 1083 2223 1190 2264; x_wconf 90' lang='lat' dir='ltr'>erit</span> <span class='ocrx_word' id='word_1_266' title='bbox 1241 2235 1403 2275; x_wconf 88' lang='lat' dir='ltr'>super</span> <span class='ocrx_word' id='word_1_267' title='bbox 1455 2236 1563 2273; x_wconf 90' lang='lat' dir='ltr'>eos,</span> <span class='ocrx_word' id='word_1_268' title='bbox 1609 2222 1658 2262; x_wconf 89' lang='lat' dir='ltr'>et</span> 
     </span>
     <span class='ocr_line' id='line_1_31' title="bbox 96 2293 1658 2347; baseline -0.002 -11"><span class='ocrx_word' id='word_1_269' title='bbox 96 2295 492 2336; x_wconf 87' lang='lat' dir='ltr'>misericordia.</span> <span class='ocrx_word' id='word_1_270' title='bbox 531 2294 590 2336; x_wconf 87' lang='lat' dir='ltr'>Et</span> <span class='ocrx_word' id='word_1_271' title='bbox 627 2294 738 2336; x_wconf 89' lang='lat' dir='ltr'>Phil.</span> <span class='ocrx_word' id='word_1_272' title='bbox 769 2296 806 2347; x_wconf 81' lang='lat'>3,</span> <span class='ocrx_word' id='word_1_273' title='bbox 838 2295 901 2336; x_wconf 85' lang='lat'>16.</span> <span class='ocrx_word' id='word_1_274' title='bbox 933 2293 1079 2336; x_wconf 90' lang='lat' dir='ltr'>Omnis</span> <span class='ocrx_word' id='word_1_275' title='bbox 1111 2297 1254 2336; x_wconf 89' lang='lat' dir='ltr'>autem</span> <span class='ocrx_word' id='word_1_276' title='bbox 1280 2293 1430 2347; x_wconf 87' lang='lat' dir='ltr'>regula</span> <span class='ocrx_word' id='word_1_277' title='bbox 1460 2293 1563 2334; x_wconf 88' lang='lat' dir='ltr'>adeo</span> <span class='ocrx_word' id='word_1_278' title='bbox 1595 2294 1658 2333; x_wconf 88' lang='lat' dir='ltr'>est</span> 
     </span>
     <span class='ocr_line' id='line_1_32' title="bbox 95 2364 1656 2420; baseline -0.002 -13"><span class='ocrx_word' id='word_1_279' title='bbox 95 2366 296 2420; x_wconf 88' lang='lat' dir='ltr'>perfecta,</span> <span class='ocrx_word' id='word_1_280' title='bbox 335 2368 383 2407; x_wconf 91' lang='lat' dir='ltr'>ut</span> <span class='ocrx_word' id='word_1_281' title='bbox 424 2366 588 2408; x_wconf 89' lang='lat' dir='ltr'>nullam</span> <span class='ocrx_word' id='word_1_282' title='bbox 630 2366 967 2418; x_wconf 88' lang='lat' dir='ltr'>diminutionem,</span> <span class='ocrx_word' id='word_1_283' title='bbox 1009 2368 1081 2408; x_wconf 91' lang='lat' dir='ltr'>aut</span> <span class='ocrx_word' id='word_1_284' title='bbox 1119 2366 1399 2418; x_wconf 82' lang='lat' dir='ltr'>adjectionem</span> <span class='ocrx_word' id='word_1_285' title='bbox 1436 2364 1656 2406; x_wconf 85' lang='lat' dir='ltr'>admittat:</span> 
     </span>
     <span class='ocr_line' id='line_1_33' title="bbox 97 2435 1658 2491; baseline -0.002 -13"><span class='ocrx_word' id='word_1_286' title='bbox 97 2437 260 2490; x_wconf 86' lang='lat' dir='ltr'>alioqui</span> <span class='ocrx_word' id='word_1_287' title='bbox 300 2452 387 2479; x_wconf 90' lang='lat' dir='ltr'>non</span> <span class='ocrx_word' id='word_1_288' title='bbox 425 2440 534 2479; x_wconf 89' lang='lat' dir='ltr'>esset</span> <span class='ocrx_word' id='word_1_289' title='bbox 570 2438 742 2491; x_wconf 80' lang='lat' dir='ltr'>regula.¹</span> <span class='ocrx_word' id='word_1_290' title='bbox 773 2437 896 2487; x_wconf 80' lang='lat' dir='ltr'>Quod</span> <span class='ocrx_word' id='word_1_291' title='bbox 933 2437 1096 2480; x_wconf 78' lang='lat' dir='ltr'>Gerson</span> <span class='ocrx_word' id='word_1_292' title='bbox 1134 2437 1186 2478; x_wconf 90' lang='lat' dir='ltr'>ad</span> <span class='ocrx_word' id='word_1_293' title='bbox 1222 2436 1375 2479; x_wconf 81' lang='lat' dir='ltr'>Sacrae</span> <span class='ocrx_word' id='word_1_294' title='bbox 1413 2435 1658 2488; x_wconf 85' lang='lat' dir='ltr'>Scripturae</span> 
     </span>
     <span class='ocr_line' id='line_1_34' title="bbox 96 2506 1657 2564; baseline -0.003 -13"><span class='ocrx_word' id='word_1_295' title='bbox 96 2524 289 2551; x_wconf 90' lang='lat' dir='ltr'>normam</span> <span class='ocrx_word' id='word_1_296' title='bbox 318 2510 617 2552; x_wconf 82' lang='lat' dir='ltr'>convenienter</span> <span class='ocrx_word' id='word_1_297' title='bbox 645 2510 836 2564; x_wconf 88' lang='lat' dir='ltr'>applicat</span> <span class='ocrx_word' id='word_1_298' title='bbox 863 2510 908 2551; x_wconf 92' lang='lat' dir='ltr'>in</span> <span class='ocrx_word' id='word_1_299' title='bbox 936 2512 1058 2552; x_wconf 88' lang='lat' dir='ltr'>tract.</span> <span class='ocrx_word' id='word_1_300' title='bbox 1090 2510 1139 2551; x_wconf 90' lang='lat' dir='ltr'>de</span> <span class='ocrx_word' id='word_1_301' title='bbox 1170 2524 1302 2551; x_wconf 81' lang='lat' dir='ltr'>exam.</span> <span class='ocrx_word' id='word_1_302' title='bbox 1333 2508 1442 2549; x_wconf 89' lang='lat' dir='ltr'>doct.</span> <span class='ocrx_word' id='word_1_303' title='bbox 1472 2507 1590 2548; x_wconf 90' lang='lat' dir='ltr'>Tom.</span> <span class='ocrx_word' id='word_1_304' title='bbox 1622 2506 1657 2547; x_wconf 94' lang='lat'>1.</span> 
     </span>
     <span class='ocr_line' id='line_1_35' title="bbox 98 2582 286 2634; baseline 0 -12"><span class='ocrx_word' id='word_1_305' title='bbox 98 2583 221 2634; x_wconf 88' lang='lat' dir='ltr'>parte</span> <span class='ocrx_word' id='word_1_306' title='bbox 249 2582 286 2622; x_wconf 82' lang='lat'>2.</span> 
     </span>
    </p>

    <p class='ocr_par' dir='ltr' id='par_1_8' title="bbox 98 2651 1658 2993">
     <span class='ocr_line' id='line_1_36' title="bbox 150 2651 1657 2707; baseline -0.003 -12"><span class='ocrx_word' id='word_1_307' title='bbox 150 2652 271 2695; x_wconf 73' lang='lat' dir='ltr'>XIV.</span> <span class='ocrx_word' id='word_1_308' title='bbox 301 2652 536 2707; x_wconf 90' lang='lat' dir='ltr'>Propterea</span> <span class='ocrx_word' id='word_1_309' title='bbox 564 2653 801 2707; x_wconf 90' lang='lat' dir='ltr'>Apostolus</span> <span class='ocrx_word' id='word_1_310' title='bbox 831 2652 859 2695; x_wconf 82' lang='lat' dir='ltr'>J</span> <span class='ocrx_word' id='word_1_311' title='bbox 863 2653 1052 2695; x_wconf 88' lang='lat' dir='ltr'>ohannes</span> <span class='ocrx_word' id='word_1_312' title='bbox 1081 2652 1234 2694; x_wconf 81' lang='lat' dir='ltr'>Sacrae</span> <span class='ocrx_word' id='word_1_313' title='bbox 1260 2651 1506 2704; x_wconf 80' lang='lat' dir='ltr'>Scripturae</span> <span class='ocrx_word' id='word_1_314' title='bbox 1531 2664 1657 2691; x_wconf 87' lang='lat' dir='ltr'>cano-</span> 
     </span>
     <span class='ocr_line' id='line_1_37' title="bbox 98 2720 1658 2778; baseline -0.003 -12"><span class='ocrx_word' id='word_1_315' title='bbox 98 2738 195 2765; x_wconf 90' lang='lat' dir='ltr'>nem</span> <span class='ocrx_word' id='word_1_316' title='bbox 234 2724 314 2766; x_wconf 90' lang='lat' dir='ltr'>hac</span> <span class='ocrx_word' id='word_1_317' title='bbox 349 2727 568 2778; x_wconf 90' lang='lat' dir='ltr'>postrema</span> <span class='ocrx_word' id='word_1_318' title='bbox 607 2739 682 2765; x_wconf 90' lang='lat' dir='ltr'>sua</span> <span class='ocrx_word' id='word_1_319' title='bbox 719 2725 1058 2778; x_wconf 89' lang='lat' dir='ltr'>praemonitione</span> <span class='ocrx_word' id='word_1_320' title='bbox 1092 2724 1152 2765; x_wconf 91' lang='lat' dir='ltr'>sic</span> <span class='ocrx_word' id='word_1_321' title='bbox 1182 2723 1394 2778; x_wconf 87' lang='lat' dir='ltr'>obsignat,</span> <span class='ocrx_word' id='word_1_322' title='bbox 1424 2723 1471 2762; x_wconf 90' lang='lat' dir='ltr'>ut</span> <span class='ocrx_word' id='word_1_323' title='bbox 1498 2720 1575 2762; x_wconf 91' lang='lat' dir='ltr'>illa</span> <span class='ocrx_word' id='word_1_324' title='bbox 1605 2720 1658 2761; x_wconf 92' lang='lat' dir='ltr'>ad</span> 
     </span>
     <span class='ocr_line' id='line_1_38' title="bbox 98 2792 1656 2849; baseline -0.003 -12"><span class='ocrx_word' id='word_1_325' title='bbox 98 2796 340 2838; x_wconf 89' lang='lat' dir='ltr'>universum</span> <span class='ocrx_word' id='word_1_326' title='bbox 378 2811 548 2849; x_wconf 87' lang='lat' dir='ltr'>quoque</span> <span class='ocrx_word' id='word_1_327' title='bbox 581 2794 827 2849; x_wconf 82' lang='lat' dir='ltr'>Scripturae</span> <span class='ocrx_word' id='word_1_328' title='bbox 857 2810 1009 2849; x_wconf 91' lang='lat' dir='ltr'>corpus</span> <span class='ocrx_word' id='word_1_329' title='bbox 1040 2794 1209 2836; x_wconf 82' lang='lat' dir='ltr'>extendi</span> <span class='ocrx_word' id='word_1_330' title='bbox 1237 2793 1399 2844; x_wconf 90' lang='lat' dir='ltr'>debeat,</span> <span class='ocrx_word' id='word_1_331' title='bbox 1429 2792 1563 2846; x_wconf 91' lang='lat' dir='ltr'>Apoc.</span> <span class='ocrx_word' id='word_1_332' title='bbox 1593 2792 1656 2844; x_wconf 92' lang='grc'>22,</span> 
     </span>
     <span class='ocr_line' id='line_1_39' title="bbox 100 2863 1657 2920; baseline -0.002 -12"><span class='ocrx_word' id='word_1_333' title='bbox 100 2867 162 2908; x_wconf 86' lang='grc'>18.</span> <span class='ocrx_word' id='word_1_334' title='bbox 207 2868 268 2909; x_wconf 84' lang='grc'>19.</span> <span class='ocrx_word' id='word_1_335' title='bbox 312 2867 365 2910; x_wconf 82' lang='lat' dir='ltr'>Si</span> <span class='ocrx_word' id='word_1_336' title='bbox 396 2868 514 2920; x_wconf 88' lang='lat' dir='ltr'>quis</span> <span class='ocrx_word' id='word_1_337' title='bbox 554 2867 826 2920; x_wconf 88' lang='lat' dir='ltr'>adjecerit</span> <span class='ocrx_word' id='word_1_338' title='bbox 863 2867 923 2908; x_wconf 90' lang='lat' dir='ltr'>ad</span> <span class='ocrx_word' id='word_1_339' title='bbox 960 2866 1110 2918; x_wconf 89' lang='lat' dir='ltr'>haec,</span> <span class='ocrx_word' id='word_1_340' title='bbox 1150 2866 1393 2918; x_wconf 88' lang='lat' dir='ltr'>imponet</span> <span class='ocrx_word' id='word_1_341' title='bbox 1432 2865 1479 2906; x_wconf 90' lang='lat' dir='ltr'>ei</span> <span class='ocrx_word' id='word_1_342' title='bbox 1517 2863 1657 2906; x_wconf 92' lang='lat' dir='ltr'>Deus</span> 
     </span>
     <span class='ocr_line' id='line_1_40' title="bbox 100 2935 1658 2993; baseline -0.003 -13"><span class='ocrx_word' id='word_1_343' title='bbox 100 2939 294 2992; x_wconf 88' lang='lat' dir='ltr'>plagas</span> <span class='ocrx_word' id='word_1_344' title='bbox 335 2939 579 2993; x_wconf 86' lang='lat' dir='ltr'>scriptas</span> <span class='ocrx_word' id='word_1_345' title='bbox 615 2938 669 2980; x_wconf 90' lang='lat' dir='ltr'>in</span> <span class='ocrx_word' id='word_1_346' title='bbox 705 2938 851 2982; x_wconf 87' lang='lat' dir='ltr'>libro</span> <span class='ocrx_word' id='word_1_347' title='bbox 887 2939 1011 2980; x_wconf 88' lang='lat' dir='ltr'>isto.</span> <span class='ocrx_word' id='word_1_348' title='bbox 1040 2937 1107 2980; x_wconf 86' lang='lat' dir='ltr'>Et</span> <span class='ocrx_word' id='word_1_349' title='bbox 1136 2937 1180 2979; x_wconf 89' lang='lat' dir='ltr'>si</span> <span class='ocrx_word' id='word_1_350' title='bbox 1209 2937 1327 2991; x_wconf 91' lang='lat' dir='ltr'>quis</span> <span class='ocrx_word' id='word_1_351' title='bbox 1357 2935 1658 2978; x_wconf 86' lang='lat' dir='ltr'>abstulerit</span> 
     </span>
    </p>
   </div>
  </div>
 </body>
</html>
