1931 3224
885 159 923 186 XI

130 287 340 338 stituistis,
375 287 447 328 sed
475 287 527 328 ab
555 285 712 339 iniquis
742 285 1120 327 contradic-entium
1150 284 1515 326 criminationibus
1544 287 1684 326 vestro

132 390 301 428 quoque
340 374 542 427 suffragio
580 374 624 415 in
663 373 834 427 Synodo
873 373 1147 415 Dordracena
1174 372 1418 426 nuperrime
1446 372 1685 421 liberatam,

131 466 255 506 aucto
292 463 476 516 insuper,
516 462 589 515 qui
617 461 897 514 Theologiam
924 461 1238 516 profiterentur,
1266 475 1454 513 numero,
1484 461 1527 502 in
1559 476 1686 516 exop-

131 556 223 596 tato
253 552 474 606 dignitatis
502 551 676 605 fastigio
706 551 954 593 collocastis.
984 550 1108 592 Hanc
1131 552 1314 592 vestram
1339 564 1482 592 curam
1507 566 1555 592 ac
1579 551 1687 605 vigi-

132 643 321 694 lantiam,
361 657 444 694 qua
481 641 564 683 hoc
601 640 886 682 Ecclesiarum
918 642 1161 681 nostrarum
1191 639 1464 681 seminarium
1492 639 1688 681 maximis

134 732 401 786 superiorum
436 727 738 784 tempestatum
776 729 975 783 periculis
1006 732 1199 783 ereptum
1227 729 1271 770 in
1301 729 1436 771 solido
1466 743 1514 770 ac
1542 743 1689 770 sereno

133 797 347 873 posuistis,
392 819 573 862 aeternis
615 818 807 867 laudibus
850 818 1079 870 colendam,
1118 818 1400 860 venerandam
1437 832 1485 859 ac
1524 817 1691 870 praedi-

136 909 311 951 candam
362 924 587 951 censemus.
630 908 699 950 Ad
741 909 854 961 quod
895 908 1064 962 publice
1105 907 1360 959 testandum,
1400 907 1482 949 hoc
1522 909 1692 949 nostrae

135 999 407 1054 gratitudinis
445 998 696 1050 debitaeque
736 998 1032 1040 observantiae
1070 999 1404 1049 monumentum,
1438 997 1557 1038 vobis
1586 1012 1693 1038 nun-

137 1103 337 1142 cupamus
374 1088 654 1138 SYNOPSIN,
694 1087 866 1138 scilicet,
907 1086 1154 1128 PURIORis
1185 1086 1534 1138 THEOLOGIAE,
1565 1101 1693 1139 quam

135 1176 180 1217 in
212 1176 440 1218 Academia
469 1180 609 1219 vestra
640 1176 902 1230 profitemur,
935 1175 1215 1228 omnibusque
1245 1175 1322 1216 sub
1351 1177 1492 1217 vestro
1524 1175 1694 1217 nomine

137 1265 410 1319 spectandam
454 1268 494 1307 et
533 1265 585 1306 ad
621 1264 802 1318 Lydium
835 1265 987 1307 Sacrae
1027 1264 1273 1318 Scripturae
1311 1264 1497 1318 lapidem
1536 1266 1695 1306 exami-

136 1355 319 1397 nandam
358 1356 658 1409 proponimus;
697 1358 788 1397 tum
825 1359 873 1397 ut
910 1358 1026 1397 totus
1055 1358 1265 1397 terrarum
1295 1355 1409 1397 orbis
1439 1370 1513 1397 vos
1542 1355 1695 1397 acerri-

138 1459 230 1487 mos
271 1447 313 1487 et
355 1445 720 1487 constantissimos
757 1445 869 1487 illius
906 1460 993 1487 esse
1031 1445 1271 1487 defensores
1308 1445 1408 1486 hinc
1445 1448 1695 1499 cognoscat;

138 1537 243 1587 tum,
280 1537 328 1577 ut
366 1549 579 1576 sacrarum
614 1535 855 1576 litterarum
895 1534 1117 1577 Candidati
1145 1535 1241 1577 fidei
1271 1537 1441 1577 nostrae
1470 1535 1695 1588 commissi,

140 1623 185 1664 in
213 1624 450 1666 studiorum
478 1638 649 1666 suorum
679 1638 803 1665 cursu
830 1624 940 1666 hanc
964 1624 1226 1677 Cynosuram
1251 1625 1382 1666 oculis
1408 1625 1493 1666 suis
1518 1625 1698 1667 lustrent

142 1727 191 1754 ac
231 1715 484 1765 sequantur3
525 1715 618 1754 tum
660 1713 852 1765 denique,
896 1715 943 1754 ut
986 1713 1247 1766 quibuslibet
1290 1716 1404 1755 certo
1445 1715 1610 1755 constet
1647 1713 1697 1755 de

142 1800 240 1842 fidei
286 1815 334 1842 ac
371 1801 604 1843 sententiae
640 1804 811 1843 nostrae
849 1803 1114 1857 παναρμονίῳ,
1146 1805 1379 1855 mutuoque
1408 1817 1535 1857 super
1563 1803 1698 1844 omni-

141 1890 220 1931 bus
260 1904 403 1932 sacrae
443 1889 681 1944 Religionis
720 1892 932 1944 capitibus
971 1907 1193 1934 consensu:
1230 1893 1403 1935 minime
1442 1893 1698 1947 dubitantes,

143 1981 244 2033 quin
295 1980 581 2023 Ecclesiarum
621 1984 863 2024 nostrarum
905 1982 1103 2025 Pastores
1146 1983 1228 2025 hoc
1269 1985 1437 2025 nostrae
1480 1983 1699 2025 concordis

142 2071 357 2113 doctrinae
385 2071 608 2124 specimen,
633 2072 760 2114 toties
786 2087 810 2114 a
834 2087 876 2114 se
902 2073 1197 2126 desideratum,
1222 2073 1511 2126 contemplati,
1535 2075 1700 2115 vestrae

142 2160 390 2203 Provinciae
417 2161 639 2204 nobiscum
667 2161 750 2204 hoc
777 2162 949 2204 nomine
977 2162 1061 2204 sint
1089 2163 1358 2216 gratulaturi,
1394 2163 1507 2216 quod
1537 2177 1587 2205 ex
1616 2163 1701 2204 sin-

143 2252 280 2305 gulari
307 2251 389 2293 Dei
421 2252 573 2305 gratia,
603 2251 755 2305 sopitis
784 2254 924 2294 vestra
953 2252 1208 2294 auctoritate
1237 2254 1480 2294 nostrorum
1505 2252 1701 2294 dissidio-

143 2356 237 2382 rum
278 2341 578 2383 intestinorum
618 2342 801 2395 ignibus,
844 2356 930 2384 non
972 2341 1111 2384 minus
1153 2342 1195 2383 in
1238 2344 1410 2384 nostrae
1448 2341 1700 2384 Academiae

144 2430 333 2486 pulpitis,
359 2446 487 2484 quam
509 2432 554 2473 in
576 2432 834 2485 templorum
859 2431 1083 2483 cathedris,
1108 2431 1333 2474 veritatem
1356 2434 1398 2474 et
1423 2446 1571 2485 pacem
1590 2447 1702 2474 nune

144 2523 300 2564 iterum
351 2520 533 2573 videant,
579 2524 626 2563 ut
669 2521 794 2574 Regii
835 2521 1077 2575 Prophetae
1119 2521 1296 2563 Davidis
1338 2523 1508 2563 utamur
1549 2521 1700 2574 verbis,

145 2613 251 2654 sibi
301 2614 484 2653 mutuo
537 2624 844 2664 occurrere,
897 2626 1057 2664 seque
1098 2610 1333 2653 invicem
1375 2609 1700 2652 exosculari.

146 2702 269 2752 Quod
320 2704 524 2756 superest,
577 2701 677 2755 Vos,
720 2701 1104 2744 Illustrissimi
1145 2700 1184 2742 D
1212 2700 1265 2742 D.
1309 2699 1560 2753 Ordines,
1604 2700 1702 2742 sub-

145 2792 273 2833 misse
314 2804 526 2844 rogamus,
569 2793 617 2832 ut
651 2791 733 2833 hoc
771 2791 970 2845 exiguum
1009 2790 1304 2833 devotissimae
1341 2791 1512 2832 nostrae
1548 2789 1703 2832 mentis

147 2881 316 2934 signum
368 2895 514 2923 sereno
563 2881 804 2934 suscipiatis
846 2881 980 2933 vultu,
1022 2895 1184 2934 nosque
1227 2880 1522 2922 benevolentia
1563 2882 1704 2922 vestra

148 2970 373 3023 complecti
401 2969 602 3024 pergatis.
632 2969 746 3012 Deus
776 2969 875 3023 Opt.
904 2969 1016 3011 Max.
1048 2969 1125 3010 sub
1156 2969 1272 3022 cujus
1301 2969 1510 3023 praesidio
1537 2968 1703 3023 sapien-
