1931 3224
267 133 344 174 570
825 127 1065 169 DisrurA'mo
1095 126 1267 168 XLVII.

267 256 319 297 in
363 255 609 297 omnibus
654 253 904 304 antiquis
945 251 1286 294 mentionem.
1331 252 1568 305 Praeterea,
1615 256 1714 295 sunt
1753 255 1826 306 qui

266 328 439 380 negant,
468 325 777 378 Episcopatum
808 337 897 364 esse
923 322 1245 364 Sacramentum
1267 337 1365 365 vere
1391 326 1433 365 et
1455 323 1629 377 proprie
1653 325 1826 377 dictum,

268 400 310 439 et
347 396 590 449 imprimere
629 394 917 436 characterem
955 408 1134 446 novum;
1163 396 1211 435 ut
1238 394 1488 436 Dominicus
1518 394 1635 447 Soto,
1667 396 1725 438 de
1752 395 1828 438 In-

267 469 379 510 stit.
419 469 469 509 et
502 468 625 519 jure
654 481 694 518 q.
725 467 759 507 1.
791 467 889 506 art.
917 466 953 506 2.
986 467 1028 506 et
1057 464 1130 506 alii
1159 464 1320 507 fatente
1350 465 1626 518 Bellarmino,
1655 467 1729 508 ubi
1759 482 1829 509 su·-

266 554 355 593 pra,
395 538 467 591 qui
505 540 653 579 contra
692 537 910 579 contendit
949 551 1038 578 esse
1066 551 1211 578 verum
1239 536 1572 590 Sacramentum,
1603 540 1644 579 et
1673 553 1828 581 novum

266 610 508 664 imprimere
547 609 855 660 characterem3
895 623 1003 660 quae
1034 610 1146 650 certe
1175 609 1360 661 dissidia,
1389 609 1498 650 nihil
1527 609 1644 662 ipsos
1672 610 1829 652 habere

267 681 371 723 certi
400 696 450 722 ex
478 680 608 722 verbo
638 679 718 721 Dei
743 680 793 721 de
818 679 1081 722 Sacramenti
1104 679 1229 732 hujus
1256 680 1520 733 supposititii
1544 681 1829 734 institutione,

266 753 367 795 satis
397 751 638 794 ostendunt.

319 824 427 867 XLI.
465 824 514 866 Id
552 825 680 866 etiam
717 823 872 866 evincit
909 824 1105 875 maxime,
1147 824 1261 876 quod
1298 823 1348 864 de
1386 823 1577 875 materia,
1617 826 1659 864 et
1696 823 1830 877 signis

266 895 650 939 Sacramentalibus
687 895 800 937 inter
838 895 1006 937 eosdem
1036 910 1123 937 non
1152 895 1361 937 convenit.
1394 894 1498 936 Cum
1528 895 1639 936 enim
1666 895 1711 936 in
1740 909 1830 936 ma-

261 968 428 1021 joribus
457 968 686 1019 ordinibus,
718 982 825 1020 quos
853 969 1022 1019 vocant,
1052 967 1238 1020 duplicia
1267 967 1389 1020 signa
1413 966 1655 1018 adhibeant,
1679 982 1830 1020 nempe

264 1040 584 1094 impositionem
620 1054 835 1091 manuum,
875 1041 916 1080 et
954 1038 1229 1080 traditionem
1265 1038 1656 1090 instrumentorum,
1685 1041 1733 1080 ut
1762 1054 1830 1081 ca-

265 1113 357 1155 licis
397 1115 439 1154 et
468 1112 640 1166 patinae
669 1111 713 1152 in
741 1111 1060 1164 Presbyteratii,
1091 1113 1133 1152 et
1161 1110 1260 1152 libri
1289 1109 1621 1163 Evangeliorum
1649 1110 1693 1152 in
1722 1111 1831 1154 Sub-

267 1185 516 1233 diaconatu3
556 1183 728 1236 quidam
766 1183 916 1224 volunt
944 1184 1174 1235 utrumque
1204 1182 1373 1235 signum
1403 1197 1490 1224 esse
1520 1182 1754 1234 essentiale,
1783 1186 1831 1225 ut

266 1255 510 1298 Bellarmin.
554 1254 662 1296 Lib.
700 1255 735 1295 1..
775 1254 834 1295 de
873 1252 1270 1295 Sacramentor.
1312 1253 1482 1295 ordin.
1521 1269 1628 1307 cap.
1667 1255 1704 1296 9.
1744 1254 1831 1296 Alii

267 1327 400 1369 solam
428 1326 807 1368 instrumentorum
835 1325 1124 1377 traditionem,
1153 1327 1202 1367 ut
1231 1325 1400 1367 Domin.
1431 1324 1535 1367 Soto
1564 1325 1618 1366 in
1645 1325 1683 1366 4.
1709 1325 1829 1367 dist.

266 1399 329 1439 24.
370 1413 410 1450 q.
441 1398 475 1439 1.
507 1400 602 1439 art.
634 1397 668 1438 4.
698 1397 740 1438 in
773 1397 866 1438 aliis
897 1396 1134 1438 minoribus
1166 1396 1383 1438 ordinibus
1414 1396 1548 1438 solam
1576 1396 1833 1439 instrumen-

265 1472 408 1511 torum
447 1468 763 1521 porrectionem
801 1468 994 1510 sufficere
1025 1482 1170 1509 omnes
1201 1467 1370 1520 quidem
1401 1470 1591 1518 censent3
1624 1468 1696 1509 sed
1723 1468 1833 1510 unde

265 1541 369 1582 haec
397 1540 583 1581 habeant
613 1540 747 1593 signa,
778 1539 946 1592 quando
977 1541 1019 1581 et
1049 1554 1073 1581 a
1102 1553 1186 1591 quo
1216 1538 1374 1580 fuerint
1402 1539 1611 1591 instituta,
1641 1538 1675 1580 si
1705 1554 1833 1592 quae-

264 1614 395 1664 ratur,
426 1611 663 1653 necessario
694 1610 1070 1652 obmutescendum
1099 1611 1199 1662 erit3
1230 1609 1391 1663 alioqui
1420 1610 1642 1663 proferant
1665 1610 1833 1652 tabulas

264 1683 430 1725 divinae
468 1682 766 1734 institutionis,
806 1682 879 1723 ubi
911 1681 1103 1723 Christus
1132 1681 1359 1723 tradiderit
1388 1681 1610 1735 Apostolis
1640 1683 1832 1734 patinam

265 1757 307 1796 et
345 1754 528 1804 calicem,
563 1768 721 1806 eosque
750 1753 829 1795 hac
857 1753 1088 1795 traditione
1116 1753 1351 1795 instituerit
1380 1753 1618 1795 sacerdotes
1648 1754 1701 1795 ad
1730 1753 1831 1794 offe-

264 1826 441 1868 rendum
469 1825 625 1867 Missae
655 1825 919 1877 sacrificium,
952 1827 993 1866 et
1023 1825 1083 1866 sic
1113 1824 1163 1866 de
1194 1824 1355 1866 ceteris.

316 1897 444 1939 XLII.
483 1896 575 1939 Nec
605 1897 770 1939 meliori
800 1896 953 1938 nititur
981 1896 1270 1947 fundamento,
1300 1895 1438 1937 forma
1468 1911 1596 1948 quam
1626 1896 1725 1938 huic
1755 1911 1830 1938 suo

264 1971 542 2020 sacramento,
581 1971 654 2010 aut
691 1968 838 2010 multis
868 1968 953 2010 suis
983 1967 1272 2018 sacramentis,
1303 1967 1532 2009 ascribunt.
1562 1967 1675 2009 Nam
1703 1968 1831 2009 verba

264 2041 418 2094 quibus
458 2040 597 2082 utitur
639 2040 880 2094 Episcopus
916 2041 961 2082 in
1000 2039 1280 2091 ordinatione,
1321 2042 1419 2080 sunt
1455 2039 1581 2092 plane
1619 2039 1831 2081 humanae

231 2148 234 2152 .
263 2113 558 2164 institutionis,
575 2112 854 2165 ut,Accipe
883 2113 1225 2165 potestatem
1254 2110 1460 2152 offerre
1488 2110 1830 2153 sacrificium

263 2184 386 2235 Deo,
417 2184 722 2236 missasque
753 2197 1091 2234 consecrare,
1120 2185 1227 2224 tam
1256 2198 1351 2236 pro
1381 2182 1520 2224 vivis
1552 2197 1706 2235 quam
1734 2197 1829 2236 pro

264 2255 566 2306 defunctis,
604 2255 658 2296 in
687 2254 903 2296 nomine
933 2253 1171 2306 Domini,
1203 2269 1299 2295 cum
1330 2254 1550 2296 ordinatur
1579 2253 1829 2307 Presbyter3

264 2327 329 2369 vel
357 2327 401 2368 in
433 2326 567 2368 ordin.
596 2325 792 2377 Diaconi,
821 2325 1021 2379 Accipe
1050 2328 1386 2378 potestatem
1414 2325 1633 2378 legendi
1663 2325 1829 2367 Evan-

263 2397 466 2452 gelium
494 2397 548 2438 in
575 2396 827 2438 Ecclesia
856 2396 975 2446 Dei,
1004 2399 1114 2438 tam
1143 2411 1238 2450 pro
1268 2397 1412 2438 vivis
1442 2412 1595 2450 quam
1623 2411 1720 2450 pro
1750 2396 1829 2438 de-

262 2469 492 2520 functis,
530 2469 583 2510 in
620 2468 834 2510 nomine
864 2467 1104 2519 Domini,
1137 2470 1231 2509 etc.
1260 2467 1420 2510 Pontif.
1450 2467 1629 2509 Roman.
1661 2467 1711 2509 de
1740 2468 1826 2510 ord.

262 2540 380 2583 Diac.
421 2543 462 2582 et
501 2540 695 2594 Presbyt.
732 2540 806 2582 fol.
845 2541 906 2582 16.
947 2542 988 2581 et
1016 2541 1079 2581 20.
1108 2539 1158 2581 In
1189 2539 1457 2582 ordinatione
1486 2539 1703 2592 Acolythi,
1734 2539 1829 2581 Ac-

264 2613 383 2667 cipe
423 2612 821 2654 ceroferarium
850 2627 959 2653 cum
988 2626 1168 2663 cereo,
1200 2614 1251 2653 et
1280 2611 1446 2662 scias,
1471 2613 1523 2652 te
1553 2610 1615 2652 ad.
1645 2623 1828 2651 accen-

264 2685 437 2728 denda
472 2680 759 2726 Ecclesiae
787 2683 1084 2724 luminaria
1112 2683 1496 2736 mancipatum,
1525 2681 1630 2722 Ibid.
1661 2696 1759 2734 pag.
1790 2683 1827 2723 9.

265 2740 395 2798 et¹sic
424 2756 474 2797 de
503 2756 675 2798 ceteris:
705 2757 750 2797 in
779 2755 931 2808 quibus
961 2754 1157 2796 omnibus
1179 2756 1344 2806 notant,
1369 2753 1682 2795 invocationem
1708 2767 1828 2794 sanc-

264 2829 333 2868 tae
372 2827 596 2869 Trinitatis
634 2843 720 2870 non
750 2842 839 2869 esse
869 2827 919 2869 de
949 2827 1131 2869 essentia
1158 2826 1333 2868 formae.
1366 2825 1469 2875 Quis
1497 2824 1653 2876 credat,
1683 2824 1717 2866 si
1749 2824 1827 2866 ali-

265 2899 367 2950 quid
403 2899 488 2940 tale
519 2915 542 2939 a
571 2898 740 2940 Christo
769 2899 919 2940 fuisset
946 2898 1204 2949 institutum,
1234 2897 1338 2939 adeo
1368 2897 1544 2939 obscure
1574 2898 1616 2937 et
1643 2896 1827 2937 latenter

264 2967 436 3019 factum,
476 2972 523 3010 ut
562 2970 697 3011 adhuc
734 2973 832 3024 post
860 2969 974 3011 mille
1004 2971 1045 3010 et
1074 2971 1295 3011 sexcentos
1323 2982 1469 3018 annos,
1498 2967 1708 3008 incertum
1735 2981 1825 3008 ma-
