1931 3224
237 151 313 193 202
818 145 1061 187 D1sPU‘rA'r10
1092 140 1208 183 XXI.

236 274 415 318 Constit.
443 273 594 326 Apost.
623 274 660 314 2.
692 286 782 325 cap.
812 271 875 311 63.
906 270 947 309 et
975 268 1012 309 7.
1043 280 1134 319 cap.
1165 266 1227 307 24.
1267 264 1624 320 Sabbathum,
1653 268 1795 322 inquit

235 347 283 398 is,
310 348 351 387 et
374 343 714 386 Dominicum
741 341 876 383 diem
900 339 1099 380 festum
1125 337 1355 391 agi-mus,
1380 339 1635 392 quoniam
1657 340 1797 382 illud

236 419 464 459 naturae
494 415 747 457 conditae
777 414 856 454 est
880 411 1300 462 monumentum,
1325 409 1413 451 hic
1438 411 1797 454 resurrectio-

237 489 332 530 nis.
363 486 520 529 Contra
549 500 654 539 quos
683 486 746 526 est
776 482 872 524 Can.
904 482 967 522 29.
996 480 1158 535 Synodi
1184 479 1352 522 Laodic.
1526 480 1529 481 ⁷

290 558 375 601 LX.
408 558 519 607 Quin
558 556 667 598 diei
695 552 1034 604 Dominicae,
1064 554 1157 594 tum
1186 552 1263 594 sub
1293 553 1504 596 libertatis
1533 553 1797 597 Christianae

238 632 463 685 praetextu
492 639 796 677 eversores,
835 626 882 665 ut
918 623 1045 666 hodie
1082 627 1180 666 sunt
1218 624 1553 679 Anabaptistae3
1590 629 1684 668 tum
1713 641 1796 679 eos,
1820 612 1823 614 ,

238 701 311 756 qui
348 699 613 743 Sabbathum
648 696 755 738 illud
790 710 877 738 non
913 697 1082 737 tantum
1111 696 1409 750 abolitum,
1431 712 1561 751 quam
1588 697 1633 739 in
1662 697 1799 740 diem

238 771 576 815 Dominicum
605 770 817 810 tantum
840 767 1173 809 translatum
1204 769 1333 821 atque
1356 770 1568 811 mutatum
1592 770 1797 821 statuunt,

239 858 417 896 eumque
444 855 590 883 revera
620 839 892 892 sanctionem,
923 853 1009 881 non
1036 841 1205 881 tantum
1234 839 1501 882 ordinatione
1529 855 1705 894 usuque,
1727 840 1800 882 sed

239 918 281 957 et
318 912 630 970 significatione
668 914 710 953 et
748 911 911 962 effectu,
940 913 989 952 ut
1018 909 1270 953 Scholastici
1300 913 1342 953 et
1369 910 1587 953 Pontificii
1614 911 1798 964 quidam.

238 986 432 1038 Denique
492 983 678 1038 graviter
722 982 972 1024 incessimus
1019 981 1058 1023 D
1072 996 1096 1024 o
1107 982 1237 1024 mini
1249 997 1270 1024 c
1281 997 1305 1024 a
1316 997 1338 1024 e
1387 982 1438 1024 di
1450 982 1496 1024 ei
1546 998 1574 1036 p
1587 998 1608 1024 r
1620 997 1644 1024 0
1655 982 1799 1024 fana-

237 1061 408 1109 tores,
449 1056 521 1109 qui
556 1069 642 1097 non
672 1054 799 1096 modo
829 1069 917 1096 non
944 1054 1191 1096 necessariis
1222 1056 1264 1096 et
1293 1053 1441 1096 alienis
1471 1053 1723 1106 actionibus,
1752 1055 1801 1096 ut

237 1127 500 1183 spectaculis,
530 1126 640 1168 ludis
670 1126 901 1180 scenisque,
931 1126 1003 1168 sed
1033 1128 1074 1168 et
1101 1126 1447 1180 intemperantia,
1471 1126 1574 1167 luxu
1601 1125 1800 1178 omnique

238 1215 393 1254 genere
415 1198 690 1254 flagitiorum,
718 1213 815 1240 eum
838 1197 1000 1239 violant
1023 1197 1068 1239 in
1092 1197 1370 1251 irreparabile
1395 1197 1662 1250 infirmorum
1682 1210 1801 1238 scan-

238 1272 389 1323 dalum,
420 1273 462 1313 et
491 1270 749 1313 horrendum
778 1269 955 1312 dedecus
986 1268 1216 1311 Christiani
1244 1268 1440 1311 nominis.

290 1341 398 1385 LXI.
428 1341 551 1392 Quod
579 1341 632 1384 ad
659 1340 877 1394 reliqua
905 1340 1050 1382 festa
1078 1339 1245 1393 attinet,
1271 1354 1379 1393 quae
1403 1342 1576 1393 postera
1599 1339 1803 1392 Ecclesia,

238 1429 324 1457 non
352 1412 649 1467 superstitiose
679 1411 859 1464 Sanctis,
890 1412 962 1454 sed
991 1412 1044 1453 ad
1069 1410 1227 1453 Christi
1252 1413 1294 1452 et
1318 1411 1601 1464 singularium
1626 1426 1804 1465 operum

239 1483 543 1538 redemptionis
580 1485 752 1526 nostrae
788 1483 1039 1525 memoriam
1076 1482 1264 1535 adhibet,
1304 1483 1446 1536 qualia
1483 1485 1583 1525 sunt
1611 1482 1805 1525 anniver-

240 1557 351 1599 saria
389 1555 518 1597 festa:
560 1554 899 1597 Nativitatis
943 1553 1181 1606 Domini,
1224 1554 1268 1595 in
1313 1569 1396 1607 qua
1438 1554 1587 1596 salutis
1634 1555 1806 1596 nostrae

240 1629 462 1681 reparatae
506 1628 569 1668 est
611 1626 804 1676 initium3
851 1625 1326 1677 Resurrectionis,
1374 1640 1447 1667 seu
1487 1625 1722 1679 PaschatiS,
1761 1625 1806 1667 in

242 1714 326 1753 qua
363 1700 451 1752 ejus
482 1699 841 1752 complementum
872 1699 913 1739 et
942 1697 1193 1749 ratificatio3
1223 1711 1271 1738 ac
1301 1697 1483 1750 denique
1519 1696 1806 1739 Missionis

242 1771 487 1825 Spiritus
525 1769 740 1822 Sancti,
778 1784 850 1811 seu
888 1769 1270 1821 Pentecostes,
1308 1768 1353 1810 in
1391 1784 1476 1822 qua
1513 1771 1576 1811 est
1614 1767 1736 1822 regni
1765 1769 1807 1810 et

240 1842 453 1886 Ecclesiae
483 1841 749 1884 Christianae
777 1841 1122 1883 fundamentum:
1153 1854 1239 1882 non
1269 1840 1416 1882 eodem
1441 1855 1568 1883 censu
1589 1840 1807 1882 habemus,

242 1914 446 1957 Attamen
475 1913 574 1955 dum
601 1913 813 1954 habentur
841 1927 920 1966 pro
949 1911 1196 1953 humanitus
1221 1911 1441 1964 institutis,
1467 1914 1510 1953 et
1532 1911 1652 1953 abest
1677 1909 1809 1952 divini

243 1987 381 2028 cultus
421 1986 581 2039 opinio,
622 1985 842 2037 omnisque
881 1983 1143 2037 superstitio,
1176 1983 1428 2025 necessitate
1458 1997 1603 2025 eorum
1633 1982 1808 2024 libertas

244 2057 484 2100 Christiana
512 2071 598 2099 non
625 2056 845 2110 premitur,
870 2054 1143 2097 multitudine
1171 2054 1363 2097 Ecclesia
1386 2069 1472 2096 non
1497 2056 1711 2105 oneratur,
1736 2052 1809 2095 sed

245 2130 298 2172 ad
327 2129 516 2171 ordinem
544 2143 751 2181 usumque
778 2127 989 2169 illustrem
1016 2125 1231 2168 Ecclesiae
1258 2128 1478 2176 tenentur;
1503 2125 1668 2167 utiliter
1686 2138 1808 2166 usur-

245 2202 339 2255 pari
375 2215 498 2256 posse
537 2200 804 2251 arbitramur,
845 2198 1028 2252 qualiter
1066 2199 1107 2239 et
1143 2196 1341 2239 festum
1376 2196 1559 2239 Purim
1586 2212 1611 2239 a
1638 2196 1809 2238 Mardo-

246 2271 552 2327 chae0„Esth.
582 2272 618 2323 9,
650 2271 712 2313 19.
742 2273 784 2312 et
822 2268 1218 2311 Encaeniorum
1258 2284 1282 2310 a
1318 2268 1586 2321 Maccabaeo,
1624 2268 1645 2310 1
1676 2267 1809 2310 Mace.

251 2343 290 2395 4,
318 2343 381 2385 59.
412 2343 653 2385 institutum
685 2341 1052 2394 observatumque,
1082 2338 1111 2382 J
1114 2339 1183 2382 oh.
1214 2340 1275 2393 10,
1306 2340 1369 2381 22.
1399 2339 1590 2394 legimus.
