1931 3224
1038 141 1074 167 IV

284 268 429 310 sertim
455 268 500 309 in
523 268 788 310 reformanda
811 267 1051 321 Academia,
1077 282 1101 309 a
1125 282 1208 321 qua
1232 267 1668 311 Remonstrantismus
1692 273 1833 314 ortum

285 359 472 400 duxerat.
514 357 742 400 Academia
783 358 894 399 enim
934 357 1341 414 Lugduno-Batava,
1383 359 1500 411 cujus
1543 358 1768 401 cathedrae
1808 374 1834 402 a

286 446 412 488 variis
438 449 478 487 et
501 447 612 488 inter
635 462 677 488 se
701 461 825 499 saepe
848 461 999 500 parum
1023 447 1356 500 congruentibus
1381 447 1693 500 professoribus
1710 461 1832 490 occu-

283 539 407 589 patae
436 538 566 587 erant,
596 538 805 577 annuente
833 535 1004 588 synodo
1035 538 1218 589 quatuor
1240 535 1552 590 professoribus
1577 540 1726 580 ornata
1755 541 1831 592 est,

283 625 354 677 qui
383 640 432 667 ex
459 627 552 667 toto
581 625 720 667 animo
750 641 798 667 ac
825 625 950 667 corde
975 626 1281 669 confessionem
1305 626 1597 671 Reformatam
1622 629 1833 682 amplexa-

282 714 448 755 bantur.
476 713 501 755 J
507 729 573 755 am
598 729 707 756 anno
734 714 835 755 1611
861 714 904 756 in
931 712 1105 756 Gomari
1127 715 1266 758 locum
1290 717 1544 759 substitutus
1568 719 1631 759 est
1646 718 1832 773 Polyan-

281 803 364 855 der,
389 818 512 856 quem
537 818 647 846 anno
673 804 775 845 1619
801 806 967 846 secutus
993 807 1056 846 est
1083 804 1295 848 Walaeus.
1319 806 1482 849 Eodem
1504 821 1614 849 anno
1631 807 1829 861 Thysius,

280 891 491 945 professor
527 893 913 946 Harderovicensis,
943 894 1221 948 inauguratus
1252 898 1326 938 est.
1357 896 1414 938 Et
1442 896 1618 939 Rivetus
1647 912 1669 939 e
1694 896 1832 940 Gallia

280 985 463 1034 vocatus,
493 986 679 1036 quartus,
709 999 819 1026 anno
850 984 953 1026 1620
980 1000 1132 1027 munus
1160 986 1356 1041 suscepit.

334 1072 597 1115 Professores
625 1073 670 1114 hi
699 1076 894 1125 quatuor,
917 1074 1125 1126 praeclari
1149 1077 1192 1116 et
1216 1075 1449 1117 doctissimi
1471 1076 1564 1128 viri,
1589 1076 1679 1119 sine
1702 1077 1830 1120 dubio

280 1162 439 1215 optime
468 1162 518 1203 de
545 1161 735 1204 Ecclesia
761 1162 1010 1206 Reformata
1036 1164 1190 1217 meriti,
1221 1165 1390 1219 egregie
1418 1165 1530 1208 inter
1558 1179 1602 1207 se
1626 1180 1832 1219 congrue—

278 1250 393 1303 bant,
424 1266 466 1293 se
494 1250 687 1304 invicem,
717 1252 801 1294 suis
832 1252 1008 1306 quisque
1036 1254 1197 1307 ingenii
1226 1254 1395 1296 dotibus
1423 1270 1472 1297 30
1498 1254 1714 1308 facultate,
1738 1270 1832 1298 mu-

279 1343 351 1382 tua
396 1356 499 1394 pace
548 1340 815 1384 moderantes
857 1342 1115 1396 corrigentes
1162 1347 1493 1397 compensantes.
1534 1332 1697 1399 Operae
1734 1360 1832 1399 pre-

277 1430 386 1471 tium
424 1432 498 1482 est,
537 1431 691 1473 referre
720 1432 833 1483 quod
867 1432 1029 1474 Walaei
1057 1432 1167 1475 filius
1199 1434 1248 1475 de
1277 1448 1422 1475 eorum
1450 1436 1597 1476 mutuo
1628 1448 1833 1476 consensu

279 1520 321 1559 et
356 1519 555 1571 cujusque
593 1519 722 1560 animi
760 1520 929 1561 dotibus
967 1524 1123 1562 narrat.
1163 1521 1363 1574 Quisque,
1397 1522 1550 1574 inquit,
1587 1524 1636 1563 ut
1664 1522 1832 1575 assolet,

278 1622 376 1661 prae
413 1608 562 1650 ceteris
601 1609 854 1661 quibusdam
889 1609 1019 1651 animi
1057 1609 1227 1651 dotibus
1256 1611 1445 1654 eminuit.
1474 1611 1682 1654 Memoria
1710 1627 1833 1666 prae-

278 1696 467 1749 pollebat
503 1696 699 1752 Thysius,
736 1698 908 1752 ingenio
947 1698 1149 1742 Walaeus
1189 1703 1231 1742 et
1267 1701 1457 1754 RivetUS,
1497 1703 1570 1755 qui
1607 1706 1649 1745 et
1672 1703 1832 1756 judicio

278 1784 329 1825 ad
372 1785 702 1829 concludendum
744 1787 986 1840 excelluere,
1029 1790 1102 1831 sed
1139 1790 1393 1832 dexteritate
1429 1791 1482 1833 ad
1519 1793 1833 1844 exsequendum

282 1872 531 1926 Polyander.
580 1874 630 1916 In
678 1876 843 1929 agendo
893 1876 1078 1920 fervidus
1125 1881 1215 1920 erat
1256 1878 1454 1932 Thysius,
1496 1879 1643 1932 vigore
1682 1880 1832 1934 plenus

280 1961 490 2016 Walaeus,
520 1979 603 2017 quo
631 1965 846 2008 remissior
874 1966 1064 2020 Rivetus,
1095 1968 1167 2010 sed
1195 1968 1363 2011 sedatus
1392 1970 1482 2011 erat
1506 1968 1759 2022 Polyander.
1783 1969 1833 2012 In

278 2052 559 2104 exprimendis
584 2054 712 2096 animi
736 2056 1010 2109 conceptibus
1035 2057 1204 2110 elegans
1227 2057 1480 2112 Polyamier,
1504 2072 1605 2100 voce
1627 2060 1771 2101 tamen
1790 2061 1832 2102 et

278 2141 443 2194 eloquio
467 2141 643 2185 Rivetus
668 2146 710 2186 et
731 2143 933 2187 Walaeus
956 2146 1283 2199 praecellebant.
1308 2146 1358 2190 In
1377 2147 1694 2202 Philosophicis
1713 2162 1831 2190 exer-

277 2230 431 2272 citatus
459 2231 594 2285 magis
622 2232 835 2286 Walaeus,
864 2233 908 2275 in
937 2234 1093 2288 linguis
1122 2235 1320 2289 Thysius,
1350 2236 1544 2279 Hebraea
1567 2237 1830 2291 praesertim,

277 2335 374 2363 nam
403 2322 445 2363 et
469 2320 651 2363 Graecae
683 2322 863 2375 peritior
891 2322 1105 2367 Walaeus.
1134 2324 1184 2367 In
1211 2324 1450 2379 Theologia
1477 2325 1671 2368 diffusam
1693 2325 1831 2380 magis

278 2409 554 2452 eruditionem
580 2411 795 2455 habebant
824 2412 1009 2467 Thysius
1050 2417 1092 2457 et
1132 2415 1322 2468 Rivetus,
1351 2416 1531 2459 solidam
1559 2416 1762 2460 Walaeus
1789 2419 1832 2460 et

277 2497 532 2551 Polyander.
554 2499 736 2543 Peritior
762 2502 806 2544 in
830 2502 1023 2546 Historia
1046 2504 1346 2549 Ecclesiastica
1370 2505 1568 2560 Thysffls,
1591 2506 1636 2548 in
1650 2507 1831 2550 lectione

277 2586 453 2629 Patrum
477 2587 666 2642 Rivetus,
692 2590 735 2632 in
761 2590 996 2646 Theologia
1021 2593 1284 2638 Scholastica
1308 2594 1522 2639 Walaeus.
1544 2595 1768 2638 Versatior
1786 2593 1831 2636 in

279 2677 573 2719 controversiis
594 2677 935 2734 ,Socinianorum,
959 2682 1342 2738 Anabaptistarum
1371 2688 1413 2729 et
1436 2685 1830 2729 Remonstrantium

279 2763 490 2817 Walaeus,
535 2766 856 2813 Pontificiorum
898 2771 1087 2815 Rivetus.
1125 2773 1404 2829 Praelegebat
1446 2775 1630 2830 Tliysius
1667 2775 1830 2828 diffuse,

280 2852 453 2895 Rivetus
486 2855 622 2909 plene,
651 2859 781 2902 solide
807 2863 849 2903 et
877 2861 1062 2905 breviter
1090 2863 1304 2917 Walaeus,
1333 2865 1386 2908 ad
1413 2864 1566 2919 praxin
1593 2878 1830 2908 accommo-

278 2940 373 2982 date
402 2942 651 2997 Polyander.
