1931 3224
529 94 592 136 DE
620 93 725 136 Nm.
755 92 834 136 Dm
863 108 910 135 ET
941 93 1074 136 Divm.
1102 93 1272 136 A'rrmss.
1626 95 1676 135 59

119 222 303 273 effectus,
329 235 435 273 quae
459 234 537 273 pro
561 233 704 261 rerum
728 218 988 272 objectarum
1014 217 1268 271 diversitate,
1296 221 1337 260 et
1361 218 1513 271 agendi
1528 218 1675 271 modis,

119 292 364 346 effectisque
393 292 535 342 variis,
565 292 728 333 diversa
756 291 929 332 nomina
959 290 1207 332 sortiuntur.

171 364 256 406 XL.
299 363 519 406 Veritas
561 363 707 416 itaque
751 377 824 404 seu
865 362 1072 403 veracitas
1114 363 1188 412 est,
1233 375 1316 413 qua
1354 360 1469 402 Deus
1507 363 1598 403 tum
1633 361 1678 403 in

118 436 257 478 verbis
294 438 386 477 tum
423 435 569 489 signis,
607 437 701 476 tum
739 434 937 488 operibus
976 435 1017 475 et
1054 432 1191 484 factis,
1228 432 1452 473 veritatem
1486 435 1598 474 amat
1636 436 1678 474 et

117 507 304 558 adhibet,
328 507 509 548 maxime
534 520 634 547 vero
657 506 702 548 in
726 505 947 558 promissis
970 504 1096 546 fidem
1119 504 1212 545 vult
1237 506 1278 545 et
1293 506 1436 557 potest
1450 506 1677 559 praestare,

117 578 194 620 Ps.
225 578 313 629 145,
345 578 405 618 13.
436 577 575 619 Rom.
605 579 642 629 3,
671 578 707 618 3.
738 577 774 617 4.
805 576 1055 628 Bonitas,
1087 590 1168 628 qua
1199 575 1414 627 creaturiS,
1440 575 1545 617 bene
1569 575 1679 618 velle

117 665 165 692 ac
206 649 312 691 bene
353 649 504 700 facere,
549 651 590 690 et
632 650 787 702 potest,
833 650 874 689 et
916 647 1020 699 vult,
1066 649 1108 688 et
1149 646 1265 698 facit,
1307 646 1468 688 Exod.
1512 647 1576 699 33,
1616 648 1677 689 19.

116 722 256 764 Rom.
295 722 332 773 2,
369 721 406 762 4.
442 721 624 771 Amor,
655 734 738 772 quo
768 719 860 760 vult
890 721 932 760 et
959 719 1170 773 approbat
1199 718 1358 759 bonum
1386 719 1431 760 in
1461 719 1679 770 creaturis,

115 793 160 834 in
199 806 333 844 eoque
374 791 616 844 acquiescit,
656 805 703 832 ac
741 804 829 831 sese
867 789 1054 831 indebite
1091 789 1324 843 benignum
1363 792 1404 831 et
1444 790 1680 844 gratiosum

115 866 333 917 praestare
374 863 479 914 vult,
522 864 676 916 potest,
721 864 763 902 et
804 863 1006 914 praestat,
1052 876 1158 913 quae
1201 861 1337 902 relata
1374 862 1427 903 ad
1463 861 1679 904 hominem

116 934 408 989 φιλανθρωπίαι
447 933 613 984 dicitur,
652 932 771 974 Mal.
809 933 844 984 1,
885 933 921 973 2.
961 933 997 973 3.
1038 931 1138 974 Tit.
1178 933 1216 983 3,
1253 933 1290 974 4.
1320 932 1607 975 Miseratio
1637 936 1679 975 et

115 1005 523 1056 Misericordia,
563 1019 646 1057 qua
683 1003 849 1045 miseris
888 1018 1130 1046 succurrere
1167 1003 1274 1056 vult,
1311 1006 1467 1057 potest,
1499 1006 1540 1046 et
1563 1004 1678 1056 facit,

97 1076 192 1118 *Ps.
224 1076 313 1128 136,
345 1077 380 1117 1.
411 1078 507 1118 etc.
537 1075 698 1117 Exod.
728 1075 791 1127 34,
823 1075 859 1116 5.
890 1075 926 1116 6.
953 1075 988 1116 7.
1014 1074 1270 1127 Justitia,
1297 1090 1380 1128 qua
1399 1076 1514 1128 juste
1538 1077 1680 1118 omnia

115 1148 316 1201 disponit,
356 1150 397 1189 et
429 1147 558 1200 justis
594 1147 795 1201 praemia,
833 1147 1003 1200 injustis
1041 1161 1199 1201 poenas
1238 1147 1436 1199 decernit,
1477 1150 1519 1189 et
1555 1149 1679 1190 retri-

113 1219 243 1261 buere
270 1219 374 1271 vult,
405 1221 448 1261 et
477 1221 676 1272 potenter
700 1218 815 1271 facit,
846 1218 922 1260 Ps.
953 1219 1015 1271 11,
1043 1219 1078 1260 7.
1109 1221 1160 1260 et
1190 1220 1278 1271 119,
1306 1220 1395 1261 137.
1426 1222 1475 1261 et
1500 1220 1588 1272 145,
1615 1221 1677 1262 17.

114 1290 221 1343 Ira,
253 1306 336 1343 qua
366 1291 418 1332 ad
447 1290 708 1344 puniendum
736 1292 1004 1344 peccatorem
1028 1305 1265 1344 propensus
1291 1293 1365 1344 est,
1394 1294 1435 1333 et
1458 1294 1679 1345 peccatum

115 1363 264 1405 ulcisci
286 1363 391 1414 vult,
414 1365 559 1416 potest
583 1364 624 1404 et
647 1362 763 1414 facit,
791 1361 990 1414 Odium,
1017 1378 1100 1415 quo
1117 1365 1339 1416 peccatum
1355 1365 1397 1405 et
1412 1366 1679 1417 peccatorem

120 1437 349 1487 aversatur,
394 1437 434 1476 et
477 1434 613 1476 malos
657 1436 901 1475 constanter
943 1436 1087 1487 potest
1130 1437 1171 1476 et
1213 1434 1308 1476 vult
1350 1450 1374 1476 a
1414 1450 1457 1476 se
1494 1435 1678 1488 rejicere.

116 1505 401 1548 Sanctitas
441 1505 633 1558 denique,
670 1521 753 1559 qua
792 1507 835 1547 in
875 1521 918 1548 se
947 1507 1199 1560 purissimus
1235 1521 1402 1548 omnem
1428 1507 1679 1549 munditiem

115 1578 282 1632 probat,
315 1579 356 1619 et
384 1577 586 1619 abhorret
616 1592 639 1618 a
668 1578 895 1619 contrario.
925 1577 1048 1619 Unde
1077 1577 1193 1619 Deus
1219 1577 1373 1619 dicitur
1397 1578 1440 1619 in
1458 1577 1679 1632 Scriptura

116 1664 256 1701 verax,
297 1649 445 1701 bonus,
483 1649 705 1702 benignus,
740 1649 868 1702 judex
906 1649 1091 1691 universi
1129 1649 1286 1701 mundi,
1314 1652 1355 1691 et
1377 1651 1517 1703 justus
1537 1651 1677 1703 judex,

116 1723 194 1763 etc,
230 1721 316 1763 imo
354 1721 470 1762 solus
510 1736 649 1773 verax,
686 1721 835 1773 bonus,
867 1723 1050 1773 sanctus,
1080 1720 1242 1774 Apoc.
1272 1721 1310 1772 4,
1341 1722 1377 1762 7.
1405 1721 1544 1763 Rom.
1575 1722 1611 1774 3,
1641 1722 1678 1763 4.

115 1791 237 1834 Mat.
276 1793 338 1844 19,
378 1793 439 1834 17.
480 1794 571 1844 etc.,
611 1794 653 1834 et
682 1793 744 1833 ita
774 1792 824 1833 de
853 1792 1039 1845 reliquis,
1071 1792 1291 1845 omnisque
1320 1792 1525 1845 veritatis,
1556 1793 1678 1835 boni-

115 1864 229 1915 tatis,
255 1863 447 1917 justitiae
476 1878 523 1904 ac
553 1863 790 1905 sanctitatis
818 1863 914 1905 fons
944 1866 1018 1905 est.
1666 1868 1669 1871 '

168 1933 276 1977 XLI.
312 1934 374 1977 Ut
413 1950 542 1988 porro
581 1934 686 1977 haec
724 1934 815 1977 Deo
845 1950 941 1976 vere
971 1935 1275 1987 attribuuntur,
1305 1936 1366 1977 ita
1390 1938 1432 1977 et
1461 1935 1565 1978 vitia
1594 1937 1679 1978 vir-

115 2006 280 2049 tutibus
316 2006 432 2049 hisce
469 2007 682 2049 contraria
719 2023 743 2048 a
780 2006 872 2049 Deo
911 2009 1193 2058 removentur,
1232 2009 1280 2048 ut
1308 2007 1586 2059 mendacium,
1614 2008 1679 2049 in-

112 2078 294 2131 justitia,
337 2078 596 2131 reliquaque,
639 2077 784 2120 Num.
824 2079 886 2131 23,
934 2079 994 2120 19.
1024 2079 1048 2119 2
1078 2078 1189 2120 Chr.
1222 2079 1282 2131 19,
1314 2079 1350 2120 7.
1380 2078 1519 2120 Rom.
1549 2080 1586 2131 9,
1617 2079 1678 2121 14.

116 2149 239 2192 Unde
270 2151 311 2191 et
343 2149 535 2202 ἀψευδὴς,
564 2150 737 2192 mentiri
766 2150 944 2202 nescius,
978 2150 1221 2203 ἀπείροιστος
1257 2153 1396 2199 κακῶν,
1445 2152 1517 2204 qui
1555 2150 1679 2192 malis

116 2220 274 2262 tentari
302 2221 463 2274 nequit,
493 2221 658 2274 dicitur,
690 2225 732 2264 et
760 2222 942 2275 injustus
974 2237 1063 2264 esse
1091 2225 1285 2276 negatur,
1316 2222 1416 2264 Tit.
1448 2223 1482 2274 1,
1512 2224 1548 2263 2.
1573 2221 1601 2263 J
1610 2237 1634 2263 a
1646 2237 1678 2264 0.

119 2292 171 2343 1,·
199 2292 260 2333 13.
303 2291 444 2334 Rom.
484 2293 521 2344 3,
560 2293 596 2334 5.
633 2293 779 2335 Etiam
821 2294 1097 2347 poenitentia,
1138 2296 1290 2345 metus,
1333 2294 1466 2345 dolor,
1505 2308 1601 2346 spes
1638 2296 1680 2335 et

119 2362 372 2415 desperatio,
399 2366 623 2417 ceteraque
651 2365 857 2418 ejusmodi
880 2365 925 2406 in
950 2365 1185 2419 perfectam
1200 2364 1280 2407 Dei
1295 2367 1492 2406 naturam
1507 2365 1679 2418 proprie

118 2447 204 2474 non
234 2433 400 2485 cadunt,
431 2434 577 2476 Num.
608 2437 669 2488 23,
702 2436 763 2477 19.

170 2504 298 2547 XLIL
343 2505 458 2555 Quae
502 2507 682 2560 denique
726 2508 775 2549 de
818 2507 910 2550 Deo
954 2508 1161 2558 dicuntur,
1205 2510 1333 2560 atque
1374 2507 1678 2561 perfectionem

119 2578 289 2630 quidem
317 2577 361 2619 in
393 2578 596 2619 creaturis
626 2578 863 2633 designant,
891 2595 977 2621 non
1008 2579 1211 2631 absolute,
1242 2579 1313 2621 sed
1339 2593 1434 2620 cum
1448 2578 1574 2620 modo
1591 2594 1679 2621 cre-

119 2649 253 2692 aturis
297 2650 486 2703 proprio,
533 2664 580 2691 ea
621 2648 712 2692 Deo
756 2651 929 2704 proprie
966 2665 1053 2692 non
1091 2652 1350 2704 competunt,
1392 2650 1464 2692 sed
1501 2652 1680 2704 propter

120 2721 443 2764 similitudinem
472 2721 660 2774 aliquam
689 2737 784 2764 cum
813 2722 918 2775 Deo,
949 2723 1114 2777 tropice
1144 2725 1186 2764 et
1213 2721 1504 2775 metaphorice
1534 2721 1679 2763 dicun-

118 2794 200 2844 tur,
238 2793 286 2834 u't
324 2795 423 2835 sunt
461 2808 603 2834 rerum
634 2793 974 2846 inanimatarum,
1006 2794 1290 2835 animatarum
1319 2794 1361 2834 et
1389 2792 1571 2834 maxime
1601 2792 1679 2835 ho-

119 2864 245 2905 minis
283 2864 468 2915 nomina,
508 2866 663 2917 partes,
706 2865 910 2916 membra,
949 2865 1234 2918 proprietates
1274 2865 1315 2904 et
1354 2863 1554 2914 actiones,
1596 2862 1678 2903 Ps.

120 2934 184 2985 94,
215 2935 250 2976 7.
282 2933 444 2983 Quibus
465 2935 682 2988 jungenda
706 2938 805 2977 sunt
830 2950 937 2988 quae
963 2935 1077 2977 Deus
1103 2934 1372 2976 oeconomice
1395 2933 1477 2976 sibi
1502 2934 1679 2987 propria
