1931 3224
267 122 347 164 424
817 134 1059 180 DISPUTATIO
1088 140 1286 187 XXXIX.

266 248 474 292 tentiae
499 252 735 308 fervore,
758 257 977 302 illarum
1002 277 1144 306 usum
1163 265 1547 318 increbescere
1569 280 1827 335 coepisse,

265 316 404 361 Tract.
435 321 486 363 de
512 322 678 378 Indulg.
710 341 801 380 cap.
829 329 867 370 4.

317 390 557 435 XXXVIII.
600 395 726 439 Ultro
765 400 894 442 etiam
923 406 1159 450 concedunt
1184 410 1268 464 alii,
1299 427 1385 456 non
1413 417 1550 460 solum
1578 435 1606 461 n
1618 436 1642 463 o
1653 437 1682 463 n
1711 438 1732 465 e
1743 439 1762 466 s
1774 440 1792 467 s
1805 442 1826 468 e

263 466 455 514 aperta
497 464 822 520 Scripturae
865 475 1192 522 testimonia
1235 483 1293 525 de
1335 484 1736 547 Indulgentiis,
1784 501 1826 540 et

261 548 358 575 suos
393 535 686 580 admonent
721 539 1064 601 Catholicos,
1093 566 1154 594 ne
1182 555 1357 599 minus
1388 562 1557 604 certis
1586 563 1824 610 innitan-

259 607 358 656 tur,
409 607 499 648 sed
540 623 563 650 a
577 609 602 651 d
616 611 747 654 dunt
789 614 974 671 insuper,
1019 635 1062 662 se
1104 625 1367 678 antiquae
1411 633 1462 672 et
1504 634 1824 686 primitivae

257 675 544 721 Ecclesiae
587 696 691 723 non
734 684 936 730 habere
981 695 1133 735 certa
1174 698 1225 738 te
1240 698 1525 745 stimonia:
1562 707 1822 753 traditio-

256 763 371 790 nem
395 749 781 803 Apostolicam
809 773 863 801 se
891 761 946 802 in
976 761 1074 806 hac
1102 770 1335 812 materia
1363 787 1468 815 non
1497 774 1720 832 habere,
1750 782 1822 824 sed

254 820 422 862 tantum
463 822 683 869 Romanae
720 828 937 875 Ecclesiae
977 838 1019 876 et
1049 840 1314 889 quorundam
1343 843 1629 892 Conciliorum
1659 851 1820 905 (recen-

254 891 362 932 tium
400 896 570 949 nempe)
609 901 922 957 auctoritatem,
962 909 1009 948 ut
1037 908 1179 952 videre
1208 915 1272 954 est
1302 917 1414 968 apud
1442 917 1619 963 Petrum
1647 938 1671 965 a
1700 923 1817 979 Soto,

252 962 297 1016 in
324 963 609 1010 Instructione
639 969 806 1015 Sacerd.
837 974 951 1018 Lect.
981 978 1018 1020 1.
1048 979 1097 1021 de
1127 980 1295 1037 Indulg.
1323 987 1396 1039 qui
1419 989 1694 1037 nihilominus
1719 996 1818 1039 doc-

251 1034 408 1078 trinam
450 1053 569 1081 suam
614 1042 664 1083 de
691 1042 975 1099 Indulgentiis
1013 1051 1235 1105 tamquam
1271 1056 1370 1099 fidei
1407 1060 1633 1106 articulum
1670 1066 1817 1110 obtru-

252 1106 368 1159 dunt,
417 1124 521 1162 quas
569 1112 787 1168 definiunt,
830 1117 1231 1168 Relaxationes
1273 1143 1570 1181 poenarum
1613 1138 1816 1192 tempo-

250 1179 465 1234 ralium,
514 1183 729 1235 judicio
783 1188 972 1233 divino
1024 1197 1274 1247 peccatis
1323 1203 1640 1248 actualibus
1688 1214 1815 1262 post

248 1251 534 1296 remissam
586 1257 801 1312 culpam
852 1261 1178 1320 debitarum,
1233 1284 1329 1322 per
1375 1275 1814 1327 applicationem

250 1325 822 1375 superabundantium
860 1332 1072 1377 Christi
1112 1341 1163 1380 et
1200 1339 1525 1387 Sanctorum
1553 1350 1812 1396 satisfac-

247 1393 476 1449 tionum,
516 1397 720 1442 factam
750 1406 906 1446 extra
934 1405 962 1447 S
977 1414 1346 1455 aeramentum
1376 1415 1437 1457 ab
1468 1432 1525 1460 eo
1556 1421 1646 1473 qui
1674 1423 1811 1478 legi-

246 1468 430 1510 timam
473 1472 874 1517 auctoritatem
916 1477 1017 1520 hab
1031 1483 1093 1522 et.
1141 1481 1264 1537 Greg.
1309 1486 1358 1528 de
1400 1487 1569 1533 Valent.
1614 1493 1733 1537 Toni.
1771 1497 1808 1539 4.

245 1538 351 1593 disp.
382 1541 417 1582 7.
448 1546 609 1594 quaest.
640 1545 704 1587 20.
735 1551 879 1600 punct.
914 1550 947 1592 1.

297 1610 497 1654 XXXIX.
537 1613 673 1663 Quam
713 1617 1004 1664 definitionem
1044 1625 1079 1665 si
1117 1640 1167 1668 ex
1206 1642 1331 1671 sensu
1361 1646 1507 1675 eorum
1536 1637 1808 1695 explicemus,

240 1684 282 1724 et
322 1683 655 1739 uniuscujusque
694 1690 831 1741 partis
869 1693 1103 1737 vanitatem
1130 1697 1377 1754 indicemus,
1408 1706 1555 1756 paucis
1584 1711 1808 1754 materiam

241 1754 432 1807 alioquin
460 1757 704 1801 intricatam
732 1761 1012 1808 absolvemus.
1043 1766 1108 1810 De
1137 1771 1309 1813 nomine
1338 1773 1442 1826 ipsis
1469 1778 1654 1830 gratiam
1678 1781 1805 1825 facie-

236 1840 341 1876 mus,
386 1828 500 1880 quod
542 1830 794 1886 plerumque
838 1835 881 1877 in
924 1840 1090 1890 partem
1134 1840 1387 1886 deteriorem
1430 1847 1650 1903 accipitur,
1690 1855 1805 1905 quod

237 1897 390 1950 tamen,
435 1900 574 1943 omine
616 1917 702 1945 non
744 1904 870 1959 bono,
913 1908 957 1949 in
994 1909 1074 1952 hac
1111 1914 1290 1956 materia
1326 1922 1599 1973 usurparunt,
1637 1923 1681 1964 in
1719 1939 1803 1977 qua

297 1968 505 2013 Blanda
532 1976 750 2028 patrum
780 1992 975 2032 segnes
1004 1981 1143 2024 facit
1172 1985 1530 2041 indulgentia
1557 1996 1737 2048 natos,

234 2041 281 2080 ut
314 2040 417 2083 boni
445 2046 589 2096 patres
619 2045 806 2090 habeant
835 2065 919 2103 quo
948 2053 1116 2105 possint
1145 2057 1272 2109 genio
1303 2058 1536 2114 indulgere.
1566 2062 1610 2105 N
1621 2079 1645 2106 a
1654 2081 1697 2107 m
1726 2067 1741 2108 i
1751 2083 1800 2109 n-

235 2110 556 2165 dulgentiae
584 2116 731 2160 fiunt
759 2121 820 2162 ad
847 2123 1199 2169 relevandum
1223 2128 1591 2183 indigentiam
1615 2136 1798 2180 Eccle-

232 2181 365 2235 siae,
419 2200 552 2237 qnae
601 2204 706 2231 non
756 2192 1039 2236 relevatur
1090 2212 1185 2250 per
1236 2201 1408 2243 solam
1451 2205 1798 2251 voluntatem

231 2252 258 2293 d
269 2267 292 2293 a
302 2268 330 2294 n
343 2254 414 2306 di,
454 2271 472 2297 s
485 2272 505 2298 e
518 2257 544 2299 d
580 2274 608 2312 p
621 2275 642 2301 e
654 2277 675 2302 r
713 2262 739 2303 d
749 2277 773 2304 a
783 2266 802 2304 t
812 2279 839 2305 u
850 2280 906 2317 m,
942 2265 1173 2323 Augustin.
1212 2271 1262 2313 de
1296 2272 1476 2317 Ancona
1504 2276 1554 2319 de
1580 2282 1794 2333 potestate

230 2322 332 2377 Pap.
364 2330 524 2377 quaest.
555 2329 618 2372 30.
650 2332 769 2374 artic.
799 2335 836 2377 3.
861 2335 963 2378 dant
986 2337 1121 2391 igitur
1144 2343 1193 2382 ut
1218 2343 1443 2398 accipiant,
1469 2362 1546 2390 nec
1571 2348 1613 2390 in
1619 2350 1793 2405 dulgent

227 2395 373 2447 gratis.
419 2397 578 2442 Dicunt
621 2416 711 2445 esse
752 2405 1071 2452 relaxation
1086 2425 1138 2453 es
1181 2427 1245 2467 po
1259 2429 1479 2459 enarum
1521 2421 1666 2475 temp
1680 2437 1791 2466 ora-

226 2466 266 2507 li
278 2482 305 2508 u
317 2483 360 2509 m
372 2501 381 2520 ,
421 2472 498 2512 etc.
540 2473 694 2525 quibus
733 2478 872 2520 verbis
913 2479 1237 2526 fundamentum
1265 2487 1450 2540 primum
1480 2490 1653 2545 hujusce
1681 2510 1789 2538 nun-

226 2538 456 2583 dinationis
486 2543 712 2599 detegitur,
741 2563 894 2603 nempe
923 2551 1117 2596 doctrina
1147 2555 1196 2598 de
1224 2559 1373 2611 poenis
1402 2562 1655 2613 quibusdam
1680 2568 1788 2610 tem-

225 2611 444 2665 poralibus
482 2615 791 2673 satisfactoriis,
831 2623 884 2664 ab
922 2624 1094 2668 homine
1132 2630 1391 2685 poenitente,
1422 2634 1490 2675 cui
1517 2636 1693 2679 remissa
1723 2641 1787 2681 est

225 2685 361 2738 culpa,
399 2702 476 2740 per
513 2689 698 2742 gratiam
737 2690 830 2746 Dei,
869 2695 1007 2738 adhuc
1045 2698 1210 2753 debitis,
1250 2705 1291 2744 et
1328 2703 1372 2744 in
1411 2704 1491 2747 hac
1528 2706 1617 2749 vita
1646 2709 1712 2750 vel
1740 2710 1785 2753 in

222 2759 475 2810 purgatorio
515 2762 780 2806 exsolvendis
791 2782 799 2816 ;
840 2767 953 2819 quod
979 2768 1300 2815 fundamentum
1330 2789 1355 2816 a
1381 2776 1506 2818 nobis
1534 2778 1782 2824 subversum

223 2830 290 2868 est'
322 2843 463 2884 supra,
503 2832 650 2875 Thess.
688 2836 751 2877 32.
789 2837 852 2879 33.
891 2839 955 2880 34.
987 2840 1051 2883 35.
1091 2844 1138 2884 ut
1178 2843 1249 2887 hic
1285 2860 1371 2888 non
1410 2847 1465 2890 sit
1502 2863 1609 2902 opus
1639 2854 1780 2896 actum

222 2911 360 2951 agere.

276 2969 362 3013 XL.
400 2972 449 3014 In
487 2989 535 3016 eo
576 2979 718 3019 autem
758 2993 800 3020 se
829 2980 973 3032 prodit
1000 2981 1323 3030 Pontificiorum
1352 2987 1588 3034 Doctorum
1616 2995 1774 3046 κυβείοι,

1927 615 1931 635 l

1927 667 1931 727 l

1921 815 1931 894 ἔ

1925 897 1931 936 ξ

1917 952 1931 997 fi,

1921 1003 1931 1046 1³
