<?xml version="1.0" encoding="UTF-8"?>
<!DOCTYPE html PUBLIC "-//W3C//DTD XHTML 1.0 Transitional//EN"
    "http://www.w3.org/TR/xhtml1/DTD/xhtml1-transitional.dtd">
<html xmlns="http://www.w3.org/1999/xhtml" xml:lang="en" lang="en">
 <head>
  <title>
</title>
<meta http-equiv="Content-Type" content="text/html;charset=utf-8" />
  <meta name='ocr-system' content='tesseract 3.04.00' />
  <meta name='ocr-capabilities' content='ocr_page ocr_carea ocr_par ocr_line ocrx_word'/>
</head>
<body>
  <div class='ocr_page' id='page_1' title='image "./synopsispurioris00poly_0350.png"; bbox 0 0 1931 3224; ppageno 0'>
   <div class='ocr_carea' id='block_1_1' title="bbox 218 124 1221 168">
    <p class='ocr_par' dir='ltr' id='par_1_1' title="bbox 218 124 1221 168">
     <span class='ocr_line' id='line_1_1' title="bbox 218 124 1221 168; baseline -0.001 0"><span class='ocrx_word' id='word_1_1' title='bbox 218 128 295 168; x_wconf 80' lang='lat'>328</span> <span class='ocrx_word' id='word_1_2' title='bbox 777 127 1017 168; x_wconf 64' lang='lat' dir='ltr'>Dispu&#39;mrm</span> <span class='ocrx_word' id='word_1_3' title='bbox 1046 124 1221 167; x_wconf 87' lang='lat' dir='ltr'>XXXII.</span> 
     </span>
    </p>
   </div>
   <div class='ocr_carea' id='block_1_2' title="bbox 217 249 1788 3015">
    <p class='ocr_par' dir='ltr' id='par_1_2' title="bbox 218 249 1784 659">
     <span class='ocr_line' id='line_1_2' title="bbox 218 249 1782 304; baseline -0.001 -11"><span class='ocrx_word' id='word_1_4' title='bbox 218 252 473 293; x_wconf 70' lang='lat' dir='ltr'><strong>reformatae</strong></span> <span class='ocrx_word' id='word_1_5' title='bbox 500 252 647 304; x_wconf 83' lang='lat' dir='ltr'>magni</span> <span class='ocrx_word' id='word_1_6' title='bbox 676 253 868 293; x_wconf 89' lang='lat' dir='ltr'>auctores</span> <span class='ocrx_word' id='word_1_7' title='bbox 896 250 1093 291; x_wconf 86' lang='lat' dir='ltr'>videntur</span> <span class='ocrx_word' id='word_1_8' title='bbox 1119 249 1361 291; x_wconf 87' lang='lat' dir='ltr'>dissentire:</span> <span class='ocrx_word' id='word_1_9' title='bbox 1387 249 1457 291; x_wconf 90' lang='lat' dir='ltr'>An</span> <span class='ocrx_word' id='word_1_10' title='bbox 1482 250 1585 291; x_wconf 86' lang='lat' dir='ltr'>fides</span> <span class='ocrx_word' id='word_1_11' title='bbox 1609 250 1782 303; x_wconf 81' lang='lat' dir='ltr'>resipis-</span> 
     </span>
     <span class='ocr_line' id='line_1_3' title="bbox 219 320 1780 375; baseline -0.001 -11"><span class='ocrx_word' id='word_1_12' title='bbox 219 323 380 365; x_wconf 88' lang='lat' dir='ltr'>centiae</span> <span class='ocrx_word' id='word_1_13' title='bbox 419 338 517 375; x_wconf 90' lang='lat' dir='ltr'>pars</span> <span class='ocrx_word' id='word_1_14' title='bbox 555 323 641 364; x_wconf 75' lang='lat' dir='ltr'>sit?</span> <span class='ocrx_word' id='word_1_15' title='bbox 679 321 792 363; x_wconf 88' lang='lat' dir='ltr'>Nam</span> <span class='ocrx_word' id='word_1_16' title='bbox 821 322 856 362; x_wconf 89' lang='lat' dir='ltr'>si</span> <span class='ocrx_word' id='word_1_17' title='bbox 889 320 1206 373; x_wconf 63' lang='lat' dir='ltr'>resipiscentiae</span> <span class='ocrx_word' id='word_1_18' title='bbox 1237 336 1321 362; x_wconf 82' lang='lat' dir='ltr'>vox</span> <span class='ocrx_word' id='word_1_19' title='bbox 1349 321 1438 362; x_wconf 88' lang='lat' dir='ltr'>lata</span> <span class='ocrx_word' id='word_1_20' title='bbox 1468 320 1780 375; x_wconf 86' lang='lat' dir='ltr'>significatione</span> 
     </span>
     <span class='ocr_line' id='line_1_4' title="bbox 219 391 1781 446; baseline -0.001 -11"><span class='ocrx_word' id='word_1_21' title='bbox 219 396 420 444; x_wconf 85' lang='lat' dir='ltr'>sumatur,</span> <span class='ocrx_word' id='word_1_22' title='bbox 463 408 540 446; x_wconf 89' lang='lat' dir='ltr'>pro</span> <span class='ocrx_word' id='word_1_23' title='bbox 580 395 673 434; x_wconf 88' lang='lat' dir='ltr'>toto</span> <span class='ocrx_word' id='word_1_24' title='bbox 714 392 1001 434; x_wconf 81' lang='lat' dir='ltr'>conversionis</span> <span class='ocrx_word' id='word_1_25' title='bbox 1038 394 1212 434; x_wconf 90' lang='lat' dir='ltr'>nostrae</span> <span class='ocrx_word' id='word_1_26' title='bbox 1242 406 1382 445; x_wconf 91' lang='lat' dir='ltr'>opere,</span> <span class='ocrx_word' id='word_1_27' title='bbox 1413 391 1521 433; x_wconf 88' lang='lat' dir='ltr'>sicut</span> <span class='ocrx_word' id='word_1_28' title='bbox 1552 392 1781 445; x_wconf 88' lang='lat' dir='ltr'>aliquando</span> 
     </span>
     <span class='ocr_line' id='line_1_5' title="bbox 218 462 1784 518; baseline -0.001 -13"><span class='ocrx_word' id='word_1_29' title='bbox 218 465 261 506; x_wconf 90' lang='lat' dir='ltr'>in</span> <span class='ocrx_word' id='word_1_30' title='bbox 304 464 523 518; x_wconf 81' lang='lat' dir='ltr'>Scriptura</span> <span class='ocrx_word' id='word_1_31' title='bbox 560 466 801 517; x_wconf 85' lang='lat' dir='ltr'>usurpatur,</span> <span class='ocrx_word' id='word_1_32' title='bbox 846 462 941 505; x_wconf 86' lang='lat' dir='ltr'>Act.</span> <span class='ocrx_word' id='word_1_33' title='bbox 983 464 1020 514; x_wconf 88' lang='lat'>3,</span> <span class='ocrx_word' id='word_1_34' title='bbox 1061 464 1124 514; x_wconf 83' lang='lat'>19,</span> <span class='ocrx_word' id='word_1_35' title='bbox 1164 465 1204 504; x_wconf 77' lang='lat' dir='ltr'>et</span> <span class='ocrx_word' id='word_1_36' title='bbox 1248 464 1309 514; x_wconf 87' lang='lat'>11,</span> <span class='ocrx_word' id='word_1_37' title='bbox 1350 463 1412 504; x_wconf 84' lang='lat'>18.</span> <span class='ocrx_word' id='word_1_38' title='bbox 1453 465 1565 504; x_wconf 86' lang='lat' dir='ltr'>certe</span> <span class='ocrx_word' id='word_1_39' title='bbox 1603 465 1646 504; x_wconf 87' lang='lat' dir='ltr'>et</span> <span class='ocrx_word' id='word_1_40' title='bbox 1680 462 1784 505; x_wconf 87' lang='lat' dir='ltr'>fides</span> 
     </span>
     <span class='ocr_line' id='line_1_6' title="bbox 219 534 1782 586; baseline 0 -10"><span class='ocrx_word' id='word_1_41' title='bbox 219 538 365 577; x_wconf 86' lang='lat' dir='ltr'>nostra</span> <span class='ocrx_word' id='word_1_42' title='bbox 387 536 430 576; x_wconf 90' lang='lat' dir='ltr'>in</span> <span class='ocrx_word' id='word_1_43' title='bbox 456 535 531 576; x_wconf 92' lang='lat' dir='ltr'>illo</span> <span class='ocrx_word' id='word_1_44' title='bbox 559 538 635 586; x_wconf 87' lang='lat' dir='ltr'>est,</span> <span class='ocrx_word' id='word_1_45' title='bbox 665 535 774 576; x_wconf 87' lang='lat' dir='ltr'>sicut</span> <span class='ocrx_word' id='word_1_46' title='bbox 798 534 1027 576; x_wconf 88' lang='lat' dir='ltr'>infidelitas</span> <span class='ocrx_word' id='word_1_47' title='bbox 1054 535 1092 576; x_wconf 90' lang='grc'>01</span> <span class='ocrx_word' id='word_1_48' title='bbox 1120 535 1334 576; x_wconf 87' lang='lat' dir='ltr'>contraria</span> <span class='ocrx_word' id='word_1_49' title='bbox 1365 535 1441 575; x_wconf 88' lang='lat' dir='ltr'>sub</span> <span class='ocrx_word' id='word_1_50' title='bbox 1469 534 1592 576; x_wconf 85' lang='lat' dir='ltr'>corde</span> <span class='ocrx_word' id='word_1_51' title='bbox 1618 535 1782 585; x_wconf 68' lang='grc' dir='ltr'><em>ἀμετα-</em></span> 
     </span>
     <span class='ocr_line' id='line_1_7' title="bbox 219 605 1372 659; baseline -0.001 -11"><span class='ocrx_word' id='word_1_52' title='bbox 219 606 334 658; x_wconf 70' lang='grc' dir='ltr'><em>νοήτῳ</em></span> <span class='ocrx_word' id='word_1_53' title='bbox 373 606 749 659; x_wconf 86' lang='lat' dir='ltr'>comprehenditur</span> <span class='ocrx_word' id='word_1_54' title='bbox 779 605 832 646; x_wconf 87' lang='lat' dir='ltr'>ab</span> <span class='ocrx_word' id='word_1_55' title='bbox 860 605 1087 658; x_wconf 88' lang='lat' dir='ltr'>Apostolo,</span> <span class='ocrx_word' id='word_1_56' title='bbox 1116 605 1240 646; x_wconf 86' lang='lat' dir='ltr'>Rom.</span> <span class='ocrx_word' id='word_1_57' title='bbox 1270 607 1307 657; x_wconf 91' lang='grc'>2,</span> <span class='ocrx_word' id='word_1_58' title='bbox 1337 606 1372 647; x_wconf 82' lang='lat'>5.</span> 
     </span>
    </p>

    <p class='ocr_par' dir='ltr' id='par_1_3' title="bbox 217 676 1786 1004">
     <span class='ocr_line' id='line_1_8' title="bbox 270 676 1786 730; baseline 0.001 -11"><span class='ocrx_word' id='word_1_59' title='bbox 270 677 377 719; x_wconf 87' lang='lat' dir='ltr'>XLI.</span> <span class='ocrx_word' id='word_1_60' title='bbox 408 677 483 719; x_wconf 79' lang='lat' dir='ltr'>Sin</span> <span class='ocrx_word' id='word_1_61' title='bbox 510 692 610 718; x_wconf 86' lang='lat' dir='ltr'>vero</span> <span class='ocrx_word' id='word_1_62' title='bbox 643 676 963 730; x_wconf 70' lang='lat' dir='ltr'>resipiscentiae</span> <span class='ocrx_word' id='word_1_63' title='bbox 991 691 1075 717; x_wconf 83' lang='lat' dir='ltr'>vox</span> <span class='ocrx_word' id='word_1_64' title='bbox 1106 676 1254 718; x_wconf 89' lang='lat' dir='ltr'>stricte</span> <span class='ocrx_word' id='word_1_65' title='bbox 1284 678 1485 729; x_wconf 78' lang='lat' dir='ltr'>sumatur,</span> <span class='ocrx_word' id='word_1_66' title='bbox 1519 677 1628 720; x_wconf 87' lang='lat' dir='ltr'>sicut</span> <span class='ocrx_word' id='word_1_67' title='bbox 1660 681 1786 721; x_wconf 87' lang='lat' dir='ltr'>antea</span> 
     </span>
     <span class='ocr_line' id='line_1_9' title="bbox 218 746 1783 801; baseline 0.001 -11"><span class='ocrx_word' id='word_1_68' title='bbox 218 765 241 790; x_wconf 82' lang='lat' dir='ltr'>a</span> <span class='ocrx_word' id='word_1_69' title='bbox 270 749 393 790; x_wconf 88' lang='lat' dir='ltr'>nobis</span> <span class='ocrx_word' id='word_1_70' title='bbox 423 751 487 790; x_wconf 91' lang='lat' dir='ltr'>est</span> <span class='ocrx_word' id='word_1_71' title='bbox 516 748 701 799; x_wconf 85' lang='lat' dir='ltr'>definita,</span> <span class='ocrx_word' id='word_1_72' title='bbox 731 750 825 788; x_wconf 85' lang='lat' dir='ltr'>tum</span> <span class='ocrx_word' id='word_1_73' title='bbox 855 763 878 788; x_wconf 91' lang='lat' dir='ltr'>a</span> <span class='ocrx_word' id='word_1_74' title='bbox 906 746 988 788; x_wconf 88' lang='lat' dir='ltr'>fide</span> <span class='ocrx_word' id='word_1_75' title='bbox 1018 746 1224 799; x_wconf 86' lang='lat' dir='ltr'>distingui</span> <span class='ocrx_word' id='word_1_76' title='bbox 1255 747 1374 799; x_wconf 88' lang='lat' dir='ltr'>solet,</span> <span class='ocrx_word' id='word_1_77' title='bbox 1404 749 1626 801; x_wconf 88' lang='lat' dir='ltr'>tamquam</span> <span class='ocrx_word' id='word_1_78' title='bbox 1656 763 1783 791; x_wconf 84' lang='lat' dir='ltr'>causa</span> 
     </span>
     <span class='ocr_line' id='line_1_10' title="bbox 218 817 1783 875; baseline 0.001 -14"><span class='ocrx_word' id='word_1_79' title='bbox 218 823 259 861; x_wconf 88' lang='lat' dir='ltr'>et</span> <span class='ocrx_word' id='word_1_80' title='bbox 298 822 387 872; x_wconf 87' lang='lat' dir='ltr'>ejus</span> <span class='ocrx_word' id='word_1_81' title='bbox 425 819 625 873; x_wconf 88' lang='lat' dir='ltr'>proprius</span> <span class='ocrx_word' id='word_1_82' title='bbox 655 819 828 861; x_wconf 83' lang='lat' dir='ltr'>effectus</span> <span class='ocrx_word' id='word_1_83' title='bbox 859 833 906 860; x_wconf 91' lang='lat' dir='ltr'>ac</span> <span class='ocrx_word' id='word_1_84' title='bbox 934 818 1111 869; x_wconf 73' lang='lat' dir='ltr'>fructus,</span> <span class='ocrx_word' id='word_1_85' title='bbox 1141 819 1270 870; x_wconf 88' lang='lat' dir='ltr'>atque</span> <span class='ocrx_word' id='word_1_86' title='bbox 1300 817 1362 859; x_wconf 90' lang='lat' dir='ltr'>ita</span> <span class='ocrx_word' id='word_1_87' title='bbox 1393 833 1486 860; x_wconf 90' lang='lat' dir='ltr'>eam</span> <span class='ocrx_word' id='word_1_88' title='bbox 1514 819 1609 872; x_wconf 88' lang='lat' dir='ltr'>ipsa</span> <span class='ocrx_word' id='word_1_89' title='bbox 1640 819 1783 875; x_wconf 86' lang='lat' dir='ltr'>Scrip-</span> 
     </span>
     <span class='ocr_line' id='line_1_11' title="bbox 217 887 1784 944; baseline 0.001 -12"><span class='ocrx_word' id='word_1_90' title='bbox 217 894 312 932; x_wconf 91' lang='lat' dir='ltr'>tura</span> <span class='ocrx_word' id='word_1_91' title='bbox 359 890 584 944; x_wconf 70' lang='lat' dir='ltr'>distinguit</span> <span class='ocrx_word' id='word_1_92' title='bbox 628 889 803 931; x_wconf 88' lang='lat' dir='ltr'>diversis</span> <span class='ocrx_word' id='word_1_93' title='bbox 845 890 890 930; x_wconf 91' lang='lat' dir='ltr'>in</span> <span class='ocrx_word' id='word_1_94' title='bbox 933 888 1051 940; x_wconf 90' lang='lat' dir='ltr'>locis,</span> <span class='ocrx_word' id='word_1_95' title='bbox 1095 887 1190 930; x_wconf 83' lang='lat' dir='ltr'>vide</span> <span class='ocrx_word' id='word_1_96' title='bbox 1234 887 1364 930; x_wconf 89' lang='lat' dir='ltr'>Marc.</span> <span class='ocrx_word' id='word_1_97' title='bbox 1411 889 1448 940; x_wconf 95' lang='lat'>1,</span> <span class='ocrx_word' id='word_1_98' title='bbox 1482 889 1544 931; x_wconf 83' lang='grc'>15.</span> <span class='ocrx_word' id='word_1_99' title='bbox 1584 890 1680 932; x_wconf 89' lang='lat' dir='ltr'>Act.</span> <span class='ocrx_word' id='word_1_100' title='bbox 1720 891 1784 943; x_wconf 91' lang='grc'>20,</span> 
     </span>
     <span class='ocr_line' id='line_1_12' title="bbox 218 964 391 1004; baseline 0 0"><span class='ocrx_word' id='word_1_101' title='bbox 218 964 281 1004; x_wconf 89' lang='grc'>21.</span> <span class='ocrx_word' id='word_1_102' title='bbox 313 965 391 1004; x_wconf 90' lang='lat' dir='ltr'>etc.</span> 
     </span>
    </p>

    <p class='ocr_par' dir='ltr' id='par_1_4' title="bbox 218 1030 1788 1586">
     <span class='ocr_line' id='line_1_13' title="bbox 271 1030 1786 1087; baseline 0.001 -12"><span class='ocrx_word' id='word_1_103' title='bbox 271 1033 398 1075; x_wconf 85' lang='lat' dir='ltr'>XLII.</span> <span class='ocrx_word' id='word_1_104' title='bbox 445 1033 560 1075; x_wconf 89' lang='lat' dir='ltr'>Nam</span> <span class='ocrx_word' id='word_1_105' title='bbox 604 1036 652 1075; x_wconf 88' lang='lat' dir='ltr'>ut</span> <span class='ocrx_word' id='word_1_106' title='bbox 700 1035 921 1087; x_wconf 89' lang='lat' dir='ltr'>peccatum</span> <span class='ocrx_word' id='word_1_107' title='bbox 966 1046 1062 1073; x_wconf 88' lang='lat' dir='ltr'>vere</span> <span class='ocrx_word' id='word_1_108' title='bbox 1111 1030 1336 1082; x_wconf 78' lang='lat' dir='ltr'>oderimus,</span> <span class='ocrx_word' id='word_1_109' title='bbox 1381 1031 1430 1073; x_wconf 84' lang='lat' dir='ltr'>de</span> <span class='ocrx_word' id='word_1_110' title='bbox 1474 1031 1566 1074; x_wconf 93' lang='lat' dir='ltr'>Deo</span> <span class='ocrx_word' id='word_1_111' title='bbox 1611 1033 1786 1087; x_wconf 86' lang='lat' dir='ltr'>offenso,</span> 
     </span>
     <span class='ocr_line' id='line_1_14' title="bbox 218 1104 1785 1159; baseline 0.001 -13"><span class='ocrx_word' id='word_1_112' title='bbox 218 1108 438 1158; x_wconf 87' lang='lat' dir='ltr'>tamquam</span> <span class='ocrx_word' id='word_1_113' title='bbox 474 1108 596 1159; x_wconf 89' lang='lat' dir='ltr'>patre</span> <span class='ocrx_word' id='word_1_114' title='bbox 633 1105 833 1158; x_wconf 86' lang='lat' dir='ltr'>benigno,</span> <span class='ocrx_word' id='word_1_115' title='bbox 870 1104 979 1146; x_wconf 85' lang='lat' dir='ltr'>serio</span> <span class='ocrx_word' id='word_1_116' title='bbox 1020 1104 1251 1155; x_wconf 83' lang='lat' dir='ltr'>doleamus,</span> <span class='ocrx_word' id='word_1_117' title='bbox 1288 1104 1502 1156; x_wconf 88' lang='lat' dir='ltr'>justitiam</span> <span class='ocrx_word' id='word_1_118' title='bbox 1541 1104 1785 1158; x_wconf 80' lang='lat' dir='ltr'>diligamus,</span> 
     </span>
     <span class='ocr_line' id='line_1_15' title="bbox 219 1175 1787 1231; baseline 0.001 -14"><span class='ocrx_word' id='word_1_119' title='bbox 219 1179 260 1217; x_wconf 90' lang='lat' dir='ltr'>et</span> <span class='ocrx_word' id='word_1_120' title='bbox 288 1192 407 1230; x_wconf 89' lang='lat' dir='ltr'>spem</span> <span class='ocrx_word' id='word_1_121' title='bbox 437 1176 596 1228; x_wconf 86' lang='lat' dir='ltr'>veniae,</span> <span class='ocrx_word' id='word_1_122' title='bbox 628 1178 755 1229; x_wconf 86' lang='lat' dir='ltr'>atque</span> <span class='ocrx_word' id='word_1_123' title='bbox 786 1175 916 1217; x_wconf 86' lang='lat' dir='ltr'>animi</span> <span class='ocrx_word' id='word_1_124' title='bbox 945 1175 1170 1229; x_wconf 84' lang='lat' dir='ltr'>spirituale</span> <span class='ocrx_word' id='word_1_125' title='bbox 1200 1175 1405 1231; x_wconf 85' lang='lat' dir='ltr'>gaudium</span> <span class='ocrx_word' id='word_1_126' title='bbox 1436 1191 1487 1217; x_wconf 81' lang='lat' dir='ltr'>ex</span> <span class='ocrx_word' id='word_1_127' title='bbox 1519 1191 1567 1218; x_wconf 89' lang='lat' dir='ltr'>eo</span> <span class='ocrx_word' id='word_1_128' title='bbox 1599 1177 1787 1230; x_wconf 88' lang='lat' dir='ltr'>concipi-</span> 
     </span>
     <span class='ocr_line' id='line_1_16' title="bbox 219 1247 1788 1300; baseline 0.001 -11"><span class='ocrx_word' id='word_1_129' title='bbox 219 1262 348 1299; x_wconf 81' lang='lat' dir='ltr'>amUS,</span> <span class='ocrx_word' id='word_1_130' title='bbox 392 1247 676 1289; x_wconf 85' lang='lat' dir='ltr'>necessarium</span> <span class='ocrx_word' id='word_1_131' title='bbox 719 1247 891 1289; x_wconf 90' lang='lat' dir='ltr'>omnino</span> <span class='ocrx_word' id='word_1_132' title='bbox 932 1249 1007 1299; x_wconf 85' lang='lat' dir='ltr'>est,</span> <span class='ocrx_word' id='word_1_133' title='bbox 1047 1249 1095 1288; x_wconf 87' lang='lat' dir='ltr'>ut</span> <span class='ocrx_word' id='word_1_134' title='bbox 1137 1247 1353 1288; x_wconf 80' lang='lat' dir='ltr'>Christum</span> <span class='ocrx_word' id='word_1_135' title='bbox 1392 1250 1517 1289; x_wconf 89' lang='lat' dir='ltr'>antea</span> <span class='ocrx_word' id='word_1_136' title='bbox 1554 1262 1631 1300; x_wconf 89' lang='lat' dir='ltr'>per</span> <span class='ocrx_word' id='word_1_137' title='bbox 1661 1248 1788 1291; x_wconf 90' lang='lat' dir='ltr'>fidem</span> 
     </span>
     <span class='ocr_line' id='line_1_17' title="bbox 218 1318 1783 1374; baseline 0.001 -14"><span class='ocrx_word' id='word_1_138' title='bbox 218 1319 341 1360; x_wconf 87' lang='lat' dir='ltr'>nobis</span> <span class='ocrx_word' id='word_1_139' title='bbox 379 1319 656 1373; x_wconf 78' lang='lat' dir='ltr'>applicemus,</span> <span class='ocrx_word' id='word_1_140' title='bbox 695 1321 823 1371; x_wconf 86' lang='lat' dir='ltr'>atque</span> <span class='ocrx_word' id='word_1_141' title='bbox 860 1318 904 1359; x_wconf 90' lang='lat' dir='ltr'>in</span> <span class='ocrx_word' id='word_1_142' title='bbox 944 1333 992 1360; x_wconf 91' lang='lat' dir='ltr'>eo</span> <span class='ocrx_word' id='word_1_143' title='bbox 1023 1318 1162 1360; x_wconf 89' lang='lat' dir='ltr'>Deum</span> <span class='ocrx_word' id='word_1_144' title='bbox 1192 1321 1412 1371; x_wconf 85' lang='lat' dir='ltr'>tamquam</span> <span class='ocrx_word' id='word_1_145' title='bbox 1443 1319 1676 1373; x_wconf 87' lang='lat' dir='ltr'>benignum</span> <span class='ocrx_word' id='word_1_146' title='bbox 1706 1334 1783 1374; x_wconf 86' lang='lat' dir='ltr'>pa-</span> 
     </span>
     <span class='ocr_line' id='line_1_18' title="bbox 219 1389 1784 1443; baseline 0.001 -12"><span class='ocrx_word' id='word_1_147' title='bbox 219 1394 328 1432; x_wconf 87' lang='lat' dir='ltr'>trem</span> <span class='ocrx_word' id='word_1_148' title='bbox 366 1390 628 1440; x_wconf 82' lang='lat' dir='ltr'>intueamur3</span> <span class='ocrx_word' id='word_1_149' title='bbox 670 1389 748 1431; x_wconf 89' lang='lat' dir='ltr'>etsi</span> <span class='ocrx_word' id='word_1_150' title='bbox 787 1392 828 1431; x_wconf 90' lang='lat' dir='ltr'>et</span> <span class='ocrx_word' id='word_1_151' title='bbox 867 1389 949 1430; x_wconf 89' lang='lat' dir='ltr'>hoc</span> <span class='ocrx_word' id='word_1_152' title='bbox 977 1389 1158 1431; x_wconf 86' lang='lat' dir='ltr'>libenter</span> <span class='ocrx_word' id='word_1_153' title='bbox 1190 1390 1411 1441; x_wconf 72' lang='lat' dir='ltr'>fateamur,</span> <span class='ocrx_word' id='word_1_154' title='bbox 1443 1390 1557 1443; x_wconf 89' lang='lat' dir='ltr'>quod</span> <span class='ocrx_word' id='word_1_155' title='bbox 1587 1390 1784 1433; x_wconf 85' lang='lat' dir='ltr'>salutaris</span> 
     </span>
     <span class='ocr_line' id='line_1_19' title="bbox 220 1460 1786 1516; baseline 0.001 -14"><span class='ocrx_word' id='word_1_156' title='bbox 220 1462 289 1504; x_wconf 92' lang='lat' dir='ltr'>ille</span> <span class='ocrx_word' id='word_1_157' title='bbox 326 1462 423 1503; x_wconf 84' lang='lat' dir='ltr'>fidei</span> <span class='ocrx_word' id='word_1_158' title='bbox 464 1476 622 1513; x_wconf 80' lang='lat' dir='ltr'>sensus,</span> <span class='ocrx_word' id='word_1_159' title='bbox 663 1475 740 1515; x_wconf 89' lang='lat' dir='ltr'>per</span> <span class='ocrx_word' id='word_1_160' title='bbox 777 1460 1094 1513; x_wconf 86' lang='lat' dir='ltr'>resipiscentiae</span> <span class='ocrx_word' id='word_1_161' title='bbox 1121 1475 1246 1502; x_wconf 82' lang='lat' dir='ltr'>verae</span> <span class='ocrx_word' id='word_1_162' title='bbox 1275 1476 1539 1514; x_wconf 87' lang='lat' dir='ltr'>consensum,</span> <span class='ocrx_word' id='word_1_163' title='bbox 1569 1462 1707 1516; x_wconf 86' lang='lat' dir='ltr'>magis</span> <span class='ocrx_word' id='word_1_164' title='bbox 1738 1477 1786 1505; x_wconf 88' lang='lat' dir='ltr'>ac</span> 
     </span>
     <span class='ocr_line' id='line_1_20' title="bbox 219 1531 1248 1586; baseline -0.002 -12"><span class='ocrx_word' id='word_1_165' title='bbox 219 1532 356 1586; x_wconf 85' lang='lat' dir='ltr'>magis</span> <span class='ocrx_word' id='word_1_166' title='bbox 385 1533 430 1574; x_wconf 89' lang='lat' dir='ltr'>in</span> <span class='ocrx_word' id='word_1_167' title='bbox 457 1532 581 1574; x_wconf 87' lang='grc'>1101115</span> <span class='ocrx_word' id='word_1_168' title='bbox 612 1546 655 1573; x_wconf 91' lang='grc'>50</span> <span class='ocrx_word' id='word_1_169' title='bbox 685 1534 851 1573; x_wconf 85' lang='lat' dir='ltr'>exserat</span> <span class='ocrx_word' id='word_1_170' title='bbox 881 1546 928 1572; x_wconf 89' lang='lat' dir='ltr'>ac</span> <span class='ocrx_word' id='word_1_171' title='bbox 961 1531 1248 1573; x_wconf 89' lang='lat' dir='ltr'>confirmetur.</span> 
     </span>
    </p>

    <p class='ocr_par' dir='ltr' id='par_1_5' title="bbox 217 1602 1788 1942">
     <span class='ocr_line' id='line_1_21' title="bbox 271 1602 1788 1657; baseline 0.001 -12"><span class='ocrx_word' id='word_1_172' title='bbox 271 1603 422 1645; x_wconf 84' lang='lat' dir='ltr'>XLIII.</span> <span class='ocrx_word' id='word_1_173' title='bbox 452 1603 519 1645; x_wconf 84' lang='lat' dir='ltr'>Ex</span> <span class='ocrx_word' id='word_1_174' title='bbox 547 1603 627 1655; x_wconf 89' lang='lat' dir='ltr'>his,</span> <span class='ocrx_word' id='word_1_175' title='bbox 659 1618 765 1656; x_wconf 88' lang='lat' dir='ltr'>quae</span> <span class='ocrx_word' id='word_1_176' title='bbox 793 1602 999 1644; x_wconf 85' lang='lat' dir='ltr'>hactenus</span> <span class='ocrx_word' id='word_1_177' title='bbox 1028 1618 1052 1644; x_wconf 90' lang='lat' dir='ltr'>a</span> <span class='ocrx_word' id='word_1_178' title='bbox 1080 1602 1203 1644; x_wconf 90' lang='lat' dir='ltr'>nobis</span> <span class='ocrx_word' id='word_1_179' title='bbox 1235 1603 1429 1656; x_wconf 83' lang='lat' dir='ltr'>exposita</span> <span class='ocrx_word' id='word_1_180' title='bbox 1460 1607 1569 1657; x_wconf 84' lang='lat' dir='ltr'>sunt,</span> <span class='ocrx_word' id='word_1_181' title='bbox 1598 1605 1788 1647; x_wconf 87' lang='lat' dir='ltr'>videmus</span> 
     </span>
     <span class='ocr_line' id='line_1_22' title="bbox 220 1673 1788 1729; baseline 0.001 -12"><span class='ocrx_word' id='word_1_182' title='bbox 220 1675 321 1728; x_wconf 86' lang='lat' dir='ltr'>quid</span> <span class='ocrx_word' id='word_1_183' title='bbox 359 1674 627 1717; x_wconf 85' lang='lat' dir='ltr'>sentiendum</span> <span class='ocrx_word' id='word_1_184' title='bbox 665 1674 720 1716; x_wconf 88' lang='lat' dir='ltr'>sit</span> <span class='ocrx_word' id='word_1_185' title='bbox 760 1674 810 1715; x_wconf 86' lang='lat' dir='ltr'>de</span> <span class='ocrx_word' id='word_1_186' title='bbox 839 1673 1035 1716; x_wconf 89' lang='lat' dir='ltr'>doctrina</span> <span class='ocrx_word' id='word_1_187' title='bbox 1063 1674 1136 1715; x_wconf 91' lang='lat' dir='ltr'>illa</span> <span class='ocrx_word' id='word_1_188' title='bbox 1165 1674 1503 1727; x_wconf 87' lang='lat' dir='ltr'>Pontificiorum,</span> <span class='ocrx_word' id='word_1_189' title='bbox 1534 1675 1607 1728; x_wconf 91' lang='lat' dir='ltr'>qui</span> <span class='ocrx_word' id='word_1_190' title='bbox 1638 1677 1788 1729; x_wconf 89' lang='lat' dir='ltr'>poeni-</span> 
     </span>
     <span class='ocr_line' id='line_1_23' title="bbox 217 1746 1786 1800; baseline 0.002 -12"><span class='ocrx_word' id='word_1_191' title='bbox 217 1748 378 1789; x_wconf 89' lang='lat' dir='ltr'>tentiae</span> <span class='ocrx_word' id='word_1_192' title='bbox 408 1761 507 1788; x_wconf 88' lang='lat' dir='ltr'>suae</span> <span class='ocrx_word' id='word_1_193' title='bbox 538 1746 685 1799; x_wconf 85' lang='lat' dir='ltr'>(quam</span> <span class='ocrx_word' id='word_1_194' title='bbox 716 1748 758 1788; x_wconf 91' lang='lat' dir='ltr'>et</span> <span class='ocrx_word' id='word_1_195' title='bbox 789 1760 1015 1799; x_wconf 89' lang='lat' dir='ltr'>perperam</span> <span class='ocrx_word' id='word_1_196' title='bbox 1044 1749 1355 1788; x_wconf 85' lang='lat' dir='ltr'>sacramentum</span> <span class='ocrx_word' id='word_1_197' title='bbox 1385 1747 1669 1800; x_wconf 86' lang='lat' dir='ltr'>constituunt)</span> <span class='ocrx_word' id='word_1_198' title='bbox 1700 1751 1786 1791; x_wconf 86' lang='lat' dir='ltr'>tres</span> 
     </span>
     <span class='ocr_line' id='line_1_24' title="bbox 218 1816 1786 1873; baseline 0.003 -14"><span class='ocrx_word' id='word_1_199' title='bbox 218 1821 362 1871; x_wconf 88' lang='lat' dir='ltr'>partes</span> <span class='ocrx_word' id='word_1_200' title='bbox 399 1818 574 1869; x_wconf 87' lang='lat' dir='ltr'>faciunt,</span> <span class='ocrx_word' id='word_1_201' title='bbox 612 1832 765 1871; x_wconf 88' lang='lat' dir='ltr'>nempe</span> <span class='ocrx_word' id='word_1_202' title='bbox 807 1816 1108 1859; x_wconf 88' lang='lat' dir='ltr'>contritionem</span> <span class='ocrx_word' id='word_1_203' title='bbox 1147 1817 1298 1869; x_wconf 84' lang='lat' dir='ltr'>cordis,</span> <span class='ocrx_word' id='word_1_204' title='bbox 1340 1818 1649 1861; x_wconf 87' lang='lat' dir='ltr'>confessionem</span> <span class='ocrx_word' id='word_1_205' title='bbox 1688 1821 1786 1873; x_wconf 89' lang='lat' dir='ltr'>oris,</span> 
     </span>
     <span class='ocr_line' id='line_1_25' title="bbox 218 1889 735 1942; baseline 0 -12"><span class='ocrx_word' id='word_1_206' title='bbox 218 1889 554 1932; x_wconf 82' lang='lat' dir='ltr'>satisfactionem</span> <span class='ocrx_word' id='word_1_207' title='bbox 584 1889 735 1942; x_wconf 90' lang='lat' dir='ltr'>operis.</span> 
     </span>
    </p>

    <p class='ocr_par' dir='ltr' id='par_1_6' title="bbox 218 1960 1787 2515">
     <span class='ocr_line' id='line_1_26' title="bbox 270 1960 1787 2017; baseline 0.003 -14"><span class='ocrx_word' id='word_1_208' title='bbox 270 1961 420 2003; x_wconf 87' lang='lat' dir='ltr'>XLIV.</span> <span class='ocrx_word' id='word_1_209' title='bbox 460 1960 573 2003; x_wconf 89' lang='lat' dir='ltr'>Nam</span> <span class='ocrx_word' id='word_1_210' title='bbox 614 1961 727 2013; x_wconf 88' lang='lat' dir='ltr'>quod</span> <span class='ocrx_word' id='word_1_211' title='bbox 767 1960 1070 2002; x_wconf 85' lang='lat' dir='ltr'>contritionem</span> <span class='ocrx_word' id='word_1_212' title='bbox 1108 1961 1273 2013; x_wconf 86' lang='lat' dir='ltr'>attinet,</span> <span class='ocrx_word' id='word_1_213' title='bbox 1316 1976 1394 2003; x_wconf 90' lang='lat' dir='ltr'>nos</span> <span class='ocrx_word' id='word_1_214' title='bbox 1434 1977 1527 2004; x_wconf 90' lang='lat' dir='ltr'>eam</span> <span class='ocrx_word' id='word_1_215' title='bbox 1564 1963 1608 2004; x_wconf 90' lang='lat' dir='ltr'>in</span> <span class='ocrx_word' id='word_1_216' title='bbox 1638 1965 1787 2017; x_wconf 89' lang='lat' dir='ltr'>poeni-</span> 
     </span>
     <span class='ocr_line' id='line_1_27' title="bbox 220 2031 1785 2086; baseline 0.003 -12"><span class='ocrx_word' id='word_1_217' title='bbox 220 2032 355 2074; x_wconf 85' lang='lat' dir='ltr'>tentia</span> <span class='ocrx_word' id='word_1_218' title='bbox 396 2047 494 2073; x_wconf 86' lang='lat' dir='ltr'>vera</span> <span class='ocrx_word' id='word_1_219' title='bbox 534 2033 815 2074; x_wconf 87' lang='lat' dir='ltr'>necessariam</span> <span class='ocrx_word' id='word_1_220' title='bbox 857 2031 1096 2084; x_wconf 88' lang='lat' dir='ltr'>statuimus,</span> <span class='ocrx_word' id='word_1_221' title='bbox 1142 2047 1190 2074; x_wconf 87' lang='lat' dir='ltr'>co</span> <span class='ocrx_word' id='word_1_222' title='bbox 1235 2047 1360 2074; x_wconf 90' lang='lat' dir='ltr'>sensu</span> <span class='ocrx_word' id='word_1_223' title='bbox 1398 2048 1481 2086; x_wconf 89' lang='lat' dir='ltr'>quo</span> <span class='ocrx_word' id='word_1_224' title='bbox 1520 2034 1564 2076; x_wconf 90' lang='lat' dir='ltr'>id</span> <span class='ocrx_word' id='word_1_225' title='bbox 1601 2051 1625 2077; x_wconf 86' lang='lat' dir='ltr'>a</span> <span class='ocrx_word' id='word_1_226' title='bbox 1661 2036 1785 2078; x_wconf 89' lang='lat' dir='ltr'>nobis</span> 
     </span>
     <span class='ocr_line' id='line_1_28' title="bbox 219 2103 1786 2160; baseline 0.003 -15"><span class='ocrx_word' id='word_1_227' title='bbox 219 2119 347 2158; x_wconf 90' lang='lat' dir='ltr'>supra</span> <span class='ocrx_word' id='word_1_228' title='bbox 403 2106 468 2146; x_wconf 84' lang='lat' dir='ltr'>est</span> <span class='ocrx_word' id='word_1_229' title='bbox 521 2103 789 2156; x_wconf 86' lang='lat' dir='ltr'>explicatum,</span> <span class='ocrx_word' id='word_1_230' title='bbox 841 2104 967 2145; x_wconf 86' lang='lat' dir='ltr'>modo</span> <span class='ocrx_word' id='word_1_231' title='bbox 1012 2106 1053 2145; x_wconf 89' lang='lat' dir='ltr'>et</span> <span class='ocrx_word' id='word_1_232' title='bbox 1101 2103 1291 2145; x_wconf 86' lang='lat' dir='ltr'>dolorem</span> <span class='ocrx_word' id='word_1_233' title='bbox 1338 2104 1461 2145; x_wconf 88' lang='lat' dir='ltr'>illum</span> <span class='ocrx_word' id='word_1_234' title='bbox 1509 2105 1563 2147; x_wconf 90' lang='lat' dir='ltr'>ob</span> <span class='ocrx_word' id='word_1_235' title='bbox 1611 2109 1786 2160; x_wconf 86' lang='lat' dir='ltr'>peccata</span> 
     </span>
     <span class='ocr_line' id='line_1_29' title="bbox 220 2174 1785 2230; baseline 0.002 -13"><span class='ocrx_word' id='word_1_236' title='bbox 220 2175 449 2217; x_wconf 85' lang='lat' dir='ltr'>secundum</span> <span class='ocrx_word' id='word_1_237' title='bbox 493 2174 630 2216; x_wconf 90' lang='lat' dir='ltr'>Deum</span> <span class='ocrx_word' id='word_1_238' title='bbox 672 2175 976 2228; x_wconf 81' lang='lat' dir='ltr'>intelligamus,</span> <span class='ocrx_word' id='word_1_239' title='bbox 1021 2177 1063 2216; x_wconf 91' lang='lat' dir='ltr'>et</span> <span class='ocrx_word' id='word_1_240' title='bbox 1104 2189 1182 2228; x_wconf 90' lang='lat' dir='ltr'>pro</span> <span class='ocrx_word' id='word_1_241' title='bbox 1226 2175 1410 2230; x_wconf 88' lang='lat' dir='ltr'>peccatis</span> <span class='ocrx_word' id='word_1_242' title='bbox 1454 2176 1785 2220; x_wconf 87' lang='lat' dir='ltr'>satisfactorium</span> 
     </span>
     <span class='ocr_line' id='line_1_30' title="bbox 220 2245 1785 2299; baseline 0.003 -11"><span class='ocrx_word' id='word_1_243' title='bbox 220 2262 306 2288; x_wconf 89' lang='lat' dir='ltr'>non</span> <span class='ocrx_word' id='word_1_244' title='bbox 336 2261 629 2299; x_wconf 82' lang='lat' dir='ltr'>agnoscamus.</span> <span class='ocrx_word' id='word_1_245' title='bbox 660 2245 832 2287; x_wconf 81' lang='lat' dir='ltr'>Gratiae</span> <span class='ocrx_word' id='word_1_246' title='bbox 863 2246 975 2288; x_wconf 92' lang='lat' dir='ltr'>enim</span> <span class='ocrx_word' id='word_1_247' title='bbox 1005 2245 1098 2298; x_wconf 88' lang='lat' dir='ltr'>Dei,</span> <span class='ocrx_word' id='word_1_248' title='bbox 1123 2261 1209 2288; x_wconf 89' lang='lat' dir='ltr'>non</span> <span class='ocrx_word' id='word_1_249' title='bbox 1239 2247 1484 2289; x_wconf 86' lang='lat' dir='ltr'>contritioni</span> <span class='ocrx_word' id='word_1_250' title='bbox 1515 2248 1785 2292; x_wconf 84' lang='lat' dir='ltr'>attribuenda</span> 
     </span>
     <span class='ocr_line' id='line_1_31' title="bbox 221 2317 1783 2372; baseline 0.003 -12"><span class='ocrx_word' id='word_1_251' title='bbox 221 2321 284 2360; x_wconf 92' lang='lat' dir='ltr'>est</span> <span class='ocrx_word' id='word_1_252' title='bbox 308 2320 580 2372; x_wconf 89' lang='lat' dir='ltr'>peccatorum</span> <span class='ocrx_word' id='word_1_253' title='bbox 605 2318 810 2369; x_wconf 75' lang='lat' dir='ltr'>remissio,</span> <span class='ocrx_word' id='word_1_254' title='bbox 840 2319 888 2358; x_wconf 90' lang='lat' dir='ltr'>ut</span> <span class='ocrx_word' id='word_1_255' title='bbox 914 2317 1057 2370; x_wconf 88' lang='lat' dir='ltr'>glossa</span> <span class='ocrx_word' id='word_1_256' title='bbox 1083 2318 1132 2359; x_wconf 85' lang='lat' dir='ltr'>de</span> <span class='ocrx_word' id='word_1_257' title='bbox 1162 2318 1404 2360; x_wconf 89' lang='lat' dir='ltr'>Poenitent.</span> <span class='ocrx_word' id='word_1_258' title='bbox 1431 2319 1618 2362; x_wconf 91' lang='lat' dir='ltr'>distinct.</span> <span class='ocrx_word' id='word_1_259' title='bbox 1643 2322 1678 2362; x_wconf 86' lang='lat'>2.</span> <span class='ocrx_word' id='word_1_260' title='bbox 1698 2336 1731 2363; x_wconf 92' lang='grc'>0.</span> <span class='ocrx_word' id='word_1_261' title='bbox 1749 2323 1783 2364; x_wconf 92' lang='grc'>1.</span> 
     </span>
     <span class='ocr_line' id='line_1_32' title="bbox 221 2388 1784 2434; baseline 0.002 -2"><span class='ocrx_word' id='word_1_262' title='bbox 221 2392 368 2432; x_wconf 90' lang='lat' dir='ltr'>contra</span> <span class='ocrx_word' id='word_1_263' title='bbox 408 2389 586 2432; x_wconf 88' lang='lat' dir='ltr'>Concilii</span> <span class='ocrx_word' id='word_1_264' title='bbox 625 2388 813 2431; x_wconf 86' lang='lat' dir='ltr'>Trident.</span> <span class='ocrx_word' id='word_1_265' title='bbox 853 2388 1141 2431; x_wconf 88' lang='lat' dir='ltr'>definitionem</span> <span class='ocrx_word' id='word_1_266' title='bbox 1179 2405 1278 2432; x_wconf 86' lang='lat' dir='ltr'>sess.</span> <span class='ocrx_word' id='word_1_267' title='bbox 1318 2391 1379 2432; x_wconf 82' lang='lat'>14.</span> <span class='ocrx_word' id='word_1_268' title='bbox 1419 2405 1452 2433; x_wconf 90' lang='grc'>0.</span> <span class='ocrx_word' id='word_1_269' title='bbox 1491 2392 1527 2433; x_wconf 82' lang='grc'>4.</span> <span class='ocrx_word' id='word_1_270' title='bbox 1567 2394 1680 2434; x_wconf 89' lang='lat' dir='ltr'>recte</span> <span class='ocrx_word' id='word_1_271' title='bbox 1717 2407 1784 2434; x_wconf 84' lang='lat' dir='ltr'>ex-</span> 
     </span>
     <span class='ocr_line' id='line_1_33' title="bbox 218 2462 376 2515; baseline -0.013 -11"><span class='ocrx_word' id='word_1_272' title='bbox 218 2462 376 2515; x_wconf 88' lang='lat' dir='ltr'>posuit.</span> 
     </span>
    </p>

    <p class='ocr_par' dir='ltr' id='par_1_7' title="bbox 220 2532 1784 2941">
     <span class='ocr_line' id='line_1_34' title="bbox 274 2532 1784 2587; baseline 0.003 -13"><span class='ocrx_word' id='word_1_273' title='bbox 274 2532 400 2575; x_wconf 88' lang='lat' dir='ltr'>XLV.</span> <span class='ocrx_word' id='word_1_274' title='bbox 461 2532 779 2575; x_wconf 85' lang='lat' dir='ltr'>Confessionem</span> <span class='ocrx_word' id='word_1_275' title='bbox 834 2546 1002 2584; x_wconf 88' lang='lat' dir='ltr'>quoque</span> <span class='ocrx_word' id='word_1_276' title='bbox 1056 2532 1268 2586; x_wconf 87' lang='lat' dir='ltr'>duplicem</span> <span class='ocrx_word' id='word_1_277' title='bbox 1320 2534 1622 2587; x_wconf 86' lang='lat' dir='ltr'>approbamus,</span> <span class='ocrx_word' id='word_1_278' title='bbox 1673 2537 1784 2578; x_wconf 89' lang='lat' dir='ltr'>tam-</span> 
     </span>
     <span class='ocr_line' id='line_1_35' title="bbox 223 2602 1783 2661; baseline 0.004 -18"><span class='ocrx_word' id='word_1_279' title='bbox 223 2618 351 2655; x_wconf 89' lang='lat' dir='ltr'>quam</span> <span class='ocrx_word' id='word_1_280' title='bbox 387 2617 511 2644; x_wconf 86' lang='lat' dir='ltr'>verae</span> <span class='ocrx_word' id='word_1_281' title='bbox 549 2602 840 2657; x_wconf 88' lang='lat' dir='ltr'>poenitentiae</span> <span class='ocrx_word' id='word_1_282' title='bbox 878 2602 1147 2655; x_wconf 83' lang='lat' dir='ltr'>adjunctum3</span> <span class='ocrx_word' id='word_1_283' title='bbox 1179 2619 1263 2656; x_wconf 88' lang='lat' dir='ltr'>qua</span> <span class='ocrx_word' id='word_1_284' title='bbox 1290 2605 1358 2646; x_wconf 90' lang='lat' dir='ltr'>vel</span> <span class='ocrx_word' id='word_1_285' title='bbox 1387 2606 1501 2659; x_wconf 86' lang='lat' dir='ltr'>apud</span> <span class='ocrx_word' id='word_1_286' title='bbox 1529 2605 1667 2648; x_wconf 89' lang='lat' dir='ltr'>Deum</span> <span class='ocrx_word' id='word_1_287' title='bbox 1695 2607 1783 2661; x_wconf 90' lang='lat' dir='ltr'>pri-</span> 
     </span>
     <span class='ocr_line' id='line_1_36' title="bbox 220 2674 1783 2728; baseline 0.002 -12"><span class='ocrx_word' id='word_1_288' title='bbox 220 2675 364 2727; x_wconf 86' lang='lat' dir='ltr'>vatim,</span> <span class='ocrx_word' id='word_1_289' title='bbox 409 2675 476 2716; x_wconf 81' lang='lat' dir='ltr'>Ps.</span> <span class='ocrx_word' id='word_1_290' title='bbox 521 2676 585 2716; x_wconf 82' lang='lat'>32.</span> <span class='ocrx_word' id='word_1_291' title='bbox 629 2674 715 2716; x_wconf 89' lang='lat' dir='ltr'>sive</span> <span class='ocrx_word' id='word_1_292' title='bbox 758 2674 926 2728; x_wconf 89' lang='lat' dir='ltr'>publice</span> <span class='ocrx_word' id='word_1_293' title='bbox 972 2690 1066 2716; x_wconf 90' lang='lat' dir='ltr'>cum</span> <span class='ocrx_word' id='word_1_294' title='bbox 1108 2677 1202 2717; x_wconf 88' lang='lat' dir='ltr'>tota</span> <span class='ocrx_word' id='word_1_295' title='bbox 1243 2675 1447 2728; x_wconf 84' lang='lat' dir='ltr'>Ecclesia,</span> <span class='ocrx_word' id='word_1_296' title='bbox 1485 2675 1595 2718; x_wconf 82' lang='lat' dir='ltr'>Neh.</span> <span class='ocrx_word' id='word_1_297' title='bbox 1634 2678 1671 2719; x_wconf 89' lang='grc'>9.</span> <span class='ocrx_word' id='word_1_298' title='bbox 1709 2680 1783 2719; x_wconf 92' lang='lat' dir='ltr'>aut</span> 
     </span>
     <span class='ocr_line' id='line_1_37' title="bbox 226 2745 1782 2800; baseline 0.001 -12"><span class='ocrx_word' id='word_1_299' title='bbox 226 2762 369 2788; x_wconf 87' lang='lat' dir='ltr'>coram</span> <span class='ocrx_word' id='word_1_300' title='bbox 410 2747 602 2789; x_wconf 87' lang='lat' dir='ltr'>Ecclesia</span> <span class='ocrx_word' id='word_1_301' title='bbox 642 2746 687 2788; x_wconf 89' lang='lat' dir='ltr'>in</span> <span class='ocrx_word' id='word_1_302' title='bbox 728 2745 909 2799; x_wconf 89' lang='lat' dir='ltr'>publicis</span> <span class='ocrx_word' id='word_1_303' title='bbox 949 2746 1168 2797; x_wconf 88' lang='lat' dir='ltr'>scandalis,</span> <span class='ocrx_word' id='word_1_304' title='bbox 1207 2747 1231 2787; x_wconf 94' lang='grc'>2</span> <span class='ocrx_word' id='word_1_305' title='bbox 1269 2745 1361 2788; x_wconf 84' lang='lat' dir='ltr'>Cor.</span> <span class='ocrx_word' id='word_1_306' title='bbox 1399 2748 1436 2788; x_wconf 95' lang='grc'>2.</span> <span class='ocrx_word' id='word_1_307' title='bbox 1474 2749 1671 2800; x_wconf 87' lang='lat' dir='ltr'>peccator</span> <span class='ocrx_word' id='word_1_308' title='bbox 1708 2762 1782 2790; x_wconf 87' lang='lat' dir='ltr'>sua</span> 
     </span>
     <span class='ocr_line' id='line_1_38' title="bbox 224 2816 1783 2872; baseline 0 -12"><span class='ocrx_word' id='word_1_309' title='bbox 224 2821 398 2872; x_wconf 89' lang='lat' dir='ltr'>peccata</span> <span class='ocrx_word' id='word_1_310' title='bbox 424 2818 641 2872; x_wconf 81' lang='lat' dir='ltr'>agnoscit3</span> <span class='ocrx_word' id='word_1_311' title='bbox 665 2819 731 2860; x_wconf 88' lang='lat' dir='ltr'>vel</span> <span class='ocrx_word' id='word_1_312' title='bbox 757 2818 870 2872; x_wconf 88' lang='lat' dir='ltr'>apud</span> <span class='ocrx_word' id='word_1_313' title='bbox 893 2816 1088 2860; x_wconf 87' lang='lat' dir='ltr'>homines</span> <span class='ocrx_word' id='word_1_314' title='bbox 1115 2819 1156 2859; x_wconf 92' lang='lat' dir='ltr'>et</span> <span class='ocrx_word' id='word_1_315' title='bbox 1181 2817 1332 2859; x_wconf 77' lang='lat' dir='ltr'>fratres</span> <span class='ocrx_word' id='word_1_316' title='bbox 1359 2817 1540 2860; x_wconf 86' lang='lat' dir='ltr'>offensos</span> <span class='ocrx_word' id='word_1_317' title='bbox 1566 2818 1617 2859; x_wconf 87' lang='lat' dir='ltr'>ad</span> <span class='ocrx_word' id='word_1_318' title='bbox 1637 2833 1783 2862; x_wconf 90' lang='lat' dir='ltr'>eorum</span> 
     </span>
     <span class='ocr_line' id='line_1_39' title="bbox 224 2888 1100 2941; baseline 0 -11"><span class='ocrx_word' id='word_1_319' title='bbox 224 2888 614 2931; x_wconf 88' lang='lat' dir='ltr'>reconciliationem</span> <span class='ocrx_word' id='word_1_320' title='bbox 641 2889 685 2931; x_wconf 87' lang='lat' dir='ltr'>id</span> <span class='ocrx_word' id='word_1_321' title='bbox 712 2889 828 2941; x_wconf 87' lang='lat' dir='ltr'>facit,</span> <span class='ocrx_word' id='word_1_322' title='bbox 856 2888 942 2930; x_wconf 91' lang='lat' dir='ltr'>Luc</span> <span class='ocrx_word' id='word_1_323' title='bbox 972 2889 1034 2940; x_wconf 87' lang='grc'>17,</span> <span class='ocrx_word' id='word_1_324' title='bbox 1064 2889 1100 2931; x_wconf 88' lang='grc'>9.</span> 
     </span>
    </p>

    <p class='ocr_par' dir='ltr' id='par_1_8' title="bbox 279 2959 1781 3015">
     <span class='ocr_line' id='line_1_40' title="bbox 279 2959 1781 3015; baseline 0.002 -14"><span class='ocrx_word' id='word_1_325' title='bbox 279 2959 429 3001; x_wconf 88' lang='lat' dir='ltr'>XLVI.</span> <span class='ocrx_word' id='word_1_326' title='bbox 459 2961 553 3002; x_wconf 88' lang='lat' dir='ltr'>Etsi</span> <span class='ocrx_word' id='word_1_327' title='bbox 583 2975 681 3002; x_wconf 90' lang='lat' dir='ltr'>vero</span> <span class='ocrx_word' id='word_1_328' title='bbox 712 2975 798 3002; x_wconf 91' lang='lat' dir='ltr'>non</span> <span class='ocrx_word' id='word_1_329' title='bbox 827 2960 1095 3012; x_wconf 85' lang='lat' dir='ltr'>diffiteamur,</span> <span class='ocrx_word' id='word_1_330' title='bbox 1127 2961 1229 3012; x_wconf 90' lang='lat' dir='ltr'>quin</span> <span class='ocrx_word' id='word_1_331' title='bbox 1259 2961 1500 3003; x_wconf 83' lang='lat' dir='ltr'>consultum</span> <span class='ocrx_word' id='word_1_332' title='bbox 1530 2960 1585 3002; x_wconf 86' lang='lat' dir='ltr'>sit</span> <span class='ocrx_word' id='word_1_333' title='bbox 1613 2961 1656 3003; x_wconf 91' lang='lat' dir='ltr'>in</span> <span class='ocrx_word' id='word_1_334' title='bbox 1684 2976 1781 3015; x_wconf 87' lang='lat' dir='ltr'>gra-</span> 
     </span>
    </p>
   </div>
   <div class='ocr_carea' id='block_1_3' title="bbox 1884 0 1931 1845">
    <p class='ocr_par' dir='ltr' id='par_1_9' title="bbox 1884 0 1931 1845">
     <span class='ocr_line' id='line_1_41' title="bbox 1884 0 1931 1845; baseline 0 0"><span class='ocrx_word' id='word_1_335' title='bbox 1884 0 1931 1845; x_wconf 95' lang='lat' dir='ltr'> </span> 
     </span>
    </p>
   </div>
  </div>
 </body>
</html>
