1931 3224
280 141 359 182 514
861 140 1105 182 D1S1³UTAT10
1132 138 1261 181 XLV.

280 279 426 306 verum
466 265 508 305 id
551 264 735 305 insolens
768 278 854 305 non
884 266 957 316 est,
998 264 1201 317 mysticas
1232 264 1420 305 actiones
1450 266 1549 305 ante
1579 263 1682 316 geri,
1714 278 1842 316 quam

281 335 382 389 quid
424 334 568 386 velint,
609 335 877 388 intelligatur
919 337 993 376 aut
1037 335 1285 388 explicetur,
1328 337 1377 376 ut
1414 335 1460 376 in
1494 335 1658 377 lotione
1687 335 1844 388 pedum

276 406 437 447 factum
473 404 674 456 videmus,
712 405 740 447 J
744 404 812 446 oh.
850 405 911 457 13,
941 405 978 447 4.
1012 406 1073 447 12.
1105 405 1317 458 Quicquid
1346 406 1413 459 sit,
1443 407 1530 448 sive
1561 405 1664 448 ordo
1692 405 1844 447 verbo-

276 491 370 517 rum
407 476 478 517 hic
513 477 666 527 rectus,
707 476 794 517 sive
831 475 874 516 in
911 475 995 517 illis
1032 476 1326 529 hysterologia
1355 477 1424 529 6113,
1453 491 1606 531 parum
1634 478 1708 518 aut
1736 475 1845 518 nihil

277 547 328 588 ad
357 561 446 588 rem
475 546 664 589 interest.

328 617 435 659 XLI.
478 617 568 660 Illis
611 618 896 671 subjiciuntur
932 618 1061 660 verba
1099 618 1259 660 Christi
1299 620 1486 673 ὂριστικδι,
1527 619 1586 662 In
1599 620 1844 662 dicantia

275 704 347 731 seu
377 690 635 731 declarantia
663 704 712 731 ac
737 690 982 732 definientia
1006 706 1096 733 rem
1120 692 1417 745 significatam,
1433 691 1844 745 promissionemque

276 761 460 802 externis
488 761 694 814 symbolis
725 761 925 813 additam,
954 762 998 803 in
1028 763 1181 815 quibus
1211 763 1374 805 Coenae
1404 762 1653 804 Dominicae
1681 761 1845 804 Mate-

275 832 357 873 ria
399 832 620 874 interna
663 835 738 885 est,
784 833 882 874 dum
925 835 998 886 ait,
1041 833 1155 876 Hoc
1197 838 1277 877 est
1322 849 1519 887 corpus
1555 847 1746 885 meum,
1777 832 1844 874 cui

275 903 392 944 addit
429 903 575 955 Lucas,
609 904 747 956 quod
778 919 875 957 pro
905 905 1062 947 vobis
1092 905 1270 957 datur,
1301 908 1342 947 et
1371 904 1542 956 Paulus,
1575 904 1715 957 quod
1744 918 1843 956 pro

275 975 432 1016 vobis
474 974 783 1028 frangitur:
829 978 871 1018 et
914 976 966 1017 ad
1008 976 1108 1018 hoc
1150 991 1222 1018 seu
1259 976 1348 1018 hic
1384 976 1480 1029 (pro
1519 989 1602 1028 quo
1640 974 1775 1017 Lucas
1804 976 1845 1016 et

274 1045 432 1087 Paulus
469 1046 611 1098 babet,
650 1046 762 1089 Hoc
801 1047 1071 1100 poculum)
1111 1048 1230 1090 addit
1267 1047 1512 1089 Matthaeus
1542 1047 1698 1098 enim,
1731 1045 1845 1098 quod

275 1119 316 1158 et
353 1116 398 1157 in
438 1117 712 1159 antecedente
749 1118 940 1160 membro
979 1119 1247 1172 intelligitur,
1278 1118 1501 1172 sanguis
1529 1132 1673 1159 meus
1702 1116 1844 1159 Novi

275 1187 634 1240 Testamenti,
673 1203 747 1230 seu
785 1191 834 1230 1113
862 1188 995 1231 Lucas
1026 1191 1067 1231 613
1096 1188 1266 1239 Paulus,
1295 1188 1505 1232 Novum
1535 1188 1844 1231 Testamen-

273 1260 382 1300 tum
411 1259 464 1300 111
490 1274 533 1300 111
548 1274 606 1301 60
632 1260 921 1313 sanguine,
946 1260 1192 1303 Matthaeus
1217 1263 1258 1303 et
1283 1260 1451 1302 Marcus
1467 1260 1684 1313 adjiciunt,
1703 1275 1726 1313 q
1741 1259 1844 1301 uod

276 1344 372 1383 pro
428 1330 637 1382 multis,
689 1330 824 1372 Lucas
874 1346 970 1385 pro
1021 1332 1176 1373 vobis
1225 1331 1559 1383 effunditur,
1599 1330 1843 1373 Matthaeus

277 1402 511 1453 praeterea,
540 1402 593 1442 in
622 1402 1006 1444 remissionem
1034 1405 1399 1456 peccatorum.

326 1471 456 1514 XLII.
501 1472 662 1521 Quibus
706 1474 944 1524 declaratur
985 1475 1085 1527 quid
1123 1475 1362 1517 actionibus
1392 1477 1434 1517 et
1457 1474 1719 1528 jussionibus
1747 1472 1843 1515 istis

273 1543 358 1585 suis
403 1543 596 1586 Christus
640 1545 756 1595 velit,
799 1561 952 1599 nempe
994 1546 1094 1588 dum
1136 1561 1291 1599 panem
1337 1549 1378 1588 et
1421 1546 1595 1589 calicem
1626 1546 1771 1597 istum,
1802 1547 1844 1587 et

274 1615 444 1668 quidem
494 1615 618 1657 illum
659 1616 855 1669 fractum,
899 1617 1011 1659 hunc
1053 1632 1153 1659 vero
1196 1618 1375 1659 effusum
1416 1617 1666 1671 accipiebat,
1710 1630 1843 1669 eaque

274 1686 492 1740 discipulis
531 1688 781 1742 porrigebat
811 1689 1056 1742 accipienda
1087 1692 1129 1731 et
1158 1690 1373 1741 sumenda,
1402 1689 1634 1731 intendisse
1664 1703 1741 1741 per
1770 1702 1842 1729 ex-

270 1760 392 1799 terna
431 1759 638 1801 elementa
675 1760 961 1813 actionesque,
999 1761 1263 1814 mysterium,
1302 1761 1346 1803 id
1384 1764 1458 1813 est,
1488 1760 1603 1802 aliud
1629 1761 1770 1801 mente
1799 1761 1841 1801 et

271 1829 353 1871 fide
392 1830 754 1883 considerandum,
794 1832 1098 1885 accipiendum,
1138 1848 1186 1875 ac
1224 1833 1485 1884 sumendum,
1524 1831 1720 1874 videlicet
1748 1845 1840 1872 cor-

270 1916 350 1954 pus
388 1917 511 1943 suum
548 1902 744 1955 fractum,
784 1906 827 1945 et
866 1903 1117 1957 sanguinem
1155 1904 1344 1956 effusum,
1374 1904 1419 1945 in
1450 1903 1590 1945 cibum
1619 1905 1660 1945 et
1688 1905 1840 1956 potum

272 1973 552 2025 spiritualem.
596 1973 658 2016 Ut
700 1974 755 2015 sit
799 1989 958 2026 sensus,
1000 1975 1068 2016 vel
1111 1975 1390 2027 enunciative,
1432 1974 1562 2016 Panis
1604 1974 1674 2016 hic
1714 1989 1840 2027 quem

269 2043 391 2097 fregi,
431 2047 494 2086 est
534 2059 687 2098 corpus
722 2060 863 2087 meum
890 2045 1092 2095 fractum;
1125 2048 1167 2087 et
1195 2044 1415 2097 Poculum,
1460 2060 1534 2087 seu
1562 2045 1605 2087 id
1635 2045 1748 2098 quod
1777 2047 1840 2086 est

269 2115 312 2156 in
342 2115 509 2168 poculo,
540 2118 605 2157 est
633 2116 806 2169 sanguis
836 2131 954 2158 meus
979 2116 1147 2168 effusus,
1175 2117 1364 2169 adeoque
1391 2116 1505 2169 quod
1531 2116 1627 2158 decli
1650 2115 1772 2157 vobis
1797 2118 1840 2157 et

265 2186 373 2239 jussi
411 2188 510 2228 estis
551 2188 754 2240 accipere,
789 2187 910 2229 edere
948 2190 989 2229 et
1027 2187 1184 2240 bibere,
1225 2190 1287 2230 est
1325 2203 1478 2242 corpus
1517 2190 1559 2229 et
1588 2188 1838 2242 sanguinem

269 2272 410 2299 meum
441 2258 539 2299 clare
569 2261 611 2299 et
640 2259 842 2312 accipere,
874 2259 995 2300 edere
1025 2261 1066 2301 et
1095 2260 1252 2302 bibere.

322 2328 476 2370 XLIII.
506 2328 584 2370 Illa
612 2319 898 2382 porro‘verba
927 2332 1042 2383 quod
1071 2332 1200 2373 variis
1229 2331 1658 2385 interpretationibus
1688 2330 1838 2372 obscu-

269 2402 429 2452 rentur,
455 2400 547 2441 aliis
566 2401 779 2450 συνουσίοιν,
806 2401 1207 2445 Consubstanti
1223 2403 1479 2457 ationem,
1497 2403 1590 2446 aliis
1607 2402 1835 2454 μετουσίαν,

269 2471 961 2516 Transubstantiationein
1012 2474 1113 2517 hinc
1166 2475 1493 2527 exstruentibus,
1545 2476 1731 2529 pressius
1783 2475 1837 2516 ad

269 2543 474 2597 simplicis
511 2544 704 2586 veritatis
745 2545 1020 2587 assertionem
1058 2546 1363 2588 consideranda
1402 2549 1512 2588 sunt.
1550 2546 1615 2588 Ac
1650 2546 1836 2599 primum

269 2615 483 2657 enunciati
517 2615 644 2669 hujus
682 2615 1018 2669 Subjectum,
1057 2633 1210 2671 nempe
1247 2617 1373 2660 Hoc.
1410 2617 1513 2659 Inde
1552 2616 1835 2659 Praedica-

267 2688 397 2739 tum,
436 2686 632 2729 videlicet
671 2702 865 2741 corpus
900 2691 950 2730 et
993 2689 1239 2743 sanguis,
1283 2691 1411 2742 atque
1449 2687 1669 2740 utriusque
1697 2687 1834 2729 decla-

267 2758 390 2800 ratio.
421 2757 811 2813 Ter'tioflopula
844 2774 917 2801 seu
951 2759 1177 2812 vinculum,
1208 2762 1301 2802 est.
1333 2759 1495 2809 Quarto
1519 2761 1638 2801 tota
1661 2758 1834 2800 Enun-

270 2827 452 2870 ciatio.
492 2828 728 2882 Postremo,
764 2830 1062 2873 ratiocinativa
1099 2831 1399 2885 particula,
1430 2831 1587 2883 enim,
1617 2844 1834 2883 nexusque

269 2897 424 2940 horum
452 2900 681 2942 verborum
710 2916 806 2943 011111
834 2902 1198 2954 praecedentibus.

324 2968 474 3013 XLIV.
514 2970 620 3016 Sub
628 2973 837 3025 jectum
875 2973 1020 3027 itaque
1049 2976 1113 3016 est
1141 2976 1266 3023 τοῦτο,
1305 2974 1439 3026 Hoc,
1479 2970 1734 3026 adjectivum
1762 2973 1835 3016 de-
