<?xml version="1.0" encoding="UTF-8"?>
<!DOCTYPE html PUBLIC "-//W3C//DTD XHTML 1.0 Transitional//EN"
    "http://www.w3.org/TR/xhtml1/DTD/xhtml1-transitional.dtd">
<html xmlns="http://www.w3.org/1999/xhtml" xml:lang="en" lang="en">
 <head>
  <title>
</title>
<meta http-equiv="Content-Type" content="text/html;charset=utf-8" />
  <meta name='ocr-system' content='tesseract 3.04.00' />
  <meta name='ocr-capabilities' content='ocr_page ocr_carea ocr_par ocr_line ocrx_word'/>
</head>
<body>
  <div class='ocr_page' id='page_1' title='image "./synopsispurioris00poly_0475.png"; bbox 0 0 1931 3224; ppageno 0'>
   <div class='ocr_carea' id='block_1_1' title="bbox 300 121 1658 165">
    <p class='ocr_par' dir='ltr' id='par_1_1' title="bbox 300 121 1658 165">
     <span class='ocr_line' id='line_1_1' title="bbox 300 121 1658 165; baseline 0 0"><span class='ocrx_word' id='word_1_1' title='bbox 300 123 363 165; x_wconf 67' lang='lat' dir='ltr'>DE</span> <span class='ocrx_word' id='word_1_2' title='bbox 392 122 562 165; x_wconf 72' lang='grc'>01101810</span> <span class='ocrx_word' id='word_1_3' title='bbox 591 121 736 164; x_wconf 62' lang='grc'>0111110</span> <span class='ocrx_word' id='word_1_4' title='bbox 766 121 987 164; x_wconf 74' lang='lat' dir='ltr'>EOOLEsrAE</span> <span class='ocrx_word' id='word_1_5' title='bbox 1017 137 1064 165; x_wconf 83' lang='lat' dir='ltr'>ET</span> <span class='ocrx_word' id='word_1_6' title='bbox 1095 137 1142 163; x_wconf 80' lang='lat' dir='ltr'>DE</span> <span class='ocrx_word' id='word_1_7' title='bbox 1171 122 1455 165; x_wconf 68' lang='lat' dir='ltr'>Aurmffiztsro.</span> <span class='ocrx_word' id='word_1_8' title='bbox 1579 125 1658 165; x_wconf 81' lang='lat'>455</span> 
     </span>
    </p>
   </div>
   <div class='ocr_carea' id='block_1_2' title="bbox 86 245 1663 3010">
    <p class='ocr_par' dir='ltr' id='par_1_2' title="bbox 95 245 1663 718">
     <span class='ocr_line' id='line_1_2' title="bbox 150 245 1660 300; baseline 0 -10"><span class='ocrx_word' id='word_1_9' title='bbox 150 247 328 290; x_wconf 83' lang='lat' dir='ltr'>XXXII.</span> <span class='ocrx_word' id='word_1_10' title='bbox 359 248 416 290; x_wconf 93' lang='lat' dir='ltr'>Et</span> <span class='ocrx_word' id='word_1_11' title='bbox 440 261 539 289; x_wconf 91' lang='lat' dir='ltr'>sane</span> <span class='ocrx_word' id='word_1_12' title='bbox 569 260 779 300; x_wconf 78' lang='lat' dir='ltr'>nusquam</span> <span class='ocrx_word' id='word_1_13' title='bbox 803 246 873 288; x_wconf 91' lang='lat' dir='ltr'>hic</span> <span class='ocrx_word' id='word_1_14' title='bbox 896 246 1047 288; x_wconf 90' lang='lat' dir='ltr'>titulus</span> <span class='ocrx_word' id='word_1_15' title='bbox 1072 246 1116 287; x_wconf 90' lang='lat' dir='ltr'>in</span> <span class='ocrx_word' id='word_1_16' title='bbox 1141 245 1361 299; x_wconf 87' lang='lat' dir='ltr'>Scriptura</span> <span class='ocrx_word' id='word_1_17' title='bbox 1385 247 1660 290; x_wconf 86' lang='lat' dir='ltr'>ministris</span> 
     </span>
     <span class='ocr_line' id='line_1_3' title="bbox 97 317 1661 370; baseline -0.001 -8"><span class='ocrx_word' id='word_1_18' title='bbox 97 321 197 363; x_wconf 91' lang='lat' dir='ltr'>Dei</span> <span class='ocrx_word' id='word_1_19' title='bbox 223 320 440 361; x_wconf 90' lang='lat' dir='ltr'>tribuitur.</span> <span class='ocrx_word' id='word_1_20' title='bbox 470 319 561 361; x_wconf 91' lang='lat' dir='ltr'>Imo</span> <span class='ocrx_word' id='word_1_21' title='bbox 594 333 691 360; x_wconf 87' lang='lat' dir='ltr'>vero</span> <span class='ocrx_word' id='word_1_22' title='bbox 717 318 909 360; x_wconf 81' lang='lat' dir='ltr'>Christus</span> <span class='ocrx_word' id='word_1_23' title='bbox 935 317 1026 359; x_wconf 83' lang='lat' dir='ltr'>Rex</span> <span class='ocrx_word' id='word_1_24' title='bbox 1050 318 1321 359; x_wconf 88' lang='lat' dir='ltr'>immediatus</span> <span class='ocrx_word' id='word_1_25' title='bbox 1346 318 1559 360; x_wconf 78' lang='lat' dir='ltr'>Ecclesiae</span> <span class='ocrx_word' id='word_1_26' title='bbox 1585 321 1661 370; x_wconf 89' lang='lat' dir='ltr'>est,</span> 
     </span>
     <span class='ocr_line' id='line_1_4' title="bbox 97 388 1661 445; baseline -0.001 -12"><span class='ocrx_word' id='word_1_27' title='bbox 97 393 211 445; x_wconf 91' lang='lat' dir='ltr'>quod</span> <span class='ocrx_word' id='word_1_28' title='bbox 250 391 448 444; x_wconf 74' lang='lat' dir='ltr'>primibus</span> <span class='ocrx_word' id='word_1_29' title='bbox 487 390 788 432; x_wconf 88' lang='lat' dir='ltr'>adumbratum</span> <span class='ocrx_word' id='word_1_30' title='bbox 824 389 905 430; x_wconf 87' lang='lat' dir='ltr'>fuit</span> <span class='ocrx_word' id='word_1_31' title='bbox 943 389 988 430; x_wconf 90' lang='lat' dir='ltr'>in</span> <span class='ocrx_word' id='word_1_32' title='bbox 1024 388 1175 442; x_wconf 81' lang='lat' dir='ltr'>Regno</span> <span class='ocrx_word' id='word_1_33' title='bbox 1213 388 1402 440; x_wconf 65' lang='lat' dir='ltr'>Israelis,</span> <span class='ocrx_word' id='word_1_34' title='bbox 1440 390 1513 431; x_wconf 90' lang='lat' dir='ltr'>ubi</span> <span class='ocrx_word' id='word_1_35' title='bbox 1545 389 1661 432; x_wconf 90' lang='lat' dir='ltr'>Deus</span> 
     </span>
     <span class='ocr_line' id='line_1_5' title="bbox 96 460 1662 515; baseline -0.001 -10"><span class='ocrx_word' id='word_1_36' title='bbox 96 463 366 505; x_wconf 87' lang='lat' dir='ltr'>immediatus</span> <span class='ocrx_word' id='word_1_37' title='bbox 391 462 483 504; x_wconf 82' lang='lat' dir='ltr'>Rex</span> <span class='ocrx_word' id='word_1_38' title='bbox 508 461 654 515; x_wconf 91' lang='lat' dir='ltr'>populi</span> <span class='ocrx_word' id='word_1_39' title='bbox 684 476 774 503; x_wconf 89' lang='lat' dir='ltr'>esse</span> <span class='ocrx_word' id='word_1_40' title='bbox 794 461 941 512; x_wconf 84' lang='lat' dir='ltr'>voluit,</span> <span class='ocrx_word' id='word_1_41' title='bbox 959 461 1091 502; x_wconf 88' lang='lat' dir='ltr'>donec</span> <span class='ocrx_word' id='word_1_42' title='bbox 1106 460 1317 503; x_wconf 84' lang='lat' dir='ltr'>visibilem</span> <span class='ocrx_word' id='word_1_43' title='bbox 1333 461 1497 515; x_wconf 84' lang='lat' dir='ltr'>Regem</span> <span class='ocrx_word' id='word_1_44' title='bbox 1511 465 1662 515; x_wconf 88' lang='lat' dir='ltr'>peten-</span> 
     </span>
     <span class='ocr_line' id='line_1_6' title="bbox 96 531 1662 586; baseline -0.001 -11"><span class='ocrx_word' id='word_1_45' title='bbox 96 537 171 586; x_wconf 90' lang='lat' dir='ltr'>tes,</span> <span class='ocrx_word' id='word_1_46' title='bbox 201 533 336 575; x_wconf 89' lang='lat' dir='ltr'>Deum</span> <span class='ocrx_word' id='word_1_47' title='bbox 367 533 507 586; x_wconf 89' lang='lat' dir='ltr'>ipsum</span> <span class='ocrx_word' id='word_1_48' title='bbox 539 533 737 573; x_wconf 88' lang='lat' dir='ltr'>dicuntur</span> <span class='ocrx_word' id='word_1_49' title='bbox 765 532 969 584; x_wconf 88' lang='lat' dir='ltr'>rejecisse,</span> <span class='ocrx_word' id='word_1_50' title='bbox 997 534 1038 573; x_wconf 88' lang='lat' dir='ltr'>et</span> <span class='ocrx_word' id='word_1_51' title='bbox 1063 531 1178 573; x_wconf 91' lang='lat' dir='ltr'>Deus</span> <span class='ocrx_word' id='word_1_52' title='bbox 1202 532 1287 573; x_wconf 89' lang='lat' dir='ltr'>illis</span> <span class='ocrx_word' id='word_1_53' title='bbox 1311 532 1474 586; x_wconf 83' lang='lat' dir='ltr'>Regem</span> <span class='ocrx_word' id='word_1_54' title='bbox 1500 533 1662 575; x_wconf 80' lang='lat' dir='ltr'>dedisse</span> 
     </span>
     <span class='ocr_line' id='line_1_7' title="bbox 95 602 1663 656; baseline -0.001 -10"><span class='ocrx_word' id='word_1_55' title='bbox 95 606 140 646; x_wconf 88' lang='lat' dir='ltr'>in</span> <span class='ocrx_word' id='word_1_56' title='bbox 171 605 235 646; x_wconf 90' lang='lat' dir='ltr'>ira</span> <span class='ocrx_word' id='word_1_57' title='bbox 264 619 350 645; x_wconf 87' lang='lat' dir='ltr'>sua.</span> <span class='ocrx_word' id='word_1_58' title='bbox 383 603 752 656; x_wconf 89' lang='lat' dir='ltr'>Complementum</span> <span class='ocrx_word' id='word_1_59' title='bbox 781 618 880 644; x_wconf 85' lang='lat' dir='ltr'>vero</span> <span class='ocrx_word' id='word_1_60' title='bbox 912 603 1075 656; x_wconf 90' lang='lat' dir='ltr'>accepit</span> <span class='ocrx_word' id='word_1_61' title='bbox 1103 602 1148 644; x_wconf 88' lang='lat' dir='ltr'>in</span> <span class='ocrx_word' id='word_1_62' title='bbox 1177 602 1371 644; x_wconf 80' lang='lat' dir='ltr'>Romana</span> <span class='ocrx_word' id='word_1_63' title='bbox 1399 603 1591 645; x_wconf 82' lang='lat' dir='ltr'>Ecclesia</span> <span class='ocrx_word' id='word_1_64' title='bbox 1622 606 1663 645; x_wconf 92' lang='lat' dir='ltr'>et</span> 
     </span>
     <span class='ocr_line' id='line_1_8' title="bbox 95 675 542 718; baseline -0.004 0"><span class='ocrx_word' id='word_1_65' title='bbox 95 676 302 718; x_wconf 90' lang='lat' dir='ltr'>Pontifice</span> <span class='ocrx_word' id='word_1_66' title='bbox 330 675 542 717; x_wconf 85' lang='lat' dir='ltr'>Romano.</span> 
     </span>
    </p>

    <p class='ocr_par' dir='ltr' id='par_1_3' title="bbox 91 745 1661 1584">
     <span class='ocr_line' id='line_1_9' title="bbox 148 745 1660 799; baseline 0 -12"><span class='ocrx_word' id='word_1_67' title='bbox 148 745 345 787; x_wconf 88' lang='lat' dir='ltr'>XXXIII.</span> <span class='ocrx_word' id='word_1_68' title='bbox 386 745 652 799; x_wconf 88' lang='lat' dir='ltr'>Sponsum</span> <span class='ocrx_word' id='word_1_69' title='bbox 693 748 742 787; x_wconf 87' lang='lat' dir='ltr'>et</span> <span class='ocrx_word' id='word_1_70' title='bbox 771 747 1024 787; x_wconf 86' lang='lat' dir='ltr'>maritum</span> <span class='ocrx_word' id='word_1_71' title='bbox 1054 746 1152 787; x_wconf 88' lang='lat' dir='ltr'>dum</span> <span class='ocrx_word' id='word_1_72' title='bbox 1182 761 1271 788; x_wconf 87' lang='lat' dir='ltr'>sese</span> <span class='ocrx_word' id='word_1_73' title='bbox 1303 746 1518 788; x_wconf 82' lang='lat' dir='ltr'>Ecclesiae</span> <span class='ocrx_word' id='word_1_74' title='bbox 1546 746 1660 798; x_wconf 86' lang='lat' dir='ltr'>facit,</span> 
     </span>
     <span class='ocr_line' id='line_1_10' title="bbox 96 817 1660 871; baseline 0 -13"><span class='ocrx_word' id='word_1_75' title='bbox 96 817 197 871; x_wconf 90' lang='lat' dir='ltr'>quid</span> <span class='ocrx_word' id='word_1_76' title='bbox 225 817 339 858; x_wconf 86' lang='lat' dir='ltr'>aliud</span> <span class='ocrx_word' id='word_1_77' title='bbox 368 832 497 870; x_wconf 87' lang='lat' dir='ltr'>quam</span> <span class='ocrx_word' id='word_1_78' title='bbox 525 817 765 859; x_wconf 83' lang='lat' dir='ltr'>Ecclesiam</span> <span class='ocrx_word' id='word_1_79' title='bbox 792 817 1040 869; x_wconf 88' lang='lat' dir='ltr'>adulteram,</span> <span class='ocrx_word' id='word_1_80' title='bbox 1071 820 1112 858; x_wconf 91' lang='lat' dir='ltr'>et</span> <span class='ocrx_word' id='word_1_81' title='bbox 1141 832 1230 859; x_wconf 90' lang='lat' dir='ltr'>sese</span> <span class='ocrx_word' id='word_1_82' title='bbox 1260 817 1500 859; x_wconf 90' lang='lat' dir='ltr'>adulterum</span> <span class='ocrx_word' id='word_1_83' title='bbox 1528 817 1660 858; x_wconf 75' lang='lat' dir='ltr'>facit?</span> 
     </span>
     <span class='ocr_line' id='line_1_11' title="bbox 93 887 1661 942; baseline 0 -12"><span class='ocrx_word' id='word_1_84' title='bbox 93 888 248 930; x_wconf 86' lang='lat' dir='ltr'>Nullus</span> <span class='ocrx_word' id='word_1_85' title='bbox 285 888 355 930; x_wconf 90' lang='lat' dir='ltr'>hic</span> <span class='ocrx_word' id='word_1_86' title='bbox 393 888 556 930; x_wconf 88' lang='lat' dir='ltr'>Vicarii</span> <span class='ocrx_word' id='word_1_87' title='bbox 597 891 660 930; x_wconf 90' lang='lat' dir='ltr'>est</span> <span class='ocrx_word' id='word_1_88' title='bbox 697 888 826 930; x_wconf 92' lang='lat' dir='ltr'>locus.</span> <span class='ocrx_word' id='word_1_89' title='bbox 866 888 965 937; x_wconf 80' lang='lat' dir='ltr'>Qui</span> <span class='ocrx_word' id='word_1_90' title='bbox 1006 888 1171 929; x_wconf 85' lang='lat' dir='ltr'>habet</span> <span class='ocrx_word' id='word_1_91' title='bbox 1210 887 1490 941; x_wconf 77' lang='lat' dir='ltr'>Sponsam,</span> <span class='ocrx_word' id='word_1_92' title='bbox 1520 889 1661 942; x_wconf 90' lang='lat' dir='ltr'>inquit</span> 
     </span>
     <span class='ocr_line' id='line_1_12' title="bbox 93 958 1661 1013; baseline -0.001 -11"><span class='ocrx_word' id='word_1_93' title='bbox 93 959 313 1002; x_wconf 85' lang='lat' dir='ltr'>Johannes</span> <span class='ocrx_word' id='word_1_94' title='bbox 355 959 589 1012; x_wconf 85' lang='lat' dir='ltr'>Baptistes,</span> <span class='ocrx_word' id='word_1_95' title='bbox 629 958 876 1012; x_wconf 90' lang='lat' dir='ltr'>Sponsus</span> <span class='ocrx_word' id='word_1_96' title='bbox 916 961 1016 1010; x_wconf 87' lang='lat' dir='ltr'>est,</span> <span class='ocrx_word' id='word_1_97' title='bbox 1054 959 1257 1000; x_wconf 89' lang='lat' dir='ltr'>amicus</span> <span class='ocrx_word' id='word_1_98' title='bbox 1295 974 1423 1001; x_wconf 88' lang='lat' dir='ltr'>vero</span> <span class='ocrx_word' id='word_1_99' title='bbox 1462 959 1661 1013; x_wconf 89' lang='lat' dir='ltr'>Sponsi</span> 
     </span>
     <span class='ocr_line' id='line_1_13' title="bbox 95 1030 1660 1084; baseline 0.001 -12"><span class='ocrx_word' id='word_1_100' title='bbox 95 1032 185 1084; x_wconf 92' lang='lat' dir='ltr'>qui</span> <span class='ocrx_word' id='word_1_101' title='bbox 213 1034 323 1073; x_wconf 88' lang='lat' dir='ltr'>stat</span> <span class='ocrx_word' id='word_1_102' title='bbox 354 1034 404 1072; x_wconf 93' lang='lat' dir='ltr'>et</span> <span class='ocrx_word' id='word_1_103' title='bbox 433 1031 584 1072; x_wconf 90' lang='lat' dir='ltr'>audit</span> <span class='ocrx_word' id='word_1_104' title='bbox 614 1046 750 1082; x_wconf 90' lang='lat' dir='ltr'>eum,</span> <span class='ocrx_word' id='word_1_105' title='bbox 776 1030 972 1084; x_wconf 81' lang='lat' dir='ltr'>gaudio</span> <span class='ocrx_word' id='word_1_106' title='bbox 999 1030 1199 1082; x_wconf 82' lang='lat' dir='ltr'>gaudet</span> <span class='ocrx_word' id='word_1_107' title='bbox 1224 1033 1454 1084; x_wconf 89' lang='lat' dir='ltr'>propter</span> <span class='ocrx_word' id='word_1_108' title='bbox 1478 1046 1660 1073; x_wconf 84' lang='lat' dir='ltr'>vocem</span> 
     </span>
     <span class='ocr_line' id='line_1_14' title="bbox 93 1102 1661 1156; baseline -0.001 -11"><span class='ocrx_word' id='word_1_109' title='bbox 93 1103 313 1156; x_wconf 91' lang='lat' dir='ltr'>Sponsi,</span> <span class='ocrx_word' id='word_1_110' title='bbox 352 1103 451 1145; x_wconf 84' lang='lat' dir='ltr'>Joh.</span> <span class='ocrx_word' id='word_1_111' title='bbox 490 1104 525 1152; x_wconf 82' lang='lat'>3,</span> <span class='ocrx_word' id='word_1_112' title='bbox 566 1103 627 1144; x_wconf 84' lang='lat'>19.</span> <span class='ocrx_word' id='word_1_113' title='bbox 667 1102 823 1143; x_wconf 90' lang='lat' dir='ltr'>Paulus</span> <span class='ocrx_word' id='word_1_114' title='bbox 851 1102 1047 1143; x_wconf 87' lang='lat' dir='ltr'>similiter</span> <span class='ocrx_word' id='word_1_115' title='bbox 1076 1104 1138 1143; x_wconf 86' lang='lat' dir='ltr'>est</span> <span class='ocrx_word' id='word_1_116' title='bbox 1167 1102 1216 1153; x_wconf 90' lang='lat' dir='ltr'>is,</span> <span class='ocrx_word' id='word_1_117' title='bbox 1246 1102 1335 1155; x_wconf 93' lang='lat' dir='ltr'>qui</span> <span class='ocrx_word' id='word_1_118' title='bbox 1364 1106 1661 1156; x_wconf 86' lang='lat' dir='ltr'>praeparat</span> 
     </span>
     <span class='ocr_line' id='line_1_15' title="bbox 95 1173 1658 1227; baseline 0 -11"><span class='ocrx_word' id='word_1_119' title='bbox 95 1189 206 1216; x_wconf 90' lang='lat' dir='ltr'>eam</span> <span class='ocrx_word' id='word_1_120' title='bbox 253 1177 525 1227; x_wconf 88' lang='lat' dir='ltr'>tamquam</span> <span class='ocrx_word' id='word_1_121' title='bbox 570 1174 842 1226; x_wconf 86' lang='lat' dir='ltr'>virginem</span> <span class='ocrx_word' id='word_1_122' title='bbox 886 1188 1093 1226; x_wconf 88' lang='lat' dir='ltr'>puram,</span> <span class='ocrx_word' id='word_1_123' title='bbox 1141 1173 1232 1214; x_wconf 91' lang='lat' dir='ltr'>uni</span> <span class='ocrx_word' id='word_1_124' title='bbox 1273 1174 1392 1215; x_wconf 87' lang='lat' dir='ltr'>viro</span> <span class='ocrx_word' id='word_1_125' title='bbox 1438 1173 1658 1216; x_wconf 83' lang='lat' dir='ltr'>Christo</span> 
     </span>
     <span class='ocr_line' id='line_1_16' title="bbox 94 1240 1660 1299; baseline 0.001 -13"><span class='ocrx_word' id='word_1_126' title='bbox 94 1240 410 1296; x_wconf 81' lang='lat' dir='ltr'>sistendam,</span> <span class='ocrx_word' id='word_1_127' title='bbox 450 1245 474 1285; x_wconf 93' lang='grc'>2</span> <span class='ocrx_word' id='word_1_128' title='bbox 509 1243 602 1286; x_wconf 89' lang='grc'>001.</span> <span class='ocrx_word' id='word_1_129' title='bbox 633 1244 694 1285; x_wconf 89' lang='grc'>11.</span> <span class='ocrx_word' id='word_1_130' title='bbox 726 1245 762 1285; x_wconf 93' lang='grc'>2.</span> <span class='ocrx_word' id='word_1_131' title='bbox 792 1243 968 1286; x_wconf 85' lang='lat' dir='ltr'>Suffecit</span> <span class='ocrx_word' id='word_1_132' title='bbox 998 1259 1099 1298; x_wconf 85' lang='lat' dir='ltr'>ergo</span> <span class='ocrx_word' id='word_1_133' title='bbox 1132 1245 1190 1286; x_wconf 88' lang='lat' dir='ltr'>eis</span> <span class='ocrx_word' id='word_1_134' title='bbox 1222 1259 1310 1286; x_wconf 87' lang='lat' dir='ltr'>esse</span> <span class='ocrx_word' id='word_1_135' title='bbox 1339 1246 1660 1299; x_wconf 84' lang='lat' dir='ltr'>paranymphis.</span> 
     </span>
     <span class='ocr_line' id='line_1_17' title="bbox 92 1315 1660 1369; baseline 0 -11"><span class='ocrx_word' id='word_1_136' title='bbox 92 1315 244 1369; x_wconf 86' lang='lat' dir='ltr'>Neque</span> <span class='ocrx_word' id='word_1_137' title='bbox 272 1315 342 1357; x_wconf 89' lang='lat' dir='ltr'>hic</span> <span class='ocrx_word' id='word_1_138' title='bbox 369 1316 521 1357; x_wconf 90' lang='lat' dir='ltr'>titulus</span> <span class='ocrx_word' id='word_1_139' title='bbox 549 1331 729 1369; x_wconf 85' lang='lat' dir='ltr'>usquam</span> <span class='ocrx_word' id='word_1_140' title='bbox 760 1316 804 1357; x_wconf 92' lang='grc'>111</span> <span class='ocrx_word' id='word_1_141' title='bbox 833 1316 961 1358; x_wconf 85' lang='grc'>800118</span> <span class='ocrx_word' id='word_1_142' title='bbox 989 1316 1125 1358; x_wconf 84' lang='grc'>1110118</span> <span class='ocrx_word' id='word_1_143' title='bbox 1155 1316 1371 1358; x_wconf 82' lang='lat' dir='ltr'>Ecclesiae</span> <span class='ocrx_word' id='word_1_144' title='bbox 1400 1317 1660 1359; x_wconf 69' lang='lat' dir='ltr'>administris</span> 
     </span>
     <span class='ocr_line' id='line_1_18' title="bbox 94 1387 1658 1442; baseline 0.002 -14"><span class='ocrx_word' id='word_1_145' title='bbox 94 1387 350 1440; x_wconf 83' lang='lat' dir='ltr'>assignatur.</span> <span class='ocrx_word' id='word_1_146' title='bbox 394 1387 529 1437; x_wconf 76' lang='lat' dir='ltr'>Quem</span> <span class='ocrx_word' id='word_1_147' title='bbox 570 1388 748 1441; x_wconf 82' lang='lat' dir='ltr'>palliare</span> <span class='ocrx_word' id='word_1_148' title='bbox 791 1387 1069 1429; x_wconf 70' lang='lat' dir='ltr'>similitudine</span> <span class='ocrx_word' id='word_1_149' title='bbox 1111 1388 1355 1441; x_wconf 86' lang='lat' dir='ltr'>imaginarii</span> <span class='ocrx_word' id='word_1_150' title='bbox 1398 1389 1658 1442; x_wconf 74' lang='lat' dir='ltr'>concubitus,</span> 
     </span>
     <span class='ocr_line' id='line_1_19' title="bbox 96 1459 1659 1514; baseline 0.001 -14"><span class='ocrx_word' id='word_1_151' title='bbox 96 1459 210 1500; x_wconf 88' lang='lat' dir='ltr'>inter</span> <span class='ocrx_word' id='word_1_152' title='bbox 245 1461 467 1512; x_wconf 86' lang='lat' dir='ltr'>magnates</span> <span class='ocrx_word' id='word_1_153' title='bbox 495 1459 654 1511; x_wconf 90' lang='lat' dir='ltr'>usitati,</span> <span class='ocrx_word' id='word_1_154' title='bbox 684 1459 878 1512; x_wconf 88' lang='lat' dir='ltr'>ineptum</span> <span class='ocrx_word' id='word_1_155' title='bbox 908 1462 993 1509; x_wconf 86' lang='lat' dir='ltr'>est;</span> <span class='ocrx_word' id='word_1_156' title='bbox 1023 1460 1151 1501; x_wconf 85' lang='lat' dir='ltr'>fuerit</span> <span class='ocrx_word' id='word_1_157' title='bbox 1181 1461 1293 1501; x_wconf 89' lang='lat' dir='ltr'>enim</span> <span class='ocrx_word' id='word_1_158' title='bbox 1321 1460 1382 1502; x_wconf 91' lang='lat' dir='ltr'>ita</span> <span class='ocrx_word' id='word_1_159' title='bbox 1410 1475 1509 1502; x_wconf 88' lang='lat' dir='ltr'>sane</span> <span class='ocrx_word' id='word_1_160' title='bbox 1539 1460 1659 1514; x_wconf 89' lang='lat' dir='ltr'>Papa</span> 
     </span>
     <span class='ocr_line' id='line_1_20' title="bbox 91 1530 1044 1584; baseline 0.001 -13"><span class='ocrx_word' id='word_1_161' title='bbox 91 1532 261 1571; x_wconf 90' lang='lat' dir='ltr'>tantum</span> <span class='ocrx_word' id='word_1_162' title='bbox 288 1530 566 1584; x_wconf 81' lang='lat' dir='ltr'>imaginarius</span> <span class='ocrx_word' id='word_1_163' title='bbox 595 1530 812 1572; x_wconf 87' lang='lat' dir='ltr'>Ecclesiae</span> <span class='ocrx_word' id='word_1_164' title='bbox 841 1530 1044 1584; x_wconf 88' lang='lat' dir='ltr'>Sponsus.</span> 
     </span>
    </p>

    <p class='ocr_par' dir='ltr' id='par_1_4' title="bbox 89 1600 1658 2227">
     <span class='ocr_line' id='line_1_21' title="bbox 146 1600 1658 1655; baseline 0.003 -13"><span class='ocrx_word' id='word_1_165' title='bbox 146 1600 344 1643; x_wconf 84' lang='lat' dir='ltr'>XXXIV.</span> <span class='ocrx_word' id='word_1_166' title='bbox 375 1601 549 1655; x_wconf 84' lang='lat' dir='ltr'>Caput</span> <span class='ocrx_word' id='word_1_167' title='bbox 577 1601 861 1644; x_wconf 85' lang='lat' dir='ltr'>Ecclesiae</span> <span class='ocrx_word' id='word_1_168' title='bbox 891 1602 1207 1649; x_wconf 86' lang='lat' dir='ltr'>universale</span> <span class='ocrx_word' id='word_1_169' title='bbox 1237 1603 1336 1644; x_wconf 90' lang='lat' dir='ltr'>dum</span> <span class='ocrx_word' id='word_1_170' title='bbox 1360 1619 1404 1646; x_wconf 90' lang='lat' dir='ltr'>se</span> <span class='ocrx_word' id='word_1_171' title='bbox 1430 1619 1519 1646; x_wconf 89' lang='lat' dir='ltr'>esse</span> <span class='ocrx_word' id='word_1_172' title='bbox 1543 1604 1658 1646; x_wconf 87' lang='lat' dir='ltr'>affir-</span> 
     </span>
     <span class='ocr_line' id='line_1_22' title="bbox 90 1673 1658 1728; baseline 0.003 -15"><span class='ocrx_word' id='word_1_173' title='bbox 90 1675 191 1725; x_wconf 86' lang='lat' dir='ltr'>mat,</span> <span class='ocrx_word' id='word_1_174' title='bbox 235 1673 522 1727; x_wconf 66' lang='grc' dir='ltr'>πολυκέφαιλον</span> <span class='ocrx_word' id='word_1_175' title='bbox 545 1673 782 1715; x_wconf 88' lang='lat' dir='ltr'>Ecclesiam</span> <span class='ocrx_word' id='word_1_176' title='bbox 806 1673 958 1714; x_wconf 88' lang='lat' dir='ltr'>statuit</span> <span class='ocrx_word' id='word_1_177' title='bbox 984 1673 1047 1726; x_wconf 87' lang='lat' dir='ltr'>(at</span> <span class='ocrx_word' id='word_1_178' title='bbox 1071 1674 1196 1715; x_wconf 90' lang='lat' dir='ltr'>unius</span> <span class='ocrx_word' id='word_1_179' title='bbox 1222 1675 1413 1728; x_wconf 88' lang='lat' dir='ltr'>corporis</span> <span class='ocrx_word' id='word_1_180' title='bbox 1440 1691 1571 1717; x_wconf 89' lang='lat' dir='ltr'>unum</span> <span class='ocrx_word' id='word_1_181' title='bbox 1595 1679 1658 1718; x_wconf 89' lang='lat' dir='ltr'>est</span> 
     </span>
     <span class='ocr_line' id='line_1_23' title="bbox 93 1744 1656 1798; baseline 0.002 -13"><span class='ocrx_word' id='word_1_182' title='bbox 93 1746 221 1797; x_wconf 89' lang='lat' dir='ltr'>caput</span> <span class='ocrx_word' id='word_1_183' title='bbox 258 1744 444 1796; x_wconf 88' lang='lat' dir='ltr'>ejusdem</span> <span class='ocrx_word' id='word_1_184' title='bbox 483 1745 660 1798; x_wconf 89' lang='lat' dir='ltr'>ordinis)</span> <span class='ocrx_word' id='word_1_185' title='bbox 698 1745 887 1797; x_wconf 84' lang='lat' dir='ltr'>adeoque</span> <span class='ocrx_word' id='word_1_186' title='bbox 920 1747 1208 1786; x_wconf 90' lang='lat' dir='ltr'>monstrosum</span> <span class='ocrx_word' id='word_1_187' title='bbox 1238 1760 1392 1798; x_wconf 89' lang='lat' dir='ltr'>corpus</span> <span class='ocrx_word' id='word_1_188' title='bbox 1422 1747 1656 1788; x_wconf 90' lang='lat' dir='ltr'>constituit.</span> 
     </span>
     <span class='ocr_line' id='line_1_24' title="bbox 91 1813 1656 1869; baseline 0.003 -14"><span class='ocrx_word' id='word_1_189' title='bbox 91 1813 243 1867; x_wconf 88' lang='lat' dir='ltr'>Neque</span> <span class='ocrx_word' id='word_1_190' title='bbox 286 1814 557 1856; x_wconf 89' lang='lat' dir='ltr'>distinctione</span> <span class='ocrx_word' id='word_1_191' title='bbox 600 1816 751 1869; x_wconf 88' lang='lat' dir='ltr'>capitis</span> <span class='ocrx_word' id='word_1_192' title='bbox 794 1816 870 1857; x_wconf 89' lang='lat' dir='ltr'>sub</span> <span class='ocrx_word' id='word_1_193' title='bbox 915 1816 1067 1868; x_wconf 89' lang='lat' dir='ltr'>capite,</span> <span class='ocrx_word' id='word_1_194' title='bbox 1111 1818 1184 1857; x_wconf 89' lang='lat' dir='ltr'>aut</span> <span class='ocrx_word' id='word_1_195' title='bbox 1227 1817 1406 1858; x_wconf 86' lang='lat' dir='ltr'>visibilis</span> <span class='ocrx_word' id='word_1_196' title='bbox 1444 1817 1656 1859; x_wconf 89' lang='lat' dir='ltr'>Ecclesiae</span> 
     </span>
     <span class='ocr_line' id='line_1_25' title="bbox 91 1886 1657 1940; baseline 0.002 -13"><span class='ocrx_word' id='word_1_197' title='bbox 91 1886 270 1928; x_wconf 88' lang='lat' dir='ltr'>visibilis</span> <span class='ocrx_word' id='word_1_198' title='bbox 309 1886 476 1940; x_wconf 89' lang='lat' dir='ltr'>capitis,</span> <span class='ocrx_word' id='word_1_199' title='bbox 515 1889 753 1929; x_wconf 90' lang='lat' dir='ltr'>monstrum</span> <span class='ocrx_word' id='word_1_200' title='bbox 791 1888 836 1928; x_wconf 90' lang='grc'>111</span> <span class='ocrx_word' id='word_1_201' title='bbox 872 1887 954 1929; x_wconf 87' lang='grc'>1100</span> <span class='ocrx_word' id='word_1_202' title='bbox 984 1902 1160 1940; x_wconf 89' lang='lat' dir='ltr'>corpore</span> <span class='ocrx_word' id='word_1_203' title='bbox 1190 1888 1385 1929; x_wconf 87' lang='lat' dir='ltr'>evitatur.</span> <span class='ocrx_word' id='word_1_204' title='bbox 1414 1887 1514 1930; x_wconf 88' lang='lat' dir='ltr'>Non</span> <span class='ocrx_word' id='word_1_205' title='bbox 1545 1890 1657 1930; x_wconf 90' lang='lat' dir='ltr'>enim</span> 
     </span>
     <span class='ocr_line' id='line_1_26' title="bbox 90 1957 1657 2009; baseline 0 -9"><span class='ocrx_word' id='word_1_206' title='bbox 90 1958 196 2000; x_wconf 90' lang='lat' dir='ltr'>haec</span> <span class='ocrx_word' id='word_1_207' title='bbox 225 1957 404 1999; x_wconf 87' lang='lat' dir='ltr'>visibilis</span> <span class='ocrx_word' id='word_1_208' title='bbox 433 1960 474 1999; x_wconf 88' lang='lat' dir='ltr'>et</span> <span class='ocrx_word' id='word_1_209' title='bbox 501 1957 726 1999; x_wconf 84' lang='lat' dir='ltr'>invisibilis</span> <span class='ocrx_word' id='word_1_210' title='bbox 756 1957 971 2000; x_wconf 89' lang='lat' dir='ltr'>Ecclesiae</span> <span class='ocrx_word' id='word_1_211' title='bbox 1002 1958 1219 2001; x_wconf 88' lang='lat' dir='ltr'>distinctio</span> <span class='ocrx_word' id='word_1_212' title='bbox 1250 1959 1495 2009; x_wconf 62' lang='lat' dir='ltr'>essentialis</span> <span class='ocrx_word' id='word_1_213' title='bbox 1521 1960 1593 2002; x_wconf 90' lang='lat' dir='ltr'>sed</span> <span class='ocrx_word' id='word_1_214' title='bbox 1618 1960 1657 2001; x_wconf 91' lang='lat' dir='ltr'>ei</span> 
     </span>
     <span class='ocr_line' id='line_1_27' title="bbox 91 2028 1656 2085; baseline 0.002 -15"><span class='ocrx_word' id='word_1_215' title='bbox 91 2029 362 2071; x_wconf 86' lang='lat' dir='ltr'>accidentalis</span> <span class='ocrx_word' id='word_1_216' title='bbox 401 2031 475 2070; x_wconf 86' lang='lat' dir='ltr'>est.</span> <span class='ocrx_word' id='word_1_217' title='bbox 515 2028 626 2077; x_wconf 82' lang='lat' dir='ltr'>Quin</span> <span class='ocrx_word' id='word_1_218' title='bbox 665 2044 773 2082; x_wconf 90' lang='lat' dir='ltr'>quae</span> <span class='ocrx_word' id='word_1_219' title='bbox 802 2030 1026 2084; x_wconf 88' lang='lat' dir='ltr'>proportio</span> <span class='ocrx_word' id='word_1_220' title='bbox 1057 2030 1182 2083; x_wconf 88' lang='lat' dir='ltr'>hujus</span> <span class='ocrx_word' id='word_1_221' title='bbox 1213 2031 1393 2072; x_wconf 84' lang='lat' dir='ltr'>visibilis</span> <span class='ocrx_word' id='word_1_222' title='bbox 1424 2031 1574 2085; x_wconf 86' lang='lat' dir='ltr'>capitis</span> <span class='ocrx_word' id='word_1_223' title='bbox 1604 2032 1656 2073; x_wconf 89' lang='lat' dir='ltr'>ad</span> 
     </span>
     <span class='ocr_line' id='line_1_28' title="bbox 89 2100 1655 2155; baseline 0.003 -14"><span class='ocrx_word' id='word_1_224' title='bbox 89 2102 230 2143; x_wconf 86' lang='lat' dir='ltr'>totum</span> <span class='ocrx_word' id='word_1_225' title='bbox 254 2100 469 2142; x_wconf 86' lang='lat' dir='ltr'>Ecclesiae</span> <span class='ocrx_word' id='word_1_226' title='bbox 495 2103 678 2153; x_wconf 76' lang='lat' dir='ltr'>corpus?</span> <span class='ocrx_word' id='word_1_227' title='bbox 704 2103 744 2142; x_wconf 88' lang='lat' dir='ltr'>et</span> <span class='ocrx_word' id='word_1_228' title='bbox 761 2101 974 2153; x_wconf 89' lang='lat' dir='ltr'>quomodo</span> <span class='ocrx_word' id='word_1_229' title='bbox 990 2116 1074 2142; x_wconf 90' lang='lat' dir='ltr'>una</span> <span class='ocrx_word' id='word_1_230' title='bbox 1093 2101 1198 2143; x_wconf 91' lang='lat' dir='ltr'>haec</span> <span class='ocrx_word' id='word_1_231' title='bbox 1212 2116 1396 2155; x_wconf 90' lang='lat' dir='ltr'>persona</span> <span class='ocrx_word' id='word_1_232' title='bbox 1416 2102 1655 2145; x_wconf 87' lang='lat' dir='ltr'>universam</span> 
     </span>
     <span class='ocr_line' id='line_1_29' title="bbox 89 2171 1619 2227; baseline 0.002 -15"><span class='ocrx_word' id='word_1_233' title='bbox 89 2171 327 2213; x_wconf 89' lang='lat' dir='ltr'>Ecclesiam</span> <span class='ocrx_word' id='word_1_234' title='bbox 356 2186 500 2213; x_wconf 88' lang='lat' dir='ltr'>curare</span> <span class='ocrx_word' id='word_1_235' title='bbox 530 2172 750 2224; x_wconf 76' lang='lat' dir='ltr'>potuerit?</span> <span class='ocrx_word' id='word_1_236' title='bbox 779 2172 902 2214; x_wconf 90' lang='lat' dir='ltr'>Unde</span> <span class='ocrx_word' id='word_1_237' title='bbox 933 2175 973 2213; x_wconf 89' lang='grc'>01</span> <span class='ocrx_word' id='word_1_238' title='bbox 1003 2173 1164 2225; x_wconf 88' lang='lat' dir='ltr'>partito</span> <span class='ocrx_word' id='word_1_239' title='bbox 1196 2175 1376 2226; x_wconf 82' lang='lat' dir='ltr'>egerunt</span> <span class='ocrx_word' id='word_1_240' title='bbox 1404 2174 1619 2227; x_wconf 91' lang='lat' dir='ltr'>Apostoli.</span> 
     </span>
    </p>

    <p class='ocr_par' dir='ltr' id='par_1_5' title="bbox 86 2242 1655 3010">
     <span class='ocr_line' id='line_1_30' title="bbox 142 2242 1654 2297; baseline 0.002 -13"><span class='ocrx_word' id='word_1_241' title='bbox 142 2242 318 2284; x_wconf 89' lang='lat' dir='ltr'>XXXV.</span> <span class='ocrx_word' id='word_1_242' title='bbox 368 2242 593 2295; x_wconf 87' lang='lat' dir='ltr'>Nusquam</span> <span class='ocrx_word' id='word_1_243' title='bbox 636 2243 766 2285; x_wconf 89' lang='lat' dir='ltr'>etiam</span> <span class='ocrx_word' id='word_1_244' title='bbox 807 2244 911 2286; x_wconf 90' lang='lat' dir='ltr'>haec</span> <span class='ocrx_word' id='word_1_245' title='bbox 955 2244 1187 2297; x_wconf 89' lang='lat' dir='ltr'>appellatio</span> <span class='ocrx_word' id='word_1_246' title='bbox 1233 2244 1385 2297; x_wconf 89' lang='lat' dir='ltr'>capitis</span> <span class='ocrx_word' id='word_1_247' title='bbox 1427 2245 1654 2297; x_wconf 77' lang='lat' dir='ltr'>Ecclesiae,</span> 
     </span>
     <span class='ocr_line' id='line_1_31' title="bbox 88 2313 1655 2369; baseline 0.002 -15"><span class='ocrx_word' id='word_1_248' title='bbox 88 2313 296 2355; x_wconf 86' lang='lat' dir='ltr'>ministris</span> <span class='ocrx_word' id='word_1_249' title='bbox 323 2313 539 2355; x_wconf 87' lang='lat' dir='ltr'>Ecclesiae</span> <span class='ocrx_word' id='word_1_250' title='bbox 562 2314 778 2356; x_wconf 86' lang='lat' dir='ltr'>tribuitur.</span> <span class='ocrx_word' id='word_1_251' title='bbox 805 2314 1054 2357; x_wconf 82' lang='lat' dir='ltr'>Sacerdotes</span> <span class='ocrx_word' id='word_1_252' title='bbox 1080 2314 1192 2356; x_wconf 85' lang='lat' dir='ltr'>enim</span> <span class='ocrx_word' id='word_1_253' title='bbox 1217 2315 1358 2368; x_wconf 89' lang='lat' dir='ltr'>capita</span> <span class='ocrx_word' id='word_1_254' title='bbox 1382 2316 1544 2369; x_wconf 89' lang='lat' dir='ltr'>populi,</span> <span class='ocrx_word' id='word_1_255' title='bbox 1570 2331 1655 2357; x_wconf 91' lang='lat' dir='ltr'>non</span> 
     </span>
     <span class='ocr_line' id='line_1_32' title="bbox 88 2384 1654 2439; baseline 0.002 -14"><span class='ocrx_word' id='word_1_256' title='bbox 88 2384 170 2425; x_wconf 90' lang='lat' dir='ltr'>nisi</span> <span class='ocrx_word' id='word_1_257' title='bbox 209 2385 422 2426; x_wconf 88' lang='lat' dir='ltr'>communi</span> <span class='ocrx_word' id='word_1_258' title='bbox 458 2385 748 2439; x_wconf 83' lang='lat' dir='ltr'>magistratus,</span> <span class='ocrx_word' id='word_1_259' title='bbox 779 2386 1036 2439; x_wconf 89' lang='lat' dir='ltr'>optimatum</span> <span class='ocrx_word' id='word_1_260' title='bbox 1066 2388 1108 2427; x_wconf 90' lang='lat' dir='ltr'>et</span> <span class='ocrx_word' id='word_1_261' title='bbox 1135 2386 1451 2428; x_wconf 87' lang='lat' dir='ltr'>honorabilium</span> <span class='ocrx_word' id='word_1_262' title='bbox 1479 2387 1654 2429; x_wconf 90' lang='lat' dir='ltr'>notione</span> 
     </span>
     <span class='ocr_line' id='line_1_33' title="bbox 89 2455 1654 2511; baseline 0.002 -15"><span class='ocrx_word' id='word_1_263' title='bbox 89 2455 297 2507; x_wconf 90' lang='lat' dir='ltr'>dicuntur,</span> <span class='ocrx_word' id='word_1_264' title='bbox 335 2455 433 2497; x_wconf 88' lang='lat' dir='ltr'>Esa.</span> <span class='ocrx_word' id='word_1_265' title='bbox 472 2457 509 2507; x_wconf 82' lang='lat'>9,</span> <span class='ocrx_word' id='word_1_266' title='bbox 548 2456 611 2497; x_wconf 84' lang='lat'>14.</span> <span class='ocrx_word' id='word_1_267' title='bbox 651 2457 712 2498; x_wconf 83' lang='lat'>15.</span> <span class='ocrx_word' id='word_1_268' title='bbox 754 2456 823 2499; x_wconf 91' lang='lat' dir='ltr'>Os.</span> <span class='ocrx_word' id='word_1_269' title='bbox 863 2459 900 2510; x_wconf 84' lang='lat'>6,</span> <span class='ocrx_word' id='word_1_270' title='bbox 942 2459 976 2499; x_wconf 94' lang='grc'>1.</span> <span class='ocrx_word' id='word_1_271' title='bbox 1014 2457 1212 2499; x_wconf 90' lang='lat' dir='ltr'>Summus</span> <span class='ocrx_word' id='word_1_272' title='bbox 1250 2458 1453 2500; x_wconf 78' lang='lat' dir='ltr'>Sacerdos</span> <span class='ocrx_word' id='word_1_273' title='bbox 1481 2458 1654 2511; x_wconf 85' lang='lat' dir='ltr'>insuper</span> 
     </span>
     <span class='ocr_line' id='line_1_34' title="bbox 87 2526 1653 2582; baseline 0.002 -14"><span class='ocrx_word' id='word_1_274' title='bbox 87 2528 232 2581; x_wconf 81' lang='lat' dir='ltr'>typice</span> <span class='ocrx_word' id='word_1_275' title='bbox 275 2527 327 2568; x_wconf 88' lang='lat' dir='ltr'>ad</span> <span class='ocrx_word' id='word_1_276' title='bbox 370 2526 597 2579; x_wconf 85' lang='lat' dir='ltr'>Christum,</span> <span class='ocrx_word' id='word_1_277' title='bbox 636 2529 753 2580; x_wconf 84' lang='lat' dir='ltr'>cujus</span> <span class='ocrx_word' id='word_1_278' title='bbox 789 2528 834 2569; x_wconf 89' lang='lat' dir='ltr'>in</span> <span class='ocrx_word' id='word_1_279' title='bbox 872 2544 919 2570; x_wconf 88' lang='lat' dir='ltr'>eo</span> <span class='ocrx_word' id='word_1_280' title='bbox 958 2530 1316 2582; x_wconf 88' lang='lat' dir='ltr'>complementum</span> <span class='ocrx_word' id='word_1_281' title='bbox 1355 2532 1430 2571; x_wconf 88' lang='lat' dir='ltr'>est.</span> <span class='ocrx_word' id='word_1_282' title='bbox 1469 2530 1653 2572; x_wconf 86' lang='lat' dir='ltr'>Etiamsi</span> 
     </span>
     <span class='ocr_line' id='line_1_35' title="bbox 88 2598 1651 2656; baseline 0.003 -17"><span class='ocrx_word' id='word_1_283' title='bbox 88 2601 231 2640; x_wconf 90' lang='lat' dir='ltr'>autem</span> <span class='ocrx_word' id='word_1_284' title='bbox 272 2599 315 2640; x_wconf 90' lang='grc'>111</span> <span class='ocrx_word' id='word_1_285' title='bbox 352 2598 566 2641; x_wconf 89' lang='lat' dir='ltr'>Ecclesiae</span> <span class='ocrx_word' id='word_1_286' title='bbox 605 2598 764 2641; x_wconf 80' lang='lat' dir='ltr'>Christi</span> <span class='ocrx_word' id='word_1_287' title='bbox 802 2600 1170 2643; x_wconf 88' lang='lat' dir='ltr'>administratione</span> <span class='ocrx_word' id='word_1_288' title='bbox 1209 2601 1523 2654; x_wconf 86' lang='lat' dir='ltr'>praestantiora</span> <span class='ocrx_word' id='word_1_289' title='bbox 1563 2603 1651 2656; x_wconf 87' lang='lat' dir='ltr'>ejus</span> 
     </span>
     <span class='ocr_line' id='line_1_36' title="bbox 86 2670 1651 2727; baseline 0.003 -16"><span class='ocrx_word' id='word_1_290' title='bbox 86 2671 277 2712; x_wconf 88' lang='lat' dir='ltr'>membra</span> <span class='ocrx_word' id='word_1_291' title='bbox 315 2670 392 2711; x_wconf 91' lang='lat' dir='ltr'>sub</span> <span class='ocrx_word' id='word_1_292' title='bbox 432 2670 585 2723; x_wconf 86' lang='lat' dir='ltr'>capitis</span> <span class='ocrx_word' id='word_1_293' title='bbox 623 2671 793 2712; x_wconf 87' lang='lat' dir='ltr'>nomine</span> <span class='ocrx_word' id='word_1_294' title='bbox 830 2671 942 2713; x_wconf 86' lang='lat' dir='ltr'>forte</span> <span class='ocrx_word' id='word_1_295' title='bbox 980 2672 1165 2724; x_wconf 76' lang='lat' dir='ltr'>veniant,</span> <span class='ocrx_word' id='word_1_296' title='bbox 1201 2674 1221 2714; x_wconf 83' lang='lat'>1</span> <span class='ocrx_word' id='word_1_297' title='bbox 1250 2672 1341 2714; x_wconf 87' lang='grc'>001.</span> <span class='ocrx_word' id='word_1_298' title='bbox 1372 2674 1435 2724; x_wconf 91' lang='grc'>12,</span> <span class='ocrx_word' id='word_1_299' title='bbox 1466 2674 1528 2715; x_wconf 92' lang='grc'>21.</span> <span class='ocrx_word' id='word_1_300' title='bbox 1560 2672 1651 2727; x_wconf 89' lang='lat' dir='ltr'>(ubi</span> 
     </span>
     <span class='ocr_line' id='line_1_37' title="bbox 87 2741 1650 2797; baseline 0.002 -15"><span class='ocrx_word' id='word_1_301' title='bbox 87 2742 231 2782; x_wconf 86' lang='lat' dir='ltr'>tamen</span> <span class='ocrx_word' id='word_1_302' title='bbox 269 2742 421 2795; x_wconf 88' lang='lat' dir='ltr'>capitis</span> <span class='ocrx_word' id='word_1_303' title='bbox 461 2741 648 2795; x_wconf 82' lang='lat' dir='ltr'>dignitas</span> <span class='ocrx_word' id='word_1_304' title='bbox 679 2743 728 2784; x_wconf 89' lang='lat' dir='ltr'>de</span> <span class='ocrx_word' id='word_1_305' title='bbox 757 2742 926 2784; x_wconf 81' lang='lat' dir='ltr'>Christo</span> <span class='ocrx_word' id='word_1_306' title='bbox 957 2743 1123 2794; x_wconf 89' lang='lat' dir='ltr'>dicitur,</span> <span class='ocrx_word' id='word_1_307' title='bbox 1153 2759 1257 2785; x_wconf 86' lang='lat' dir='ltr'>vers.</span> <span class='ocrx_word' id='word_1_308' title='bbox 1289 2744 1349 2786; x_wconf 93' lang='grc'>12.</span> <span class='ocrx_word' id='word_1_309' title='bbox 1381 2747 1422 2785; x_wconf 88' lang='grc'>01</span> <span class='ocrx_word' id='word_1_310' title='bbox 1451 2743 1533 2797; x_wconf 86' lang='grc'>27.)</span> <span class='ocrx_word' id='word_1_311' title='bbox 1565 2759 1650 2786; x_wconf 87' lang='lat' dir='ltr'>non</span> 
     </span>
     <span class='ocr_line' id='line_1_38' title="bbox 86 2813 1650 2870; baseline 0.003 -17"><span class='ocrx_word' id='word_1_312' title='bbox 86 2814 229 2854; x_wconf 87' lang='lat' dir='ltr'>tamen</span> <span class='ocrx_word' id='word_1_313' title='bbox 266 2828 350 2854; x_wconf 89' lang='lat' dir='ltr'>una</span> <span class='ocrx_word' id='word_1_314' title='bbox 387 2813 528 2865; x_wconf 90' lang='lat' dir='ltr'>aliqua</span> <span class='ocrx_word' id='word_1_315' title='bbox 565 2828 760 2867; x_wconf 83' lang='lat' dir='ltr'>persona,</span> <span class='ocrx_word' id='word_1_316' title='bbox 798 2814 870 2856; x_wconf 87' lang='lat' dir='ltr'>sed</span> <span class='ocrx_word' id='word_1_317' title='bbox 909 2814 1048 2856; x_wconf 83' lang='lat' dir='ltr'>officia</span> <span class='ocrx_word' id='word_1_318' title='bbox 1082 2830 1130 2856; x_wconf 89' lang='lat' dir='ltr'>ac</span> <span class='ocrx_word' id='word_1_319' title='bbox 1161 2815 1270 2856; x_wconf 88' lang='lat' dir='ltr'>dona</span> <span class='ocrx_word' id='word_1_320' title='bbox 1298 2816 1469 2869; x_wconf 85' lang='lat' dir='ltr'>potiora</span> <span class='ocrx_word' id='word_1_321' title='bbox 1497 2831 1546 2858; x_wconf 89' lang='lat' dir='ltr'>ea</span> <span class='ocrx_word' id='word_1_322' title='bbox 1575 2832 1650 2870; x_wconf 87' lang='lat' dir='ltr'>ap-</span> 
     </span>
     <span class='ocr_line' id='line_1_39' title="bbox 87 2883 1649 2939; baseline 0.003 -15"><span class='ocrx_word' id='word_1_323' title='bbox 87 2883 315 2935; x_wconf 87' lang='lat' dir='ltr'>pellatione</span> <span class='ocrx_word' id='word_1_324' title='bbox 345 2884 632 2937; x_wconf 80' lang='lat' dir='ltr'>designantur,</span> <span class='ocrx_word' id='word_1_325' title='bbox 661 2888 708 2926; x_wconf 90' lang='lat' dir='ltr'>ut</span> <span class='ocrx_word' id='word_1_326' title='bbox 737 2888 916 2938; x_wconf 89' lang='lat' dir='ltr'>apparet</span> <span class='ocrx_word' id='word_1_327' title='bbox 947 2900 997 2926; x_wconf 84' lang='lat' dir='ltr'>ex</span> <span class='ocrx_word' id='word_1_328' title='bbox 1025 2886 1098 2927; x_wconf 88' lang='lat' dir='ltr'>filo</span> <span class='ocrx_word' id='word_1_329' title='bbox 1126 2887 1259 2928; x_wconf 90' lang='lat' dir='ltr'>totius</span> <span class='ocrx_word' id='word_1_330' title='bbox 1289 2887 1454 2939; x_wconf 89' lang='lat' dir='ltr'>capitis,</span> <span class='ocrx_word' id='word_1_331' title='bbox 1484 2890 1557 2928; x_wconf 87' lang='lat' dir='ltr'>aut</span> <span class='ocrx_word' id='word_1_332' title='bbox 1584 2888 1649 2929; x_wconf 92' lang='lat' dir='ltr'>in-</span> 
     </span>
     <span class='ocr_line' id='line_1_40' title="bbox 86 2954 1210 3010; baseline 0.003 -15"><span class='ocrx_word' id='word_1_333' title='bbox 86 2954 363 3008; x_wconf 82' lang='lat' dir='ltr'>telligendum</span> <span class='ocrx_word' id='word_1_334' title='bbox 392 2956 442 2997; x_wconf 90' lang='lat' dir='ltr'>de</span> <span class='ocrx_word' id='word_1_335' title='bbox 473 2957 778 2998; x_wconf 88' lang='lat' dir='ltr'>constitutione</span> <span class='ocrx_word' id='word_1_336' title='bbox 808 2957 998 3010; x_wconf 90' lang='lat' dir='ltr'>corporis</span> <span class='ocrx_word' id='word_1_337' title='bbox 1026 2958 1210 3010; x_wconf 86' lang='lat' dir='ltr'>mystici.</span> 
     </span>
    </p>
   </div>
  </div>
 </body>
</html>
