1931 3224
480 116 544 159 DE
574 116 706 159 STATU
734 115 1040 159 HUMILIATmNIs
1070 115 1245 159 CHRISTI.
1565 118 1643 159 265

85 244 369 285 irasceretur?
406 244 479 284 aut
517 242 728 295 quomodo
767 241 940 284 Patrem
978 242 1072 283 aliis
1109 256 1184 283 sua
1220 242 1522 284 intercessione
1551 241 1645 295 pla-

87 316 214 366 caret,
253 328 378 367 quem
415 313 625 355 infensum
663 314 744 356 sibi
781 302 990 355 haberet?
1031 316 1076 355 ut
1114 313 1218 355 scite
1247 312 1456 365 Calvinus,
1488 312 1645 354 calum-

86 387 202 428 niam
239 386 479 438 retundens,
517 400 643 438 quam
681 385 879 427 salutaris
908 385 1033 438 hujus
1063 384 1280 426 doctrinae
1309 384 1480 426 nomine
1508 384 1646 437 patie-

86 457 223 499 batur.

139 528 211 570 XI.
237 528 303 570 Ex
334 529 456 570 dictis
486 529 691 581 sequitur,
720 529 920 582 injuriam
947 528 1039 571 Deo
1071 528 1208 570 facere
1231 530 1451 581 tamquam
1473 528 1645 579 injusto,

87 598 256 641 Christo
299 602 517 651 tamquam
557 599 829 652 imprudenti,
874 600 946 652 qui
988 614 1172 642 asserere
1214 599 1382 651 audent,
1424 598 1648 640 minimum

88 669 306 723 sanguinis
359 668 516 711 Christi
559 670 784 723 guttulam,
828 670 1048 712 minimam
1090 671 1380 724 lacrymulam,
1423 670 1647 711 minimum

86 740 272 793 pectoris
311 740 529 793 gemitum,
569 741 760 783 sufficere
795 742 987 795 potuisse
1026 742 1078 783 ad
1115 742 1451 795 redemptionem
1482 740 1647 794 generis

86 811 274 862 humani,
315 811 387 864 qui
425 812 580 863 omnia,
619 826 725 864 quae
756 810 949 853 Christus
978 813 1091 854 ultra
1120 813 1310 866 pertulit,
1339 813 1420 854 hac
1446 827 1648 867 praepos·
1707 866 1710 868 v

85 884 177 924 tera
215 881 437 935 dignitatis
466 883 555 935 ejus
585 883 902 936 praedicatione
931 883 1144 936 superflua
1171 884 1365 935 reddunt,
1397 886 1437 925 et
1466 887 1649 926 mortem

85 968 171 995 non
208 954 485 996 necessariam
524 955 720 1006 innuunt,
751 969 857 1007 quae
885 957 1029 996 tamen
1059 969 1203 996 onmes
1231 955 1328 997 illos
1360 955 1526 997 dolores
1556 970 1649 998 cor-

86 1025 203 1079 poris
247 1028 289 1067 et
331 1025 496 1067 animae
535 1027 679 1067 secuta
719 1028 800 1076 est;
842 1026 887 1067 in
925 1040 1008 1078 qua
1046 1025 1127 1067 fuit
1165 1041 1275 1079 vera,
1314 1041 1400 1068 non
1439 1026 1648 1077 δοξαστὸς,

87 1097 280 1150 corporis
318 1099 360 1138 et
397 1096 561 1138 animae
601 1095 758 1137 Christi
796 1112 820 1138 a
858 1112 901 1139 se
939 1097 1121 1139 invicem
1161 1098 1390 1151 separatio,
1421 1098 1650 1140 secundum

86 1169 286 1210 unionem
336 1167 586 1219 naturalem,
638 1168 867 1210 secundum
919 1169 1090 1210 effectus
1133 1172 1174 1211 et
1217 1170 1446 1211 secundum
1487 1171 1648 1220 locum3

85 1243 282 1282 manente
333 1239 610 1281 nihilominus
651 1239 923 1294 hypostatica
966 1241 1143 1282 duarum
1187 1243 1437 1283 naturarum
1478 1243 1648 1294 unione,

88 1328 241 1367 corpus
280 1315 322 1355 et
362 1311 547 1354 animam
577 1313 861 1353 sustentante:
891 1326 991 1353 nam
1020 1326 1116 1353 cuni
1144 1312 1188 1353 in
1218 1313 1412 1366 symbolo
1444 1313 1650 1355 confitea-

86 1399 192 1436 mur,
232 1382 388 1424 Filium
426 1382 507 1423 Dei
531 1383 662 1425 fuisse
690 1385 906 1425 mortuum
935 1386 977 1426 et
1007 1384 1236 1438 sepultum,
1272 1399 1379 1437 quae
1408 1385 1457 1426 de
1488 1399 1536 1427 eo
1568 1385 1663 1427 dici·

86 1470 172 1498 non
224 1457 417 1509 possunt,
454 1455 537 1496 nisi
577 1455 806 1497 secundum
843 1456 1075 1497 humanam
1112 1459 1323 1507 naturam,
1363 1471 1471 1509 quae
1509 1459 1651 1499 autem

88 1529 187 1568 sunt
224 1526 435 1569 humanae
462 1529 641 1569 naturae
669 1528 736 1568 vel
763 1528 952 1581 partium
982 1529 1084 1580 ejus,
1113 1542 1199 1569 non
1230 1528 1428 1569 dicuntur
1459 1528 1508 1569 de
1538 1527 1648 1570 Filio

87 1596 169 1639 Dei
205 1597 288 1639 nisi
325 1598 492 1639 ratione
531 1598 711 1649 unionis,
752 1613 1013 1652 consequens
1052 1602 1127 1651 est,
1158 1599 1287 1641 etiam
1315 1599 1359 1640 in
1388 1602 1526 1641 morte
1556 1614 1649 1641 ver-

87 1669 190 1710 bum
217 1670 424 1711 mansisse
454 1671 726 1722 conjunctum
755 1671 950 1724 partibus
980 1672 1199 1725 separatis.

141 1739 235 1782 XII.
277 1739 430 1782 Mortis
474 1755 573 1782 vero
612 1744 804 1795 tempore
845 1741 1062 1784 Christum
1100 1742 1229 1784 fuisse
1268 1743 1497 1794 hominem,
1538 1742 1651 1794 quod

89 1812 269 1853 asseruit
311 1811 618 1853 sententiarum
659 1813 877 1865 magister,
918 1813 1009 1855 Lib.
1047 1814 1084 1855 3.
1123 1814 1219 1856 dist.
1258 1815 1321 1855 23.
1363 1814 1652 1856 secundum

89 1883 355 1924 sermonis
391 1884 816 1937 proprietatem,
854 1884 934 1927 hac
965 1885 1079 1926 ducti
1108 1886 1274 1927 ratione
1303 1900 1520 1939 negamus,
1552 1885 1652 1939 quia

89 1955 282 1997 Christus
319 1970 416 1997 vere
452 1958 644 1997 mortuus
684 1959 759 2007 est,
799 1959 840 1998 et
869 1957 921 1998 ad
950 1959 1134 1999 mortem
1162 1957 1347 1999 hominis
1375 1957 1574 2011 pertinet,
1604 1960 1652 1998 ut

89 2042 166 2081 per
192 2029 375 2069 mortem
406 2027 571 2069 desinat
601 2042 691 2070 esse
721 2028 862 2080 homo,
893 2029 959 2070 vel
988 2029 1156 2081 animal,
1187 2030 1456 2083 separatione
1487 2030 1652 2071 animae

92 2113 199 2151 quae
236 2099 457 2152 utriusque
496 2100 706 2141 rationem
745 2101 996 2155 complebat.
1037 2100 1244 2150 Quocirca
1282 2104 1374 2143 tum
1404 2101 1652 2156 simpliciter

89 2170 307 2212 hominem
342 2185 428 2212 non
465 2170 654 2223 dicimus,
693 2172 766 2213 sed
802 2171 1019 2214 hominem
1047 2175 1264 2215 mortuum
1293 2187 1368 2225 per
1398 2172 1652 2214 determina-

89 2241 251 2282 tionem
292 2241 560 2293 alienantem,
604 2257 812 2295 suumque
856 2234 1184 2285 determinatum
1219 2244 1545 2285 interimentem.
1585 2241 1652 2284 Ne

92 2326 186 2353 cum
222 2311 465 2365 Apollinari
503 2313 746 2365 sentiamus,
779 2312 896 2364 λόγον
936 2315 1106 2368 corpori
1135 2314 1302 2356 unitum
1330 2312 1460 2355 fuisse
1489 2316 1538 2354 ut
1565 2313 1653 2355 for-

90 2398 204 2425 mam
236 2384 452 2436 materiae,
483 2384 596 2437 quod
623 2384 713 2426 veri
740 2385 927 2427 hominis
951 2386 1161 2427 rationem
1191 2386 1437 2427 destrueret.

143 2453 258 2497 XIII.
287 2454 472 2497 Mortem
500 2470 643 2497 veram
673 2456 839 2509 excepit
861 2471 960 2498 vera
984 2456 1205 2509 sepultura
1229 2455 1400 2507 Christi,
1425 2456 1653 2498 secundnm

91 2541 213 2568 suum
240 2526 353 2568 idem
380 2526 505 2568 unius
536 2541 712 2580 corpus3
743 2528 857 2580 quod
884 2527 928 2569 in
957 2528 1150 2582 sepulcro
1182 2531 1431 2583 corruptum
1460 2542 1545 2569 non
1570 2528 1653 2571 fuit

90 2612 167 2651 per
218 2597 682 2640 incinerationem
735 2601 809 2640 aut
860 2600 1259 2641 resolutionem
1309 2599 1362 2641 in
1408 2614 1499 2641 sua
1546 2599 1650 2642 ele-

90 2672 292 2722 menta,
333 2684 461 2722 quam
497 2669 693 2713 Damaso.
732 2670 853 2713 Orth.
892 2671 962 2713 fid.
1001 2671 1046 2714 L.
1085 2673 1122 2713 3.
1154 2686 1244 2724 cap.
1275 2672 1338 2712 27.
1370 2671 1549 2714 διάλυσιν
1581 2672 1649 2714 καὶ

92 2741 326 2794 ἀφανισμὸν
366 2744 503 2793 vocat,
534 2742 614 2783 etsi
642 2756 720 2795 per
749 2742 1060 2795 separationem
1088 2742 1250 2784 formae
1272 2741 1454 2784 viventis
1479 2741 1652 2784 desierit

93 2826 182 2852 esse
218 2812 362 2854 vivum
401 2826 566 2866 corpus,
605 2811 673 2854 Ps.
712 2813 774 2865 16,
814 2814 876 2855 10.
915 2816 956 2855 et
993 2814 1089 2856 Act.
1127 2815 1164 2861 2,
1202 2813 1266 2854 21,
1304 2815 1346 2854 et
1375 2827 1466 2868 cap.
1496 2815 1557 2860 13,
1587 2814 1651 2857 35.

91 2881 235 2924 Habet
271 2898 371 2926 vero
412 2883 632 2936 sepultura
668 2886 806 2926 certae
842 2885 993 2927 mortis
1030 2884 1253 2936 rationem,
1293 2898 1401 2937 quae
1429 2885 1473 2926 in
1501 2899 1653 2927 monu-

92 2956 236 2996 mento
275 2968 386 2996 novo
422 2955 535 2996 facta
563 2953 657 3006 fuit,
686 2969 739 2996 ne
768 2957 919 3008 postea
948 2955 1102 3007 aliquis
1132 2955 1240 2996 alius
1267 2956 1545 2999 resurrexisse
1574 2956 1653 2998 fin-
