1931 3224
499 134 563 177 DE
591 134 746 177 Varum
773 150 820 177 ET
849 133 965 177 Novo
995 133 1268 177 TESTAMENTO.
1585 134 1661 176 211

104 260 346 302 tercedit
373 249 695 313 testatoris,
724 260 904 313 ideoque
932 262 1067 312 notat,
1096 259 1251 313 prius
1275 261 1666 301 testamentum

106 331 222 373 sine
250 332 517 385 sanguine
547 346 650 374 non
679 331 852 373 fuisse
882 331 1202 373 dedicatum.
1240 329 1333 372 Nos
1363 331 1452 382 ejus
1482 329 1666 371 311613011-

104 405 239 445 tatem
267 405 502 456 sequentes,
532 403 577 444 111
607 403 752 445 eadem
780 402 958 444 materia
985 401 1206 444 Veteris
1236 403 1286 442 et
1314 399 1455 442 Novi
1484 400 1668 442 Testa-

104 475 272 516 menti
301 475 484 528 speciale
513 489 667 516 nomen
696 474 941 516 foederis
967 473 1163 526 generico
1189 471 1353 514 nomini
1375 471 1666 525 praeferimus,

106 560 200 587 cum
229 548 383 599 agatur
413 546 462 587 de
492 549 619 599 pacto
647 546 759 587 inter
787 545 926 587 Deum
957 547 997 586 et
1024 545 1218 586 homines
1244 544 1364 595 inito,
1393 543 1505 595 quod
1530 545 1667 584 morte

106 615 276 668 Christi,
305 618 491 670 primum
521 618 690 670 quidem
721 617 926 670 sanguine
950 615 1218 658 victimarum
1242 614 1490 668 significata,
1518 613 1668 656 deinde

104 688 199 741 ipso
227 687 340 730 facto
371 688 499 740 obita,
531 688 684 730 sanciri
714 687 965 742 oportuerit.

157 756 233 800 IV.
273 757 366 800 Nec
402 761 546 801 tamen
582 759 825 801 foederis
863 773 1018 800 nomen
1055 760 1284 812 propterea
1314 757 1539 810 rejicimus,
1570 757 1669 809 quia

106 829 141 870 si
178 830 469 872 conventionis
508 833 549 873 et
587 829 799 883 pactionis
837 831 1010 872 modum
1040 833 1291 883 spectemus,
1321 832 1369 871 ut
1397 830 1442 871 in
1470 829 1669 871 humanis

105 902 250 953 partes
279 901 529 943 dissidentes
560 902 685 942 certis
716 900 1029 942 conditionibus
1052 903 1200 943 mutuo
1227 900 1492 954 praestandis
1518 915 1670 942 conve-

105 971 240 1023 niunt,
267 987 420 1025 easque
445 972 576 1014 caesis
600 972 785 1014 victimis
809 972 896 1013 ritu
918 975 1109 1014 veterum
1137 972 1265 1024 (unde
1287 987 1374 1013 non
1396 972 1533 1013 solum
1558 972 1672 1025 apud

106 1041 280 1085 Latinos
321 1043 464 1085 icere
508 1046 581 1085 aut
624 1042 792 1084 ferire
834 1043 994 1093 foedus,
1033 1043 1105 1085 sed
1145 1043 1273 1084 etiam
1312 1043 1425 1096 apud
1452 1042 1671 1085 Hebraeos

105 1115 227 1156 1³⁹7:
261 1116 376 1165 nun,
409 1114 533 1156 scidit
564 1117 637 1156 aut
665 1113 780 1156 feriit
808 1113 969 1165 foedus,
996 1112 1098 1156 Gen.
1126 1114 1190 1164 15,
1216 1112 1298 1166 18.)
1326 1116 1399 1155 aut
1424 1113 1533 1155 datis
1559 1114 1672 1156 obsi-

106 1184 241 1237 dibus,
278 1185 435 1227 tabulis
471 1186 645 1239 insuper
684 1188 726 1227 et
764 1185 896 1238 signis
925 1185 1199 1227 confirmant:
1231 1185 1290 1226 sic
1319 1184 1431 1226 inter
1459 1184 1598 1226 Deum
1627 1187 1668 1226 et

105 1255 299 1299 homines
336 1257 449 1299 facta
478 1260 540 1299 est
570 1257 794 1299 conventio
825 1256 875 1298 de
905 1259 1078 1298 aeterna-
1108 1256 1452 1298 reconciliatione
1483 1258 1524 1298 et
1553 1271 1670 1309 pace,

104 1328 337 1370 mediatore
378 1329 553 1371 victima
593 1344 672 1383 pro
714 1328 959 1370 hominibus
1001 1328 1136 1378 facto,
1175 1327 1350 1369 Tabulis
1387 1328 1671 1369 foederalibus

106 1400 318 1453 confectis,
361 1403 402 1442 61
440 1401 596 1443 additis
633 1401 766 1454 signis
795 1400 1182 1443 Sacramentalibus
1212 1399 1264 1440 ad
1294 1399 1670 1441 confirmationem.

106 1470 189 1514 Sed
226 1472 326 1524 quia
354 1472 548 1514 mirando
577 1471 704 1513 modo
736 1471 932 1513 effectum
963 1473 1039 1522 est,
1069 1472 1116 1511 1113
1145 1470 1258 1512 idem
1288 1470 1360 1522 qui
1389 1470 1562 1511 victima
1591 1469 1672 1511 fuit

106 1542 327 1595 mediator,
357 1545 578 1596 tamquam
605 1544 789 1584 testator
819 1543 947 1584 etiam
976 1544 1115 1583 morte
1146 1557 1221 1583 sua
1250 1544 1390 1583 ratum
1420 1540 1672 1583 haeredibus

105 1611 253 1655 fecerit
281 1615 597 1666 testamentum,
627 1616 674 1654 ut
703 1615 797 1655 tota
824 1613 940 1668 pacti
967 1613 1094 1666 hujus
1124 1613 1234 1654 ratio
1261 1613 1538 1666 significetur,
1563 1612 1673 1654 hanc

105 1697 254 1726 vocem
284 1684 528 1737 specialiter
555 1698 820 1738 usurpamus.

159 1754 212 1796 V.
250 1754 462 1797 Dicuntur
501 1757 644 1797 autem
675 1754 811 1797 Vetus
841 1757 882 1796 et
910 1754 1083 1796 Novum
1114 1754 1445 1807 Testamentum,
1476 1754 1544 1796 vel
1573 1769 1672 1807 pro-

105 1825 210 1879 prie,
253 1827 320 1868 vel
361 1826 555 1880 figurate.
597 1826 760 1868 Deinde
798 1826 1111 1882 significatione
1149 1827 1248 1878 lata,
1279 1826 1347 1868 vel
1376 1826 1536 1867 stricta.
1565 1826 1673 1868 Pro-

106 1897 210 1950 prie,
247 1898 418 1939 nomine
457 1897 801 1940 Testamenti
840 1897 1062 1939 Veteris
1101 1897 1368 1950 significatur
1396 1896 1494 1949 Lex,
1525 1899 1673 1950 quate-

105 1982 185 2010 nus
221 1983 299 2022 per
332 1967 497 2011 Mosem
534 1969 633 2010 data
671 1971 733 2011 est
757 1967 1019 2010 ,Iudaeorum
1048 1968 1226 2022 populo,
1256 1969 1388 2010 vitam
1417 1969 1674 2021 promittens

107 2038 184 2080 sub
228 2039 469 2081 conditione
511 2039 823 2081 maledictionis
869 2042 1017 2082 contra
1060 2042 1410 2093 transgressores,
1453 2055 1539 2081 una
1580 2054 1675 2081 611111

108 2124 233 2152 011616
258 2110 523 2152 intolerabili
545 2110 705 2152 rituum
729 2110 944 2164 legalium,
972 2113 1014 2152 et
1033 2112 1139 2164 jugo
1166 2111 1459 2153 strictissimae
1486 2111 1673 2164 politiae,

109 2181 222 2235 quod
273 2185 503 2237 propterea
553 2182 707 2224 dicitur
757 2182 927 2225 litera
979 2183 1253 2235 occidens,
1297 2182 1673 2224 ministerium

106 2253 306 2296 mortis
337 2255 388 2296 et
416 2253 914 2306 condemnationis,
942 2268 1209 2307 generans
1236 2253 1296 2295 ad
1321 2253 1673 2305 servitutem,

106 2325 307 2378 Agaris
343 2325 544 2376 instar,
573 2325 598 2366 2
627 2324 719 2367 Cor.
748 2325 786 2377 3,
815 2325 852 2367 6.
883 2325 919 2366 7.
950 2323 1041 2367 Gal.
1068 2325 1106 2377 4,
1136 2325 1201 2366 23.
1232 2327 1274 2366 et
1303 2325 1366 2366 24.
1394 2324 1507 2367 Huic
1537 2338 1673 2378 oppo-

106 2395 223 2437 nitur
255 2396 300 2437 in
327 2396 503 2449 propria
532 2395 843 2449 significatione
872 2394 1082 2437 Novum
1111 2395 1544 2446 Testamentum,
1576 2395 1674 2437 doc-

106 2468 220 2509 trina
242 2482 395 2521 nempe
420 2467 653 2521 spiritualis
677 2467 842 2521 gratiae
869 2470 910 2509 et
936 2467 1098 2519 salutis,
1126 2467 1177 2508 ab
1205 2467 1298 2520 ipso
1319 2466 1429 2507 Filio
1446 2465 1527 2508 Dei
1544 2480 1565 2507 e
1581 2465 1674 2507 sinu

106 2538 248 2581 Patris
284 2539 408 2592 plene
446 2539 645 2590 revelata,
685 2541 726 2580 et
760 2538 1068 2593 Apostolorum
1097 2538 1412 2591 praedicatione
1443 2536 1672 2589 divulgata,

109 2624 192 2663 qua
228 2610 497 2664 promittitur
535 2609 724 2663 gratuita
759 2610 929 2662 justitia
965 2612 1007 2651 et
1036 2609 1124 2651 vita
1154 2611 1337 2660 aeterna,
1366 2622 1443 2660 per
1472 2609 1514 2648 et
1542 2621 1675 2660 prop-

107 2683 173 2724 ter
215 2684 398 2724 mortem
437 2681 657 2723 testatoris
696 2679 865 2733 Christi,
906 2680 1102 2722 omnibus
1139 2679 1182 2721 in
1224 2694 1319 2720 eum
1350 2678 1571 2721 credituris
1599 2692 1675 2732 per

110 2753 292 2806 gratiam
326 2767 453 2805 quam
484 2754 549 2794 est
577 2751 824 2805 largiturus.

161 2823 236 2866 Vl.
256 2822 306 2865 In
321 2823 401 2865 hac
416 2822 729 2876 significatione
745 2823 945 2865 differunt
961 2822 1095 2865 Vetus
1113 2824 1154 2863 et
1168 2820 1341 2863 Novum
1356 2821 1674 2864 Testamentum

108 2910 194 2938 non
219 2895 357 2937 solum
381 2894 709 2937 circumstantiis
736 2893 987 2947 quibusdam
1015 2895 1057 2935 et
1082 2892 1381 2945 accidentibus,
1402 2893 1475 2935 sed
1500 2908 1675 2936 essen-

108 2966 344 3018 tialiter,
374 2968 416 3008 61
444 2968 492 3007 111
516 2980 611 3007 cum
634 2964 769 3006 Paulo
794 2964 1031 3017 loquamur,
1063 2964 1156 3005 duo
1184 2965 1507 3006 testamenta
1537 2967 1674 3015 sunt,
