1931 3224
267 161 345 203 532
833 156 1076 198 DISPUTATIO
1104 155 1256 198 XLVI.

268 285 398 327 sionis
438 280 646 336 appellari
683 282 828 334 potest
841 294 850 322 :
890 295 985 322 cum
1021 280 1067 321 in
1097 294 1145 321 ea
1173 279 1332 321 Christi
1361 293 1514 334 corpus
1542 280 1742 324 fictitium
1771 282 1824 324 ab

267 353 513 409 hujusmodi
539 351 778 394 idololatris
807 351 1016 403 adoretur,
1048 351 1121 404 qui
1150 365 1174 392 a
1201 350 1339 405 prima
1367 350 1527 393 Christi
1554 352 1826 395 institutione

268 423 585 475 Sacramentali,
610 425 658 464 ut
682 437 811 476 supra
827 424 1042 464 ostensum
1057 421 1151 473 fuit,
1167 421 1414 475 longissime
1430 423 1685 475 recedentes,
1700 423 1827 477 hujus

267 512 366 540 suae
389 494 658 537 idololatriae
675 493 938 546 apostaticae
953 492 1254 535 reformatores
1271 493 1368 535 odio
1391 491 1616 536 Vatiniano
1635 494 1826 536 oderunt.

318 567 371 610 Π.
401 567 645 619 Antequam
674 565 724 606 de
753 564 909 605 Missae
937 563 1228 606 idololatricae
1257 563 1392 606 foedis
1422 564 1623 606 abusibus
1648 564 1829 607 dissera-

266 655 371 691 mus,
400 638 534 692 ipsius
562 636 827 678 notationem
856 648 903 676 ac
933 634 1223 676 definitionem
1253 634 1600 678 examinabimus.

318 710 393 753 HI.
431 709 757 753 Pontificiorum
789 707 863 749 alii
890 720 1039 749 vocem
1067 705 1223 748 Missae
1250 704 1504 759 Hebraeam,
1534 707 1606 749 alii
1633 706 1829 750 Latinam

265 783 439 825 faciunt.

269 873 271 876 ’
318 852 392 896 IV.
431 852 603 894 Priores
642 852 850 893 conantur
890 849 1074 903 probare
1112 863 1263 891 vocem
1290 848 1447 891 Missae
1475 848 1626 891 haberi
1653 848 1825 892 Deuter.

267 927 329 977 16,
370 926 431 967 10.
471 927 600 977 atque
630 922 889 965 oblationem
919 920 1203 962 voluntariam
1231 920 1484 974 significare.
1516 919 1706 969 Quorum
1735 934 1829 962 sen-

265 997 444 1040 tentiam
492 994 655 1037 duobus
702 994 965 1048 argumentis
1006 994 1151 1047 inepte
1193 992 1353 1034 refutat
1394 991 1692 1034 Bellarminus.
1735 991 1829 1034 Pri-

267 1083 384 1110 mum
427 1069 502 1118 est,
546 1065 600 1108 Si
651 1081 753 1108 vox
806 1066 917 1107 ista
970 1064 1247 1107 Hebraica
1295 1064 1349 1105 in
1396 1078 1492 1106 usu
1534 1062 1829 1117 Apostolis

266 1138 492 1190 fuisset,
544 1140 690 1180 certe
742 1136 1113 1179 retinuissent
1166 1150 1276 1178 eam
1328 1135 1492 1177 etiam
1544 1134 1737 1177 Graeci
1780 1136 1830 1176 et

269 1209 393 1264 Syri
427 1211 477 1251 et
507 1209 648 1251 aliae
676 1208 953 1259 nationes,
983 1209 1041 1249 ut
1069 1207 1425 1249 retinuerunt
1454 1206 1592 1248 alias
1621 1205 1829 1247 similes

268 1296 428 1324 voces
466 1282 522 1322 ut
555 1280 742 1331 Amen,
774 1279 1047 1332 Alleluia,
1073 1277 1336 1330 Sabaoth,
1367 1277 1600 1329 Osanna,
1640 1277 1829 1330 Satan,

267 1353 585 1403 Sabbatum,
632 1350 860 1392 Pascha:
903 1350 1186 1392 Vocabula
1238 1350 1375 1391 enim
1427 1349 1699 1391 Hebraica
1736 1364 1831 1402 per

268 1423 504 1466 Graecos
548 1423 609 1464 ad
652 1437 748 1464 nos
791 1422 1148 1472 devenerunt,
1192 1435 1305 1462 cum
1346 1422 1455 1475 ipsi
1494 1422 1655 1463 etiam
1693 1420 1830 1474 Apo-

266 1494 417 1546 stoli,
440 1498 490 1536 et
509 1494 672 1548 primi
692 1492 976 1535 Ecclesiae
995 1492 1265 1534 Doctores
1283 1490 1484 1533 Graece
1504 1490 1829 1544 scripserint.

266 1565 436 1608 Porro
476 1565 617 1619 apud
650 1563 853 1607 Graeco
871 1579 889 1606 s
917 1564 1067 1606 nulla
1105 1566 1188 1606 est
1226 1563 1429 1605 mentio
1461 1562 1620 1615 hujus
1657 1562 1828 1614 vocis,

266 1637 440 1680 Missa.
471 1636 711 1679 Secundum
741 1638 815 1688 est,
842 1635 895 1678 Si
920 1649 1021 1677 vox
1051 1637 1194 1678 esset
1219 1633 1511 1685 Hebraica,
1535 1647 1638 1674 non
1663 1631 1831 1673 Missa

267 1709 355 1751 sed
396 1708 602 1750 Missah
641 1707 927 1750 dicendum
965 1709 1129 1759 esset,
1165 1705 1433 1760 quomodo
1471 1706 1651 1746 tamen
1678 1717 1830 1745 nemo

267 1795 349 1822 scr
363 1780 491 1831 ibit,
523 1782 615 1821 aut
641 1779 692 1821 lo
705 1779 913 1832 quitur,
943 1778 1140 1820 Bellarm.
1171 1778 1221 1819 de
1249 1777 1381 1820 Missa
1409 1776 1500 1819 Lib.
1531 1792 1622 1830 cap.
1653 1776 1689 1818 1.

319 1849 372 1891 V.
401 1849 481 1892 His
511 1849 749 1891 addendum
779 1852 854 1902 est,
883 1864 1040 1892 nomen
1068 1849 1175 1891 illud
1199 1849 1460 1891 Hebraicum
1483 1847 1697 1889 interdum
1719 1861 1832 1888 mas-

267 1921 419 1973 culino,
457 1921 672 1963 interdum
709 1920 915 1963 feminino
954 1936 1108 1976 genere
1146 1922 1410 1974 usurpatum,
1450 1922 1524 1961 aut
1560 1933 1639 1972 pro
1667 1917 1830 1959 tributo

266 1993 441 2047 politico
480 1993 627 2047 accipi,
668 1994 716 2034 ut
752 1992 887 2034 Exod.
919 1993 954 2044 1,
985 1993 1047 2034 11.
1078 1994 1152 2034 aut
1180 2006 1259 2045 pro
1288 1990 1601 2041 Ecclesiastico,
1630 1988 1831 2030 nimirum

266 2063 563 2117 primitiarum,
595 2063 709 2116 quod
739 2062 792 2103 ad
820 2062 902 2104 Dei
932 2063 1091 2105 cultum
1119 2063 1163 2104 in
1190 2062 1330 2116 prisca
1357 2061 1550 2103 Ecclesia
1579 2073 1831 2101 conservan-

268 2135 378 2187 dum,
408 2149 493 2176 non
523 2150 547 2176 a
576 2134 878 2177 Sacerdotibus
907 2132 1120 2185 Leviticis,
1153 2135 1202 2174 ut
1230 2132 1358 2175 hodie
1382 2132 1513 2180 Missa
1538 2146 1562 2172 a
1586 2129 1830 2172 sacrificulis

266 2206 617 2257 Romanensibus,
658 2206 730 2248 sed
759 2220 784 2247 a
815 2204 967 2247 ceteris
995 2204 1192 2246 tribubus
1223 2202 1374 2258 populi
1402 2200 1571 2245 Judaici
1601 2200 1704 2242 olim
1728 2199 1830 2242 offe-

266 2276 440 2318 rebatur
468 2279 516 2318 ut
546 2276 671 2319 Deut.
702 2277 764 2327 16,
795 2264 871 2317 101

319 2346 393 2389 VI.
430 2346 522 2389 Nec
553 2348 847 2399 omittendum,
876 2346 1132 2389 vocabulum
1162 2348 1288 2389 ³0⁹7:
1311 2343 1488 2387 seorsim
1504 2342 1829 2393 consideratum,

265 2433 364 2470 non,
393 2420 441 2459 ut
468 2418 662 2460 illiterati
692 2421 864 2461 censent
892 2417 1122 2469 Pontificii,
1149 2417 1411 2459 oblationem
1433 2414 1720 2457 voluntariam
1743 2413 1830 2466 sig-

265 2489 450 2542 nificare,
489 2490 562 2531 sed
593 2492 762 2532 tantum
792 2489 1066 2541 oblationem,
1096 2487 1224 2530 Deut.
1253 2488 1315 2539 16,
1347 2487 1408 2529 10.
1439 2500 1615 2538 eamque
1644 2499 1731 2526 non
1759 2498 1830 2526 ex-
1871 2543 1873 2545 ι
1914 2501 1920 2521 ,-

265 2561 507 2615 piatoriam,
545 2561 713 2615 qualem
741 2560 917 2603 Missam
945 2575 1064 2602 suam
1093 2561 1349 2610 asseverant,
1378 2557 1449 2599 sed
1477 2554 1829 2598 Eucharisticam.

268 2631 360 2681 Quo
391 2632 520 2675 etiam
547 2648 672 2675 sensu
701 2632 852 2674 Patres
881 2631 1066 2674 Coenam
1094 2630 1270 2673 Domini
1308 2628 1570 2683 εὐχαριστίαν
1610 2628 1829 2678 vocarunt,

267 2706 475 2756 quatenus
504 2705 679 2757 scilicet,
709 2719 759 2747 ea
783 2707 846 2747 est
878 2703 1074 2746 sacrificii
1104 2702 1263 2744 Christi
1293 2701 1423 2743 semel
1450 2699 1494 2741 in
1523 2712 1644 2741 cruce
1667 2695 1830 2751 peracti

268 2776 625 2828 commemoratio,
665 2790 738 2818 seu
769 2775 975 2817 memoria
1004 2789 1100 2816 cum
1128 2773 1366 2828 gratiarum
1394 2770 1561 2813 actione
1590 2769 1829 2821 conjuncta,

268 2847 397 2898 prout
434 2860 526 2887 eam
564 2846 766 2889 describit
802 2846 1148 2900 Augustinus
1187 2844 1295 2887 Lib.
1334 2844 1399 2886 20.
1437 2844 1632 2885 contra
1668 2839 1702 2881 F
1715 2854 1829 2882 aus-

270 2918 399 2967 tum,
437 2916 544 2958 Lib.
578 2918 637 2960 de
665 2917 797 2969 fide,
827 2917 888 2959 ad
915 2917 1055 2960 Petr.
1086 2916 1232 2959 Diac.
1261 2915 1371 2959 Lib.
1402 2915 1595 2957 contra
1625 2912 1828 2955 advers.

268 2986 429 3039 legis,
458 2990 510 3028 et
538 2986 646 3028 Lib.
677 2988 739 3028 10.
770 2988 827 3029 de
857 2987 1101 3030 Civitate
1129 2987 1251 3039 Dei,
1281 3000 1390 3039 cap.
1416 2985 1455 3027 5.
