1931 3224
276 132 354 172 462
859 130 1099 172 DISPUTATIO
1130 130 1258 172 XLII.

275 254 535 308 regendique
574 254 808 296 Ecclesiam
846 269 869 295 a
906 254 997 296 Deo
1031 256 1238 296 vocantur
1269 254 1429 307 absque
1457 253 1678 295 hominum
1709 269 1841 307 opera

278 328 405 378 atque
442 326 696 375 interventU,
727 324 875 378 qualis,
907 325 1032 367 sicuti
1062 325 1164 366 olim
1190 325 1272 366 fuit
1299 326 1468 367 vocatio
1497 325 1643 377 Mosis,
1672 326 1840 378 Esaiae,

277 397 305 438 J
309 397 499 447 eremiae,
525 396 601 437 sub
626 395 794 447 Vetere,
818 397 880 437 ita
910 398 951 437 et
976 396 1285 449 Apostolorum
1310 396 1387 437 sub
1416 395 1541 438 Novo
1570 396 1758 439 Foedere
1788 397 1840 438 ab

275 468 370 519 ipso
401 466 569 507 Christo
599 467 827 508 missorum
857 466 909 508 ad
938 466 1269 519 praedicandum
1296 466 1591 520 Evangelium.

328 536 443 578 XVI.
482 537 671 578 Mediata
709 537 876 579 vocatio
916 540 990 589 est,
1032 552 1126 579 cum
1166 537 1282 579 Deus
1312 538 1476 591 aliquos
1505 541 1630 580 vocat
1657 539 1841 581 interve-

275 608 418 649 niente
460 608 642 649 aliorum
683 608 904 650 hominum
946 609 1324 662 administratione,
1365 610 1502 662 qualis
1538 610 1620 651 fuit
1656 611 1840 653 Aaronis

277 694 325 721 ac
364 683 600 721 ceterorum
637 679 914 722 Sacerdotum
953 682 994 721 et
1031 680 1275 722 Levitarum
1308 680 1384 722 sub
1414 680 1574 732 Veteri,
1613 681 1840 733 Timothei,

276 751 375 802 Titi,
418 751 743 804 Episcoporum,
787 751 1145 805 Presbyterorum
1189 754 1231 793 et
1272 751 1562 794 Diaconorum
1600 753 1677 794 sub
1715 751 1840 794 Novo

277 821 562 864 Testamento.
1254 875 1258 878 γ
1701 874 1705 878 .

330 892 468 935 XVII.
507 893 860 936 Extraordinaria
899 894 1066 936 vocatio
1106 897 1180 947 est,
1216 910 1300 947 qua
1328 896 1522 937 nonnulli
1551 896 1671 937 donis
1701 898 1841 938 extra-

277 964 500 1006 ordinariis
529 981 658 1019 supra
687 980 954 1008 communem
982 967 1163 1008 aliorum
1191 966 1489 1008 Ministrorum
1519 970 1678 1009 sortem
1702 983 1726 1009 a
1748 967 1840 1009 Deo

276 1037 480 1088 exornati,
510 1037 562 1078 ab
592 1037 687 1091 ipso
718 1041 838 1080 extra
868 1038 1059 1080 ordinem
1089 1053 1137 1080 ac
1161 1039 1310 1080 seriem
1334 1039 1678 1092 praecedentium
1693 1038 1842 1080 Minis-

276 1110 441 1149 trorum
482 1108 699 1151 Ecclesiae
738 1125 762 1150 a
799 1109 892 1151 Deo
923 1112 1141 1161 vocantur,
1173 1110 1409 1162 cujusmodi
1435 1110 1604 1152 vocatio
1629 1109 1711 1151 fuit
1734 1109 1841 1152 Pro-

276 1179 504 1232 phetarum
540 1180 584 1221 in
621 1180 781 1233 Veteri,
812 1181 1134 1234 Apostolorum,
1164 1180 1492 1234 Prophetarum,
1523 1184 1564 1223 et
1592 1181 1843 1234 Evangelis-

276 1252 416 1291 tarum
455 1251 500 1292 in
538 1251 663 1294 Novo
705 1252 993 1294 Testamento.
1035 1253 1225 1302 Quorum
1260 1253 1429 1294 vocatio
1459 1253 1540 1294 fuit
1568 1253 1841 1306 temporaria,

277 1321 354 1362 sub
397 1321 545 1364 Veteri
587 1323 756 1365 foedere
798 1324 850 1365 ad
878 1324 1094 1366 Ecclesiae
1123 1323 1205 1365 Dei
1235 1324 1446 1377 collapsae
1474 1324 1841 1376 instaurationem,

278 1393 355 1434 sub
385 1392 510 1435 Novo
541 1395 593 1435 ad
624 1395 811 1447 ejusdem
835 1395 1076 1436 dilatandae
1101 1396 1457 1449 propagationem
1487 1397 1693 1438 ordinata.

330 1464 490 1506 XVIII.
535 1464 759 1506 Ordinaria
801 1465 969 1507 vocatio
1015 1469 1088 1517 est,
1130 1481 1212 1518 qua
1251 1467 1383 1519 aliqui
1412 1467 1532 1508 donis
1562 1467 1787 1509 ordinariis
1818 1483 1842 1509 a

277 1536 368 1578 Deo
403 1536 614 1587 instructi,
655 1537 914 1578 ordinariam
945 1552 992 1579 ac
1019 1552 1285 1580 communem
1313 1538 1529 1580 Ecclesiae
1558 1538 1638 1580 Dei
1669 1553 1842 1591 operam

276 1610 517 1661 praestant3
549 1608 686 1660 qualis
717 1609 818 1650 olim
847 1609 929 1650 fuit
957 1609 1303 1651 Patriarcharum
1332 1613 1430 1652 ante
1458 1610 1610 1663 legem,
1639 1609 1843 1652 Sacerdo-

276 1682 367 1720 tum
407 1681 448 1720 et
483 1679 726 1721 Levitarum
764 1680 841 1721 sub
879 1680 1005 1734 Lege,
1045 1681 1271 1723 Pastorum
1300 1696 1399 1723 vero
1430 1684 1471 1723 et
1498 1681 1735 1723 Doctorum
1764 1681 1841 1722 sub

276 1749 512 1803 Evangelio
550 1751 732 1803 vocatio,
763 1766 869 1804 quae
903 1753 956 1793 ad
985 1752 1201 1794 Ecclesiae
1230 1752 1495 1795 Christianae
1524 1768 1548 1794 a
1576 1752 1842 1805 temporibus

276 1821 583 1874 Apostolorum
621 1838 698 1876 per
733 1825 875 1864 totum
915 1823 1061 1865 orbem
1088 1826 1298 1866 terrarum
1328 1824 1553 1878 dispersae,
1583 1823 1842 1865 aedificatio-

275 1907 372 1933 nem
412 1893 674 1945 quibuslibet
711 1893 755 1934 in
782 1894 887 1936 locis
917 1895 1266 1948 promovendam,
1295 1910 1429 1948 usque
1458 1895 1512 1937 ad
1539 1895 1665 1936 finem
1696 1894 1842 1936 mundi

275 1965 414 2006 locum
453 1965 643 2017 habebit,
679 1967 803 2018 juxta
842 1965 1000 2008 Christi
1037 1966 1376 2020 promissionem,
1416 1966 1538 2008 Matt.
1573 1967 1636 2018 28,
1668 1968 1729 2009 20.
1759 1965 1841 2007 Ite

276 2038 327 2076 et
369 2036 558 2078 docete
602 2051 779 2078 omnes
825 2039 1039 2090 gentes,
1077 2037 1455 2090 baptizantes,
1494 2040 1545 2078 et
1582 2037 1841 2079 docentes

278 2121 366 2148 eos
423 2122 644 2149 servare
699 2108 875 2149 onmia
927 2122 1059 2160 quae
1111 2109 1363 2151 mandavi
1412 2109 1579 2151 vobis.
1633 2109 1700 2151 Et
1743 2123 1840 2165 ego

275 2178 557 2220 vobiscum
587 2193 697 2219 sum
725 2179 976 2221 omnibus
1007 2179 1196 2221 diebus
1226 2195 1395 2233 usque
1423 2181 1483 2222 ad
1513 2195 1841 2223 consumma-

275 2250 481 2292 tionem
512 2251 696 2292 seculi.

329 2321 444 2363 XIX.
476 2321 568 2371 Quo
597 2322 827 2375 respiciens
856 2323 1090 2376 Apostolus
1120 2323 1501 2365 extraordinariam
1530 2323 1764 2378 primorum
1793 2338 1842 2365 ac

275 2393 638 2447 tempor-ariorum
689 2393 905 2435 Ecclesiae
957 2393 1200 2437 Catholicae
1248 2395 1524 2437 fundatorum
1573 2396 1841 2438 vocationem

276 2466 416 2519 primo
454 2465 549 2506 loco
579 2464 715 2518 ponit,
746 2479 975 2517 eorumque
1003 2468 1089 2507 tres
1119 2468 1287 2508 tantum
1318 2467 1486 2509 ordines
1514 2469 1716 2520 recenset,
1745 2483 1841 2510 cum

277 2536 493 2579 Christum
531 2536 590 2577 ait
627 2538 726 2590 post
762 2537 1050 2579 ascensionem
1086 2537 1130 2578 in
1169 2538 1310 2580 coelos
1353 2539 1514 2581 dedisse
1558 2539 1663 2581 alios
1704 2539 1781 2592 Ap
1795 2554 1840 2581 o-

277 2608 474 2659 stolos,
505 2607 612 2648 alios
637 2622 737 2648 vero
767 2606 1100 2661 Prophetas,
1131 2609 1396 2652 aliosautem
1424 2610 1839 2664 EvangelistaS,

279 2679 330 2720 ad
358 2679 698 2730 aedificationem
721 2679 913 2733 corporis
944 2680 1009 2721 sui
1036 2680 1218 2733 mystici,
1248 2681 1450 2723 nimirum
1474 2681 1702 2733 Ecclesiae,
1727 2680 1838 2735 Eph.

278 2751 315 2801 4,
347 2751 408 2791 11.
439 2754 480 2793 et
511 2753 572 2794 12.

330 2821 423 2863 XX.
465 2823 545 2864 His
588 2824 692 2865 duos
728 2826 898 2866 tantum
940 2824 1252 2867 ordinariorum
1294 2839 1342 2867 ac
1381 2826 1686 2878 perpetuorum
1721 2824 1841 2866 verbi

279 2891 410 2933 divini
440 2894 785 2937 administrorum
815 2895 982 2937 ordines
1011 2896 1169 2938 ibidem
1199 2896 1458 2949 conjunctim
1487 2895 1720 2948 subjungit,
1746 2911 1841 2937 cum

279 2962 410 3014 addit,
450 2965 628 3007 eundem
668 2965 886 3008 Christum
923 2967 1029 3009 alios
1057 2970 1277 3021 praeterea
1306 2968 1468 3010 dedisse
1497 2966 1759 3009 Pastores
1789 2970 1841 3009 et
