1931 3224
641 117 706 160 DE
734 115 894 160 OFFIOIO
924 116 1098 159 Onmsm.
1568 120 1646 161 255

140 240 178 281 3.
217 238 434 283 Christum
468 241 686 284 hominem
723 242 885 296 absque
924 242 1109 285 Deitatis
1147 256 1246 284 suae
1275 242 1487 296 praesidio
1517 244 1646 296 atque

87 311 258 364 auxilio,
286 327 363 355 nec
392 313 626 367 sapientiae
656 313 821 356 divinae
849 314 1053 368 mysteria
1083 329 1134 356 ex
1162 313 1303 355 Patris
1334 314 1398 356 sui
1428 315 1522 356 sinu
1545 329 1646 367 pro-

85 382 308 435 ferre,'nec
332 384 416 437 ipsi
445 383 581 437 λύτρον
609 385 820 428 sufficiens
849 400 928 439 pro
957 385 1114 428 nostris
1142 385 1328 439 peccatis
1358 385 1520 438 offerre,
1544 400 1646 440 por-

84 456 236 507 tasque
277 454 511 497 inferorum
551 471 626 498 sua
667 459 804 498 morte
847 457 1113 511 confringere
1157 457 1258 498 olim
1296 456 1341 498 in
1377 457 1493 499 hisce
1520 457 1646 499 terris

84 526 285 578 potuisse,
323 541 401 568 nec
442 527 674 568 etiamnum
706 527 752 569 in
780 527 907 569 coelis
936 542 1061 581 posse
1090 527 1321 569 electorum
1350 542 1523 570 suorum
1550 529 1646 571 ubi-

23 616 35 617 *
83 595 147 636 vis
188 598 398 638 terrarum
440 597 685 651 degentium
726 613 872 652 preces
916 599 1112 640 exaudire
1155 599 1280 640 simul
1323 601 1364 641 et
1405 599 1525 641 Patri
1568 615 1643 643 suo

84 668 388 720 commendare,
419 683 576 722 eosque
602 669 692 711 voti
722 672 940 724 compotes
969 670 1022 711 ab
1052 670 1168 712 omni
1196 670 1308 712 malo
1336 671 1460 713 tueri.

136 738 294 781 XXVI.
338 739 434 781 Etsi
475 739 692 783 Christum
730 742 957 784 secundum
993 744 1190 783 naturam
1228 742 1413 784 divinam
1449 745 1644 785 nostrum

83 825 171 853 esse
200 810 480 854 Mediatorem
504 812 772 864 affirmemus,
798 827 884 854 non
906 813 1003 854 inde
1027 815 1170 854 tamen
1199 813 1397 855 adversus
1424 828 1501 855 nos
1530 817 1643 857 recte

83 883 358 935 concluditur,
389 884 502 936 quod
530 886 668 925 totam
696 898 865 936 quoque
895 883 1150 925 Trinitatem
1177 884 1424 926 mediatoris
1455 885 1644 926 officium

82 954 316 1008 suscepisse
354 970 378 995 a
406 954 529 996 nobis
559 954 731 996 concedi
761 956 968 1008 oporteat.
999 953 1166 995 Natura
1195 954 1307 996 enim
1335 955 1470 1008 ipsius
1500 956 1643 998 divina

81 1026 290 1067 humanae
329 1026 541 1079 opposita,
578 1040 664 1066 non
700 1025 744 1066 in
782 1040 935 1078 genere
973 1025 1218 1078 accipienda
1255 1028 1318 1067 est
1350 1040 1428 1079 pro
1460 1027 1643 1069 essentia

80 1096 218 1137 tribus
255 1095 449 1149 personis
489 1096 714 1148 communi,
752 1096 824 1138 sed
863 1097 1148 1150 singulariter,
1179 1112 1258 1150 pro
1289 1097 1471 1139 secunda
1501 1097 1642 1140 Trini-

79 1167 182 1209 tatis
210 1182 392 1220 persona
421 1182 530 1221 quae
559 1183 727 1210 carnem
757 1170 950 1210 nostram
979 1168 1222 1222 assumpsit.

131 1237 312 1280 XXVII.
355 1238 449 1280 Hoc
487 1239 622 1292 igitur
663 1239 757 1281 loco
799 1254 876 1293 per
911 1239 1070 1281 Christi
1105 1242 1302 1281 naturam
1341 1240 1528 1282 divinam
1555 1256 1641 1283 non

77 1308 405 1352 indeterminate
435 1313 633 1352 naturam
660 1311 858 1362 Deitatis,
889 1311 962 1353 sed
985 1311 1263 1353 determinate
1288 1326 1515 1365 personam
1538 1311 1641 1353 Dei-

78 1381 180 1422 tatis
218 1382 395 1435 proprio
435 1382 693 1424 subsistendi
730 1382 856 1424 modo
897 1382 949 1424 ab
979 1382 1071 1424 aliis
1102 1382 1359 1434 distinctam,
1388 1382 1470 1424 Dei
1497 1382 1640 1424 Patris

80 1452 241 1494 scilicet
283 1453 441 1495 Filium
481 1454 773 1507 intelligimus,
816 1453 942 1495 sicuti
981 1468 1002 1495 e
1040 1454 1254 1495 contrario
1284 1455 1421 1495 carnis
1450 1455 1640 1507 appella-

78 1524 208 1577 tione,
247 1540 333 1567 non
368 1524 554 1567 hominis
582 1540 821 1578 personam,
851 1525 923 1566 sed
950 1527 1148 1566 naturam
1177 1525 1407 1566 humanam
1437 1540 1532 1567 cum
1560 1525 1639 1566 Dei

78 1594 189 1637 Filio
219 1596 384 1637 unitate
412 1610 618 1649 personae
645 1596 998 1637 indissolubiliter
1027 1597 1298 1648 conjunctam
1329 1596 1611 1650 designamus.

133 1665 336 1708 XXVIII.
374 1665 414 1708 N
420 1681 466 1708 ec
504 1668 603 1720 quia
630 1667 832 1709 mediatio
861 1667 915 1708 ad
944 1681 1074 1720 opera
1102 1666 1184 1709 Dei
1214 1668 1266 1708 ad
1298 1670 1416 1709 extra
1444 1667 1636 1721 refertur,

82 1751 189 1790 quae
228 1740 326 1779 sunt
364 1737 559 1790 indivisa,
588 1739 683 1780 ideo
715 1753 763 1780 ea
790 1738 928 1780 tribus
957 1738 1150 1791 personis
1181 1739 1378 1781 absolute
1409 1741 1647 1782 communis

81 1810 155 1860 est,
209 1823 304 1850 011111
347 1810 507 1862 partim
550 1810 606 1851 sit
651 1809 899 1861 essentialis,
945 1811 1153 1862 quatenus
1196 1825 1220 1851 a
1262 1811 1396 1852 totius
1440 1811 1644 1854 essentiae

79 1880 290 1935 principio
319 1883 560 1934 promanat,
588 1881 748 1934 partim
777 1881 1026 1935 personalis,
1058 1884 1266 1932 quatenus
1296 1883 1340 1923 in
1369 1898 1553 1936 persona
1579 1898 1646 1925 or-

80 1951 176 1993 dine
214 1953 408 2004 secunda,
447 1955 669 2006 tamquam
705 1953 750 1994 in
787 1953 971 1994 termino
1003 1952 1209 1994 essentiae
1238 1951 1416 2004 divinae,
1449 1954 1645 2005 οἶκονομίοο

80 2037 153 2064 3011
192 2023 453 2079 dispensatio
494 2025 723 2076 spectatur.
762 2023 927 2066 Eodem
957 2024 1070 2065 enim
1097 2026 1294 2076 respectu
1322 2023 1393 2065 1110
1422 2023 1532 2066 Filio
1563 2024 1644 2066 Dei

78 2094 222 2148 potius
251 2109 376 2147 quam
407 2094 529 2136 Patri
559 2097 631 2136 aut
661 2093 841 2148 Spiritui
870 2093 1039 2146 Sancto,
1074 2093 1276 2135 mediatio
1312 2093 1530 2146 tribuitur,
1560 2109 1644 2147 quo

78 2164 315 2207 incarnatio
355 2181 404 2208 ac
441 2166 607 2220 generis
644 2165 820 2208 humani
856 2166 1094 2219 redemptio
1132 2165 1218 2219 ipsi
1256 2166 1480 2221 sigillatim
1511 2165 1645 2220 assig-

78 2239 217 2277 natur.

132 2306 289 2349 XXIX.
326 2307 515 2350 Tametsi
553 2308 606 2350 ob
644 2309 773 2350 istam
808 2308 1110 2350 mediationem
1145 2308 1278 2350 Filius
1308 2307 1389 2350 Dei
1419 2308 1559 2350 minor
1588 2309 1644 2350 sit

79 2377 220 2430 Patre,
258 2393 344 2420 non
383 2381 612 2432 propterea
646 2379 740 2432 ipso
779 2381 919 2422 minor
957 2382 1019 2422 est
1058 2380 1200 2432 quoad
1223 2379 1452 2421 Deitatem.
1481 2379 1643 2421 Media-

78 2449 241 2490 tionem
279 2449 392 2491 enim
430 2464 550 2491 suam
586 2465 610 2491 a
645 2450 775 2492 Patre
815 2451 978 2504 accepit
1018 2466 1095 2504 per
1125 2465 1392 2492 communem
1422 2453 1464 2492 et
1492 2451 1644 2493 volun-

78 2520 235 2562 tariam
271 2520 404 2562 totius
434 2519 671 2573 TrinitatiS,
702 2524 831 2574 atque
861 2523 964 2564 adeo
997 2523 1062 2564 sui
1092 2522 1238 2576 ipsius,
1270 2521 1643 2575 dispensationem.

80 2590 229 2633 Deitas
267 2606 368 2633 vero
405 2591 501 2645 ipsa
538 2607 562 2633 a
599 2592 690 2634 solo
729 2592 857 2635 Patre
886 2608 963 2647 per
992 2594 1234 2647 genituram
1262 2594 1500 2635 naturalem
1529 2608 1643 2635 com-

79 2663 296 2705 municata
344 2665 418 2704 est.
457 2661 579 2704 Illam
615 2663 660 2705 in
698 2663 834 2705 altero
875 2665 1016 2706 seculo
1055 2665 1252 2717 deponet,
1293 2678 1390 2705 cum
1428 2667 1643 2717 sceptrum

80 2747 202 2775 suum
239 2733 360 2775 Patri
393 2734 555 2785 tradet3
592 2733 704 2775 hanc
732 2749 828 2776 cum
855 2735 984 2777 Patre
1012 2735 1058 2776 in
1086 2737 1305 2776 aeternum
1332 2734 1641 2777 immutabilem

80 2805 294 2857 retinebit,
326 2806 346 2847 1
378 2804 471 2847 Cor.
499 2805 561 2857 15,
591 2805 653 2848 17.
684 2806 746 2847 18.

133 2875 268 2917 XXX.
306 2876 469 2918 Eadem
505 2875 671 2929 gratiae
709 2876 1024 2930 dispensatione
1064 2891 1148 2929 qua
1176 2876 1259 2919 Dei
1285 2877 1418 2920 Filius
1445 2878 1641 2920 mediati-

84 2959 207 2988 onem
236 2947 406 2989 sibimet
432 2947 517 3000 ipsi
545 2962 631 2989 una
660 2962 755 2989 cum
782 2947 912 2990 Patre
941 2950 983 2989 et
1011 2947 1176 3000 Spiritu
1205 2947 1363 2991 Sancto
1388 2949 1442 2990 ab
1466 2951 1639 2991 aeterno
