1931 3224
234 68 314 109 490
815 66 1057 110 DISPUTATIO
1085 68 1235 112 XLIV.

287 190 339 233 II.
365 191 530 233 Horum
555 193 697 232 autem
721 190 1091 233 Sacramentorum
1115 193 1302 246 primum
1327 197 1389 236 est
1404 195 1663 251 Baptismus,
1682 201 1796 252 quod

234 264 329 306 ideo
368 263 686 305 Sacramentum
714 263 1050 315 regenerationis
1077 266 1260 317 nostrae,
1289 268 1333 307 et
1361 265 1614 310 initiationis
1642 269 1686 311 in
1714 271 1796 313 Ec-

236 335 405 377 clesiam
438 333 698 386 appellatur;
736 334 846 375 uncle
885 337 926 375 et
963 334 1094 376 Hebr.
1124 336 1161 387 5,
1191 337 1227 377 2.
1256 336 1574 390 Baptismatum
1605 341 1797 384 doctrina

234 408 346 448 inter
381 405 520 458 prima
558 405 871 448 Christianismi
907 406 1184 448 fundamenta
1213 411 1312 461 post
1339 410 1649 463 poenitentiam
1678 415 1719 454 et
1747 414 1797 454 fi-

236 478 330 519 dem
357 479 610 529 recensetur,
642 480 683 518 et
712 480 805 518 tota
833 477 1145 531 Apostolorum
1173 479 1318 532 praxis
1350 481 1548 533 ostendit,
1579 497 1674 524 cum
1701 484 1795 538 ipso

234 550 278 590 in
306 548 541 590 Ecclesiam
570 551 800 600 externam,
829 563 906 602 per
933 549 1032 591 fidei
1063 552 1104 591 et
1132 551 1448 604 resipiscentiae
1473 553 1795 609 professionem,

234 622 440 674 ingressu,
452 620 676 673 Baptisma
691 621 735 661 in
751 620 936 672 ejusdem
953 621 1014 662 rei
1030 621 1200 674 signum
1215 637 1382 676 semper
1398 623 1527 665 fuisse
1544 625 1796 669 adhibitum.

286 692 362 735 III.
401 691 462 734 Ut
500 706 601 744 ergo
643 692 696 733 ad
726 692 1054 745 explicationem
1084 694 1173 746 ejus
1203 695 1540 748 progrediamur,
1574 696 1726 748 βάπτω
1755 701 1797 740 et

236 764 441 816 βαπτίζω,
476 779 500 805 a
536 779 620 817 quo
660 763 914 814 βαπτισμὸς,
948 764 1123 817 proprie
1146 765 1313 818 tingere
1340 769 1381 808 et
1404 766 1545 809 lavare
1570 768 1794 822 significat,

235 837 350 888 cujus
387 835 711 889 significationis
753 835 994 888 exemplum
1033 839 1229 889 apertum
1259 840 1320 879 est
1350 837 1448 879 Luc.
1479 839 1543 890 11,
1572 839 1635 880 38.
1667 842 1794 893 atque
1852 840 1859 846 ’

233 908 330 950 inde
366 909 407 949 et
435 906 688 960 poculorum
717 909 758 948 et
787 910 1139 960 aeramentorum,
1170 923 1218 950 ac
1245 908 1498 951 lectulorum
1525 909 1796 953 Pharisaicae

233 978 416 1020 lotiones
466 978 700 1029 [Rom-wrm}
732 980 939 1019 vocantur
977 978 1107 1021 Marc.
1149 980 1183 1031 7,
1211 979 1248 1020 4.
1280 982 1321 1022 et
1351 980 1533 1022 lotiones
1564 983 1794 1024 ceremoni-

233 1049 319 1091 ales
357 1049 526 1092 Veteris
557 1049 832 1102 Testamenti,
861 1049 992 1091 Hebr.
1022 1051 1059 1102 9,
1090 1051 1151 1091 10.
1181 1050 1475 1104 Metaphorice
1503 1067 1603 1094 vero
1633 1067 1716 1094 vox
1747 1068 1796 1095 ea

234 1121 343 1163 solet
372 1121 481 1163 sumi
510 1136 588 1175 pro
620 1122 794 1174 copiosa
824 1122 1033 1164 donorum
1062 1122 1348 1176 spiritualium
1379 1123 1594 1177 effusione,
1624 1126 1698 1166 aut
1725 1139 1797 1166 ve-

233 1194 422 1236 hementi
450 1208 591 1235 rerum
619 1192 807 1235 tristium
836 1209 885 1236 ac
914 1194 1109 1236 dolorum
1136 1194 1411 1237 immissione.

288 1265 363 1308 IV.
400 1265 513 1307 Hinc
550 1268 643 1307 orta
681 1267 745 1306 est
783 1264 1014 1318 distinctio,
1055 1266 1108 1308 ab
1146 1267 1239 1321 ipso
1279 1267 1541 1310 Tertulliano
1578 1271 1796 1322 usurpata,

233 1338 344 1380 inter
381 1337 652 1392 Baptismum
689 1335 876 1378 fluminis
914 1351 987 1378 seu
1026 1352 1171 1390 aquae,
1210 1353 1261 1380 ex
1296 1338 1421 1388 Matt.
1453 1340 1489 1392 3,
1520 1340 1583 1381 11.
1613 1339 1796 1382 flaminis

234 1424 307 1451 seu
345 1408 541 1462 Spiritus,
582 1423 631 1450 ex
661 1408 757 1450 Act.
789 1408 825 1459 1,
854 1409 891 1449 5.
922 1411 963 1450 et
992 1410 1211 1462 sanguinis
1242 1425 1315 1452 seu
1343 1409 1554 1464 Martyrii,
1587 1426 1637 1453 ex
1665 1411 1796 1454 Marc.

234 1479 295 1531 10,
333 1478 397 1519 38.
438 1477 601 1527 Quibus
641 1478 712 1520 alii
752 1480 913 1521 addunt
949 1480 1220 1534 Baptismum
1248 1482 1434 1534 luminis,
1464 1497 1537 1524 seu
1566 1483 1796 1536 doctrinae,

235 1565 286 1591 ex
312 1549 408 1591 Act.
442 1550 504 1601 18,
532 1550 595 1591 25.
627 1550 727 1603 quia
756 1551 874 1593 verbi
902 1553 1165 1606 praedicatio
1196 1554 1338 1596 lumen
1368 1554 1604 1596 intellectui
1632 1554 1797 1597 homini

232 1621 423 1674 affundit,
454 1623 628 1675 ejusque
655 1625 840 1664 mentem
871 1624 963 1665 luce
993 1639 1067 1665 sua
1096 1624 1253 1666 lustrat
1281 1627 1410 1678 atque
1437 1625 1636 1667 illustrat.

286 1693 338 1735 V.
376 1693 514 1736 Nobis
544 1696 686 1736 autem
715 1695 890 1748 proprie
921 1695 971 1737 de
1001 1695 1225 1749 Baptismo
1255 1697 1442 1738 fluminis
1467 1711 1541 1739 seu
1568 1712 1704 1751 aquae
1735 1700 1798 1740 est

233 1765 456 1819 agendum,
483 1767 596 1818 quod
622 1769 669 1808 ut
693 1768 992 1821 compendiose
1017 1770 1146 1821 atque
1169 1769 1314 1810 ordine
1329 1769 1418 1821 fiat,
1436 1770 1471 1811 1.
1487 1768 1552 1811 De
1569 1770 1656 1822 ejus
1673 1784 1798 1811 causa

234 1837 456 1891 efficiente,
487 1839 522 1880 2.
552 1838 617 1881 De
641 1835 826 1882 'materia
856 1842 898 1882 et
926 1840 1063 1882 forma
1092 1840 1240 1894 ipsius,
1279 1842 1316 1883 3.
1346 1841 1411 1883 De
1439 1841 1521 1883 fine
1552 1844 1593 1883 et
1622 1841 1795 1893 effectu3

233 1924 280 1951 ac
309 1910 489 1963 denique
518 1911 568 1953 de
598 1912 685 1964 ejus
714 1912 905 1966 subjecto
937 1915 979 1954 et
1008 1912 1263 1965 quibusdam
1292 1913 1512 1966 adjunctis,
1541 1928 1728 1966 agemus.

286 1981 360 2024 VI.
407 1982 630 2026 Causam
675 1984 1023 2026 efficientem
1062 1984 1343 2038 principalem
1382 1999 1455 2026 seu
1494 1983 1797 2027 institutricem

232 2052 359 2106 hujus
389 2053 653 2097 Sacramenti
683 2070 772 2097 esse
800 2055 943 2109 ipsum
970 2055 1120 2107 Deum,
1152 2057 1273 2109 patet
1303 2071 1354 2097 ex
1382 2055 1505 2097 Matt.
1536 2056 1600 2107 21,
1631 2056 1693 2098 25.
1722 2056 1798 2098 ubi

232 2122 480 2176 Baptismus
510 2140 533 2166 a
556 2125 582 2167 J
588 2125 755 2167 ohanne
781 2127 1112 2179 administratus,
1139 2142 1189 2169 ex
1212 2127 1328 2169 coelo
1355 2142 1442 2169 esse
1468 2127 1621 2169 dieitur
1646 2130 1687 2169 et
1711 2142 1797 2170 non

233 2209 284 2236 ex
322 2195 587 2246 hominibus3
628 2201 668 2238 et
705 2197 796 2251 ipse
838 2197 1036 2252 Baptista
1072 2202 1269 2251 testatur,
1308 2198 1406 2241 Joh.
1447 2199 1482 2250 1,
1519 2199 1582 2240 33.
1618 2199 1796 2241 eundem

233 2281 321 2308 esse
359 2267 432 2320 qui
469 2268 609 2322 ipsum
645 2269 774 2322 misit,
815 2272 862 2310 ut
899 2270 1138 2323 baptizaret
1176 2285 1299 2323 aqua,
1341 2270 1414 2323 qui
1452 2269 1489 2312 ei
1518 2270 1637 2323 dixit,
1669 2285 1796 2324 super

232 2352 358 2390 quem
385 2339 546 2381 videbis
581 2339 791 2393 Spiritum
821 2342 1156 2396 descendentem,
1187 2344 1506 2385 ass-manentem
1534 2356 1661 2396 super
1688 2357 1795 2395 eum,

232 2409 303 2450 hic
332 2412 395 2451 est
423 2411 497 2463 qui
525 2411 718 2465 baptizat
747 2412 913 2466 Spiritu
941 2413 1111 2456 Sancto.

287 2481 382 2524 VH.
412 2483 536 2526 Unde
566 2485 819 2539 colligimus,
849 2486 1076 2528 formulam
1103 2487 1224 2529 illam
1248 2487 1475 2541 Baptismi‚
1502 2502 1628 2540 quam
1653 2485 1795 2528 Chris-

233 2559 302 2599 tus
341 2557 595 2610 praescribit
633 2559 851 2612 discipulis
880 2559 978 2611 suis,
1007 2559 1130 2601 Matt.
1160 2560 1224 2601 28.
1256 2562 1297 2601 et
1326 2559 1455 2601 Marc.
1489 2560 1549 2601 16.
1578 2573 1666 2600 non
1695 2572 1794 2599 eon-

233 2631 368 2672 tinere
396 2630 579 2684 primam
607 2630 818 2684 Baptismi
842 2631 1170 2683 institutionem,
1195 2631 1268 2673 sed
1292 2632 1380 2684 ejus
1406 2630 1458 2672 ad
1479 2643 1623 2672 omnes
1647 2633 1794 2682 gentes

234 2703 526 2745 extensionem
553 2717 601 2745 ac
630 2703 887 2745 strictiorem
916 2703 1239 2745 administrandi
1269 2703 1454 2745 modum.

287 2771 404 2814 VIII.
443 2772 678 2816 Statuimus
717 2775 830 2817 enim
857 2789 952 2817 oum
980 2775 1182 2818 Ecclesiis
1211 2774 1470 2817 Reformatis
1499 2773 1676 2816 eundem
1705 2787 1794 2814 om-

234 2844 335 2885 nino
374 2858 473 2897 esse,
513 2846 548 2887 si
587 2848 674 2899 ejus
713 2846 997 2889 substantiam
1032 2848 1211 2900 spectes,
1248 2846 1519 2900 Baptismum
1547 2860 1571 2886 a
1598 2844 1796 2887 Johanne

235 2915 497 2968 inchoatum,
536 2919 578 2958 et
615 2918 667 2959 ab
703 2918 924 2971 Apostolis
964 2933 1014 2959 ex
1052 2917 1212 2960 Christi
1248 2917 1449 2959 mandato
1487 2916 1793 2967 continuatum,
