1931 3224
293 134 356 176 DE
388 133 566 184 Qnmmm
595 134 737 177 FALs1s
765 134 1077 178 PONTIFIOIORUM
1108 135 1392 178 SACRAMENTIS.
1542 138 1618 178 557

60 272 148 301 non
185 259 321 301 solum
357 260 523 302 ratione
552 260 825 313 ceremoniae,
856 261 930 302 sed
958 261 1087 302 etiam
1115 260 1280 303 ratione
1310 260 1495 311 effectus,
1526 263 1619 302 toto

62 345 216 384 genere
255 330 422 373 differre
460 331 759 385 Apostolicam
796 347 998 374 manuum
1035 332 1368 385 impositionem,
1409 346 1434 372 a
1472 331 1621 372 Ponti-

61 402 157 444 ficia
195 403 516 444 confirmatione
528 419 536 453 3
577 403 650 456 qui
679 403 864 455 effectus,
895 418 990 445 cum
1016 403 1265 456 temporalis
1294 402 1434 454 fuerit,
1463 417 1540 444 nec
1569 402 1622 443 ad

63 474 247 528 gratiam
285 475 592 527 justificantem
634 475 858 528 pertineat,
902 475 1060 516 frustra
1098 474 1218 516 fieret
1254 490 1376 527 nunc,
1418 473 1530 526 quod
1569 473 1621 515 ab

63 544 286 598 Apostolis
323 547 425 587 tunc
463 546 557 598 fuit,
595 561 689 588 cum
725 546 880 598 fructu,
919 548 1181 599 usurpatum.
1214 546 1335 595 Quid,
1365 546 1478 598 quod
1506 546 1622 599 ipsos

62 616 268 659 habemus
307 617 556 659 confitentes
594 632 688 660 reos
701 620 720 659 P
757 617 871 660 Nam
909 618 1065 660 Suarez
1094 621 1195 659 tom.
1225 618 1262 659 3.
1293 617 1399 671 disp.
1431 617 1493 658 33.
1523 619 1622 658 sect.

62 688 100 729 4.
138 688 253 730 ultro
293 689 500 741 concedit,
530 690 636 742 imp
652 704 675 731 o
689 690 949 731 sitionem
978 704 1224 731 manuum
1259 704 1361 742 qua
1389 689 1471 730 usi
1502 691 1627 730 sunt

64 759 267 813 Apostoli
303 759 398 801 Act.
439 761 476 801 8.
517 763 558 802 et
595 761 631 802 9.
672 776 860 803 revera
888 775 991 802 non
1020 761 1189 803 fuisse
1219 760 1247 802 S
1262 762 1627 802 aeramentum

66 830 538 883 confirmationis,
579 833 705 884 quia
742 834 794 873 in
833 831 947 873 ritu
985 831 1247 873 sensibili
1283 831 1436 872 valde
1467 830 1627 871 diffe-

65 902 239 955 rebat;
292 903 395 945 imo
448 918 541 945 nec
593 904 930 957 simpliciter
981 902 1392 945 Sacramentum
1433 902 1625 953 fuisse,

67 974 192 1027 quia
230 989 334 1017 non
372 978 490 1017 erat
529 975 835 1017 ceremonia
864 974 1025 1016 firma
1055 977 1105 1016 et
1135 974 1331 1015 stabili
1362 974 1480 1027 lege
1510 988 1627 1015 con-

67 1060 85 1088 s
98 1046 169 1088 tit
181 1049 236 1087 ut
248 1061 283 1088 a.
325 1045 416 1096 Qua
455 1046 717 1088 confessione
749 1045 957 1099 expungit
985 1047 1125 1087 totum
1155 1060 1245 1098 cap.
1276 1046 1312 1086 2.
1342 1044 1432 1086 Lib.
1462 1046 1499 1086 2.
1530 1044 1628 1087 Bel-

66 1117 185 1159 larm.
218 1118 267 1159 de
297 1117 482 1159 Sacram.
514 1118 700 1160 confirm.

119 1187 215 1230 XII.
269 1188 410 1238 Quum
458 1191 601 1230 autem
653 1189 766 1242 apud
815 1189 992 1231 Veteres
1037 1188 1248 1230 unctionis
1291 1187 1538 1229 Clu-ismatis
1579 1187 1628 1228 fit

67 1261 242 1312 mentio,
278 1259 322 1302 id
359 1261 605 1314 intelligunt
643 1264 691 1302 ut
727 1261 960 1314 plurimum
990 1260 1040 1302 de
1068 1259 1269 1302 unctione
1298 1260 1371 1300 illa
1400 1274 1508 1312 quae
1538 1261 1629 1301 erat

68 1332 282 1385 Baptismi
320 1333 546 1386 appendix,
586 1347 672 1374 non
710 1332 1031 1376 Sacramentum
1059 1332 1254 1385 speciale,
1285 1346 1368 1384 qua
1394 1331 1457 1372 illi
1487 1331 1629 1383 bapti-

69 1406 185 1445 zatos
228 1404 446 1457 ungebant
487 1404 744 1456 immediate,
787 1406 841 1445 ta
850 1419 893 1445 m
905 1418 933 1456 q
943 1419 970 1445 u
982 1419 1006 1444 a
1016 1418 1059 1444 m
1102 1403 1319 1444 athleta
1331 1418 1349 1443 s
1392 1418 1410 1443 s
1422 1405 1440 1443 t
1451 1417 1474 1444 a
1486 1402 1575 1443 diu
1586 1417 1628 1442 m

68 1474 120 1515 in
133 1489 162 1528 g
176 1490 196 1516 r
209 1490 230 1517 e
242 1490 260 1517 s
273 1491 290 1516 s
303 1491 331 1517 u
341 1491 362 1517 r
374 1491 398 1518 o
411 1491 428 1517 s
443 1509 451 1528 ,
493 1479 540 1517 ut
568 1476 761 1528 loquitur
801 1473 1018 1528 Chrysost.
1056 1474 1203 1515 homil.
1242 1475 1279 1515 6.
1318 1474 1362 1514 in
1400 1473 1537 1526 Epist.
1579 1473 1631 1513 ad

71 1545 157 1588 Col.
199 1561 326 1599 quam
365 1547 416 1588 ad
456 1546 721 1589 Sacramenti
750 1547 990 1597 essentiam,
1019 1560 1071 1587 ne
1100 1545 1183 1598 ipsi
1216 1544 1384 1598 quidem
1413 1542 1631 1585 Pontificii

71 1618 284 1671 pertinere
322 1619 468 1660 dicunt
481 1635 490 1669 ς
530 1620 571 1660 et
611 1633 731 1671 quae,
772 1617 851 1660 etsi
891 1617 1078 1670 antiqua,
1116 1617 1227 1658 inter
1257 1616 1350 1657 illas
1378 1615 1631 1657 traditiones

69 1689 172 1744 poni
211 1689 348 1742 debet,
390 1704 523 1742 quae
560 1704 732 1742 neque
772 1690 830 1731 de
859 1688 1145 1731 Dominica
1173 1691 1265 1729 aut
1293 1686 1631 1740 Evangelica

71 1761 313 1803 veritate
342 1761 701 1812 descendunt,
733 1764 822 1802 aut
852 1761 911 1802 de
941 1760 1336 1814 Apostolorum
1358 1757 1631 1800 mandatis
1664 1792 1667 1793 γ

71 1847 96 1874 a
106 1834 124 1874 t
136 1847 164 1885 q
174 1847 202 1874 u
214 1847 235 1874 e
264 1832 301 1874 E
313 1833 425 1885 pist
438 1832 512 1874 oli
525 1847 543 1874 s
569 1848 596 1875 v
607 1848 629 1875 e
639 1833 730 1874 niu
741 1848 768 1874 11
781 1835 818 1885 t,
849 1835 897 1874 ut
926 1832 1116 1885 loquitur
1145 1830 1381 1885 Cyprianus
1406 1830 1543 1885 Epist.
1569 1829 1630 1871 74.

71 1904 124 1945 ad
164 1903 430 1957 Pompejum.
473 1904 597 1953 Quod
636 1905 670 1946 si
708 1906 860 1957 postea
888 1919 911 1945 a
925 1904 951 1945 d
981 1918 1002 1945 e
1014 1918 1038 1945 o
1051 1918 1070 1944 s
1083 1936 1092 1954 ,
1124 1918 1151 1955 q
1163 1902 1216 1943 ui
1244 1902 1298 1943 in
1325 1903 1432 1944 min
1444 1916 1468 1943 o
1479 1901 1562 1943 rib
1574 1916 1602 1942 u
1613 1916 1632 1942 s

71 1975 300 2017 urbibus
353 1991 448 2029 per
491 1975 858 2029 Presbyteros
904 1977 994 2017 aut
1037 1974 1313 2016 Diaconos
1356 1973 1633 2026 baptizati

73 2050 250 2099 erant,
290 2047 643 2089 excurrerint
672 2047 959 2101 Episcopi,
989 2047 1050 2088 ad
1078 2045 1487 2088 invocationem
1517 2043 1632 2097 Spi-

72 2117 214 2159 ritus
259 2117 447 2160 Sancti
488 2133 697 2160 manum
737 2117 843 2171 imp
858 2117 1081 2167 osituri;
1121 2117 1165 2158 id
1201 2115 1330 2158 refert
1365 2115 1634 2168 Hierony-

75 2204 185 2230 mus
226 2189 288 2230 ad
316 2189 688 2231 Ecclesiarum
719 2188 1193 2239 consuetudinem,
1223 2203 1308 2230 non
1339 2188 1391 2229 ad
1420 2185 1634 2240 dispositi-

75 2260 168 2302 onis
206 2259 455 2302 Dominicae
492 2261 725 2310 veritatem,
766 2263 806 2302 et
844 2260 887 2302 id
923 2260 1015 2302 fieri
1053 2276 1080 2314 p
1095 2275 1118 2302 o
1129 2262 1148 2301 t
1158 2260 1173 2302 i
1184 2275 1211 2301 11
1222 2275 1240 2301 s
1280 2275 1303 2301 a
1316 2259 1341 2300 d
1369 2259 1400 2300 h
1411 2273 1435 2301 o
1446 2275 1475 2300 n
1487 2273 1511 2300 o
1523 2273 1544 2299 r
1556 2273 1577 2300 e
1591 2272 1634 2298 m

75 2332 393 2376 Sacerdotii
432 2348 585 2387 quam
624 2333 685 2375 ad
722 2333 866 2386 legis
894 2332 1285 2374 necessitatem
1315 2330 1533 2372 contendit
1562 2329 1634 2370 ad-

74 2420 220 2447 versus
258 2405 495 2447 Luciferian
502 2420 560 2447 os.
600 2405 723 2455 Quod
761 2407 873 2447 certe
911 2419 1144 2457 numquam
1183 2403 1359 2445 dixisset
1397 2402 1447 2443 de
1486 2400 1635 2442 Sacra-

75 2478 234 2528 mento,
265 2477 443 2518 univoce
472 2477 599 2518 dicto.
628 2475 674 2518 Si
704 2490 805 2529 ergo
836 2475 1063 2528 aliquando
1093 2489 1117 2516 a
1148 2473 1346 2515 Patribus
1370 2486 1525 2513 nomen
1551 2469 1578 2513 S
1590 2484 1635 2511 a-

76 2561 98 2588 c
108 2562 129 2588 r
141 2562 165 2589 a
175 2561 218 2589 m
229 2562 251 2589 e
260 2547 342 2589 nti
379 2547 537 2589 talibus
575 2548 823 2589 ceremoniis
860 2546 1087 2598 tribuatur,
1125 2545 1170 2587 id
1205 2543 1530 2597 intelligendum
1559 2543 1634 2592 est,

77 2621 251 2660 extensa
288 2619 363 2661 illa
402 2619 726 2673 significatione,
767 2634 849 2672 qua
889 2618 917 2662 S
930 2634 953 2660 a
966 2633 987 2660 c
997 2634 1018 2660 r
1028 2633 1052 2660 a
1062 2633 1105 2660 m
1117 2632 1138 2659 e
1148 2633 1177 2658 n
1188 2620 1206 2658 t
1217 2632 1241 2658 a
1281 2632 1304 2658 a
1316 2631 1344 2669 p
1355 2630 1383 2669 p
1396 2614 1499 2657 ella
1510 2629 1536 2655 n
1547 2615 1566 2654 t
1577 2628 1604 2654 u
1615 2627 1636 2654 r

78 2689 232 2743 signa
271 2704 384 2732 cum
420 2690 482 2731 ad
518 2704 603 2732 res
642 2689 857 2732 divinas
894 2690 1188 2743 pertinent.
1217 2688 1400 2740 August.
1430 2686 1568 2738 Epist.
1599 2684 1634 2725 5.

78 2759 130 2801 ad
160 2759 330 2802 Marcel.
362 2760 528 2802 etiamsi
556 2760 672 2802 nulla
701 2760 842 2802 divina
871 2759 1126 2803 auctoritate
1154 2758 1395 2800 fulciantur.

130 2829 248 2874 XIII.
288 2832 516 2875 Probabile
558 2835 621 2874 est
649 2834 804 2884 autem,
834 2833 941 2886 imp
954 2846 977 2874 o
990 2832 1123 2874 sitio
1135 2831 1218 2873 nis
1246 2843 1490 2872 manuum
1519 2828 1546 2870 d
1558 2843 1582 2870 o
1595 2842 1637 2869 c-

78 2905 98 2944 t
108 2903 193 2944 rin
203 2918 228 2945 a
237 2919 281 2946 m
293 2937 302 2956 ,
346 2919 454 2958 quae
495 2904 626 2946 Hebr.
668 2905 703 2954 6,
746 2905 783 2945 2.
819 2903 1014 2957 jungitur
1053 2902 1270 2944 doctrinae
1307 2900 1636 2954 Baptismatum,

79 2974 228 3018 referri
266 2978 319 3019 ad
357 2992 502 3019 curam
539 2976 656 3019 illam
685 2976 849 3030 priscae
877 2975 1105 3027 Ecclesiae,
1136 2989 1218 3028 qua
1245 2973 1380 3027 pueri,
1410 2975 1565 3019 eruditi
1593 2977 1637 3018 in
