1931 3224
253 166 303 204 86
891 155 1135 198 ΒιεΡῦτΑΤιο
1165 154 1217 195 X.

254 286 296 327 L.
342 287 402 327 12.
445 285 494 326 de
535 283 715 324 Civitate
758 281 850 332 Dei,
893 295 925 321 0.
977 279 1039 320 15.
1079 269 1377 329 Quomodo,
1415 276 1568 329 inquit,
1604 276 1805 331 Angeli

255 355 427 397 creati
457 353 673 396 dicendi
702 353 845 402 sunt,
873 350 915 390 si
941 363 1151 402 semper
1173 348 1347 389 fuisse
1370 346 1805 400 intelliguntur?

306 425 439 467 XXV.
485 422 845 473 Quemadmodum
886 423 1028 462 autem
1068 419 1206 461 Deum
1250 419 1294 459 in
1332 420 1538 471 tempore,
1577 417 1638 460 510
1673 418 1806 461 libere

256 512 349 538 eum
388 512 435 537 ac
474 495 698 537 secundum
736 491 966 534 voluntatis
998 505 1097 532 suae
1127 488 1455 542 beneplacitum,
1485 490 1678 542 tempore
1708 505 1732 531 a
1761 504 1805 532 se

256 568 440 618 definito,
476 566 676 607 mundum
711 564 822 605 hunc
860 562 1095 604 condidisse
1134 560 1371 612 asserimus,
1401 574 1538 613 quem,
1569 560 1604 602 si
1632 561 1695 603 ita
1722 561 1806 615 ipsi

254 639 402 680 fuisset
430 638 576 687 visum,
608 639 680 677 aut
708 636 825 688 prius
854 637 928 676 aut
953 634 1085 676 serius
1115 647 1257 674 creare
1286 631 1511 685 potuisset.

305 708 460 750 XXVI.
481 708 547 749 Ad
568 707 675 749 hanc
700 707 935 748 otiosorum
958 706 1180 748 hominum
1204 704 1510 758 quaestionem,
1536 702 1637 745 Cur
1663 703 1806 747 Deus

252 781 493 823 mundum
534 795 635 821 non
678 779 830 833 prius
875 777 1220 819 condiderit?
1261 773 1578 830 respondemus,
1616 791 1703 818 non
1739 776 1806 831 ip-

251 868 392 895 sorum
430 866 518 893 esse
557 854 643 892 tam
681 850 844 892 curiose
873 850 923 891 de
952 849 1218 903 temporibus
1249 850 1377 901 atque
1407 848 1805 902 opportunitatibus

250 924 471 976 inquirere,
512 937 614 975 quas
652 921 766 964 Deus
804 921 919 963 solus
956 921 1001 962 in
1039 935 1114 962 sua
1150 919 1280 962 habet
1318 920 1545 972 potestate,
1584 918 1806 973 Deumque

250 1011 334 1037 non
375 995 513 1036 minus
551 994 701 1045 secula,
740 1008 867 1046 quam
904 993 1143 1034 universam
1182 990 1292 1033 hanc
1329 990 1573 1033 machinam
1610 1005 1689 1045 pro
1728 1005 1804 1034 suo

252 1066 459 1108 arbitratu
488 1066 646 1116 fecisse,
677 1065 771 1106 Act.
803 1066 837 1116 1,
868 1065 903 1106 7.
933 1064 1064 1106 Hebr.
1096 1064 1131 1116 1,
1163 1064 1199 1104 2.

304 1137 478 1179 XXVII.
522 1137 590 1178 Ad
625 1137 741 1178 illam
769 1136 995 1178 eorundem
1033 1135 1339 1188 quaestionem,
1378 1132 1456 1175 An
1495 1148 1621 1187 ergo
1662 1133 1805 1176 Deus

252 1213 536 1263 antequam
563 1208 810 1250 mundum
840 1207 1132 1259 creaverit,
1164 1206 1368 1248 otiosus
1396 1205 1585 1247 fuerit?
1617 1220 1806 1248 summae

250 1281 450 1322 vanitatis
485 1295 573 1322 esse
602 1280 916 1333 respondemus,
948 1279 998 1320 de
1026 1277 1117 1320 Deo
1148 1292 1349 1331 quaerere
1379 1292 1434 1319 an
1462 1292 1650 1330 unquam
1677 1276 1805 1320 fuerit

252 1352 425 1403 otiosus,
456 1352 527 1404 qui
555 1354 723 1405 praeter
751 1351 1027 1404 semetipsum
1056 1350 1198 1392 omnia
1226 1364 1251 1391 a
1279 1364 1323 1391 se
1347 1349 1528 1392 creanda
1552 1349 1605 1391 ab
1631 1352 1804 1392 aeterno

253 1424 577 1476 comtemplatus
619 1425 695 1474 est,
737 1437 899 1475 nosque
940 1422 985 1463 in
1027 1420 1196 1463 Christo
1238 1420 1351 1463 Filio
1391 1435 1467 1463 suo
1511 1420 1664 1463 dilecto
1708 1422 1806 1464 ante

245 1495 360 1546 jacta
390 1493 533 1534 mundi
562 1492 836 1534 fundamenta
864 1493 1113 1546 cognovisse
1142 1494 1270 1545 atque
1295 1492 1465 1546 eligisse
1490 1491 1657 1545 dicitur,
1680 1491 1804 1534 Rom.

253 1565 288 1616 8,
319 1565 381 1605 28.
411 1564 522 1618 Eph.
554 1565 588 1616 1,
619 1564 656 1606 4.

303 1634 500 1677 XXVIII.
530 1634 685 1676 Forma
712 1635 857 1677 mundi
885 1650 910 1677 a
940 1634 1030 1677 Deo
1061 1635 1192 1677 creati
1221 1636 1440 1689 spectatur
1468 1635 1513 1676 in
1542 1634 1806 1678 artificiosis-

251 1707 356 1748 sima
393 1708 580 1748 omnium
608 1708 695 1760 ejus
723 1708 911 1761 partium
939 1707 1232 1761 dispositione,
1263 1707 1488 1762 aptissima
1516 1722 1660 1750 earum
1688 1708 1734 1750 in
1762 1722 1805 1750 se

252 1776 432 1832 εὐτκξίᾳ,
462 1792 706 1831 summaque
742 1779 853 1820 inter
883 1793 927 1820 se
954 1779 1222 1834 παναρμονίῳ.

302 1848 458 1891 XXIX.
489 1848 606 1890 Finis
632 1852 707 1901 est,
736 1849 954 1903 bonitatis,
986 1852 1221 1905 sapientiae
1250 1865 1299 1893 ac
1328 1852 1547 1905 potentiae
1576 1851 1657 1894 Dei
1685 1854 1806 1905 pate-

250 1920 391 1971 factio,
431 1919 666 1973 harumque
703 1921 908 1963 virtutum
936 1937 1012 1976 per
1041 1936 1186 1965 omnes
1217 1926 1444 1975 creaturas,
1475 1938 1524 1965 ac
1552 1923 1806 1976 praesertim

252 2005 327 2043 per
354 1990 595 2043 rationales,
625 1994 830 2045 perpetua
860 1993 1099 2036 celebratio.

303 2060 436 2103 XXX.
475 2061 600 2103 Hunc
636 2062 762 2104 finem
799 2063 878 2105 viri
918 2064 1010 2118 Dei,
1052 2067 1145 2107 tum
1182 2066 1226 2107 in
1264 2065 1457 2120 Psalmis,
1498 2068 1590 2108 tum
1626 2066 1671 2108 in
1710 2065 1807 2108 aliis
1866 2068 1873 2074 ⁴

254 2131 407 2174 Sacrae
440 2131 682 2186 Scripturae
711 2134 826 2186 locis,
857 2134 908 2176 ad
937 2135 1017 2178 Dei
1047 2137 1242 2193 gloriam,
1275 2138 1511 2180 animarum
1541 2152 1711 2180 suarum
1742 2153 1807 2180 re-

254 2204 519 2257 creationem,
559 2219 606 2246 ac
634 2219 897 2248 communem
923 2208 1109 2251 omnium
1138 2210 1307 2263 piorum
1334 2210 1651 2253 institutionem
1680 2209 1808 2252 variis

255 2275 489 2318 rationibus
519 2277 903 2320 accommodarunt.

751 2514 1304 2564 COROLLARIA.

306 2644 334 2686 I.
388 2644 508 2687 Cum
565 2645 728 2689 Sacra
771 2647 1062 2701 Scriptura
1106 2651 1156 2690 et
1194 2650 1410 2692 unicum
1446 2651 1716 2703 mundum,
1757 2654 1810 2694 et

258 2716 471 2758 unicum
520 2717 679 2759 illius
732 2718 1076 2762 Servatorem
1127 2720 1311 2764 Jesum
1362 2722 1641 2765 Christum
1693 2737 1810 2766 esse

259 2785 469 2839 doceat,
509 2787 765 2842 Origenis
806 2792 1086 2833 sententia
1115 2792 1176 2834 ab
1205 2792 1543 2849 Hieronymo
1573 2795 1810 2849 aliisque

258 2856 519 2900 Patribus
572 2859 899 2903 orthodoxis
952 2863 1147 2905 merito
1198 2864 1307 2907 fuit
1348 2866 1666 2920 repudiata,
1709 2881 1810 2920 qua

260 2928 567 2979 statuebat,
592 2945 745 2972 unum
771 2931 984 2984 quidem
1007 2948 1108 2975 uno
1133 2936 1379 2989 tempore
1401 2937 1648 2980 mundum
1672 2952 1808 2991 esse,

261 2997 350 3038 sed
380 3001 503 3040 ante
530 2999 667 3042 hunc
696 3004 872 3044 tamen
899 3002 1040 3045 alios
1068 3003 1262 3058 fuisse,
1293 3009 1344 3048 et
1367 3010 1494 3059 post
1516 3007 1654 3050 hunc
1677 3009 1810 3050 alte-
