1931 3224
243 134 321 191 224
805 147 1049 190 DisrurA‘rm
1077 144 1234 188 XXIV.

243 288 303 315 ex
340 272 621 326 operibus,
659 273 749 314 sed
786 287 845 313 ex
873 273 1127 321 vocante3
1156 271 1261 312 item
1291 270 1315 310 2
1344 269 1452 311 Tim.
1483 269 1520 321 1,
1548 270 1586 311 9.
1615 268 1800 311 Serva-

241 346 321 386 vit
359 346 406 385 et
444 343 662 385 vocavit
700 357 793 384 nos
822 341 1114 383 vocatione
1142 343 1351 393 sancta,
1381 355 1483 383 non
1512 340 1801 382 secundum

245 431 408 470 opera
445 418 654 467 nostra,
686 430 703 456 s
718 415 775 456 ed
805 413 1093 456 secundum
1120 412 1467 466 propositum
1494 411 1798 467 proprium,

244 490 293 529 et
322 487 556 541 gratiam
584 501 717 539 quae
747 486 873 526 data
904 486 985 526 est
1013 483 1170 525 nobis
1198 484 1251 525 in
1276 481 1497 525 Christo
1522 481 1651 525 Jesu
1677 485 1801 525 ante

241 561 488 611 tempora
516 556 801 599 secularia.

294 628 408 670 XIII.
447 628 507 671 Ut
544 643 642 670 vero
681 628 805 680 hujus
835 627 992 669 decreti
1021 641 1068 668 ac
1099 627 1231 669 divini
1262 627 1429 669 consilii
1456 629 1609 668 natura
1636 625 1802 679 plenius

244 701 489 754 explicetur,
543 699 832 741 definitionem
874 700 963 752 ejus
1005 698 1243 752 pleniorem
1283 713 1585 752 proponemus,
1629 699 1672 739 et
1714 697 1802 749 ejus

242 772 471 825 praecipua
499 770 688 812 membra
717 770 912 824 deinceps
941 770 1288 812 examinabimus.

289 841 403 883 XIV.
433 841 668 883 Definimus
698 855 798 894 ergo
830 840 1080 883 electionem
1106 841 1227 883 illam
1255 844 1473 884 aeternum
1499 844 1628 895 atque
1650 841 1804 883 immu-

242 913 371 954 tabile
400 912 482 954 Dei
509 913 735 964 decretum,
762 927 846 965 quo
872 928 922 954 ex
945 915 1143 956 universo
1162 928 1314 967 genere
1330 913 1532 965 humano,
1550 928 1571 955 e
1587 913 1804 966 primaeva

241 984 488 1037 integritate
526 985 571 1026 in
606 987 829 1038 peccatum
868 988 910 1027 et
940 986 1115 1028 exitium
1146 1001 1220 1028 sua
1250 985 1372 1040 culpa
1399 985 1616 1038 prolapso,
1646 986 1805 1026 certam

242 1055 462 1097 hominum
500 1055 781 1109 singularium
817 1056 1147 1109 multitudinem,
1187 1057 1337 1099 ceteris
1374 1071 1451 1099 nec
1478 1056 1702 1098 meliorum
1728 1068 1806 1096 nec

243 1125 495 1179 digniorum,
527 1142 576 1168 ex
606 1127 696 1168 solo
727 1127 996 1180 beneplacito
1026 1143 1113 1180 suo,
1145 1128 1197 1170 ad
1226 1127 1407 1169 salutem
1434 1127 1479 1168 in
1507 1126 1677 1169 Christo
1702 1126 1730 1168 J
1733 1142 1806 1169 esu

245 1197 373 1250 elegit
385 1213 392 1247 ;
424 1198 677 1250 eosdemque
706 1197 816 1240 Filio
846 1214 922 1241 suo
952 1200 1050 1242 dare
1080 1200 1360 1251 redimendos,
1387 1202 1429 1241 et
1452 1197 1655 1253 peculiari
1678 1199 1806 1249 atque

245 1269 404 1311 efficaci
443 1269 647 1323 operandi
685 1271 810 1312 modo
850 1271 903 1312 ad
939 1271 1066 1313 fidem
1094 1272 1234 1313 vivam
1262 1271 1307 1313 in
1334 1272 1488 1325 ipsum,
1519 1273 1561 1312 et
1587 1271 1632 1312 in
1662 1269 1807 1312 eadem

243 1341 339 1382 viva
371 1341 451 1383 fide
480 1343 840 1394 perseverantiam
870 1345 1041 1395 certam,
1072 1343 1303 1396 perducere
1333 1342 1568 1393 constituit,
1597 1341 1725 1394 idque
1754 1341 1808 1382 ad

244 1411 647 1454 demonstrationem
677 1413 890 1466 gratuitae
920 1429 1021 1456 suae
1048 1414 1376 1466 misericordiae,
1407 1416 1448 1456 et
1475 1413 1645 1455 laudem
1675 1412 1807 1466 glori-

246 1498 342 1526 osae
371 1499 469 1526 suae
499 1485 674 1536 gratiae.

296 1555 390 1597 XV.
420 1555 649 1598 Decretum
678 1557 761 1600 hoc
790 1573 878 1600 esse
905 1574 929 1600 a
942 1573 962 1600 e
973 1561 992 1600 t
1004 1573 1024 1600 e
1037 1574 1134 1600 rnu
1145 1573 1208 1611 m,
1235 1559 1561 1610 demonstratur,
1589 1557 1688 1611 quia
1710 1571 1808 1611 reg-

244 1643 345 1669 num
375 1629 487 1680 quod
515 1628 726 1671 benedicti
754 1630 819 1671 illi
846 1629 989 1672 Patris
1018 1631 1308 1685 possidebunt,
1339 1646 1362 1672 a
1389 1630 1639 1672 fundatione
1662 1629 1809 1671 mundi

243 1700 295 1742 iis
336 1700 418 1742 fuit
458 1704 669 1755 paratum,
713 1701 836 1744 Matt.
881 1703 944 1754 25,
974 1703 1037 1744 34.
1070 1705 1111 1744 et
1141 1702 1330 1744 omnium
1360 1702 1588 1744 clarissime
1616 1701 1669 1743 ad
1697 1700 1808 1754 Eph.

245 1772 280 1824 1,
310 1772 348 1813 4.
385 1772 573 1826 Elegit
601 1788 698 1815 nos
726 1774 779 1815 in
807 1775 928 1827 ipso
959 1777 1084 1816 ante
1109 1775 1260 1827 jacta
1288 1773 1469 1815 mundi
1498 1772 1809 1814 fundamen-

244 1846 320 1895 ta,
352 1846 412 1885 ut
442 1859 678 1887 essemus
707 1847 888 1887 sancti
920 1848 969 1887 et
997 1845 1276 1899 inculpati
1306 1859 1485 1887 coram
1513 1860 1570 1887 eo
1601 1845 1655 1886 in
1677 1844 1810 1886 cari-

245 1917 375 1957 tate

298 1985 410 2028 XVI.
449 1986 521 2028 Im
531 2003 574 2029 m
584 1991 640 2030 ut
652 2004 675 2030 a
686 1989 713 2030 b
724 1990 738 2031 i
749 1989 763 2030 l
774 1989 788 2030 i
798 1991 815 2031 ’s
827 2005 851 2031 a
862 2004 881 2030 s
920 1989 1107 2042 ejusdem
1145 1989 1303 2031 decreti
1342 2004 1392 2031 ex
1424 1988 1517 2043 ipsa
1546 1988 1628 2031 Dei
1656 1991 1811 2030 natura

246 2058 348 2099 satis
392 2058 610 2101 evincitur.
655 2060 737 2109 Qui
781 2060 893 2102 enim
936 2060 1159 2102 consilium
1198 2075 1320 2101 suum
1358 2062 1508 2111 mutat,
1538 2060 1605 2101 vel
1632 2062 1811 2114 propter

247 2128 456 2171 defectum
499 2131 733 2184 sapientiae
775 2132 820 2173 in
860 2131 1143 2183 deliberando,
1181 2132 1247 2173 vel
1284 2134 1463 2186 propter
1493 2130 1705 2174 defectum
1731 2146 1810 2185 po-

245 2200 403 2243 tentiae
443 2202 487 2242 in
526 2203 806 2256 exsequendo,
845 2203 889 2244 id
925 2206 1090 2245 mutare
1119 2203 1248 2253 solet;
1280 2218 1462 2256 quorum
1491 2205 1689 2245 neutrum
1717 2200 1810 2243 Deo

247 2272 336 2313 sine
379 2272 646 2326 blasphemia
689 2274 866 2316 attribui
908 2277 1065 2328 potest,
1108 2274 1218 2316 unde
1257 2276 1299 2316 et
1336 2273 1474 2316 David
1512 2273 1623 2315 Psal.
1652 2274 1716 2325 33,
1748 2273 1810 2314 11.

247 2343 465 2396 exclamat,
511 2343 818 2387 Consilium
859 2345 960 2387 Jeh
975 2360 1101 2387 ovae
1142 2346 1196 2388 in
1236 2345 1475 2388 seculum
1514 2344 1809 2396 consistet,

247 2416 625 2468 cogitationes
655 2418 700 2470 ej
715 2433 772 2459 us
801 2418 854 2459 in
884 2419 1120 2459 aetatem
1148 2419 1199 2459 et
1228 2420 1475 2459 aetatem.

300 2485 436 2529 XVII.
479 2487 519 2528 A
561 2489 741 2530 veritate
783 2489 917 2542 igitur
961 2489 1133 2531 omnino
1179 2489 1316 2531 aliena
1349 2492 1413 2531 est
1440 2489 1514 2530 illa
1545 2487 1812 2541 quorundam

250 2556 412 2609 divisio,
452 2573 536 2610 qua
574 2558 822 2601 electionem
855 2559 1125 2613 distinguunt
1153 2561 1197 2601 in
1227 2560 1483 2613 completam
1514 2562 1555 2601 et
1582 2558 1811 2612 incomple-

248 2628 349 2681 tam,
386 2629 669 2671 revocabilem
707 2633 749 2672 et
777 2630 1109 2672 irrevocabilem.
1139 2630 1247 2679 Quia
1277 2630 1406 2673 Sacra
1435 2629 1657 2683 Scriptura
1683 2643 1812 2671 unam

250 2703 418 2742 tantum
446 2700 696 2743 electionem
726 2705 942 2744 aeternam
969 2702 1100 2753 novit,
1133 2717 1241 2754 quae
1271 2717 1362 2744 cum
1390 2704 1505 2743 certo
1533 2703 1574 2743 et
1597 2700 1812 2742 infallibili

252 2774 403 2812 eventu
432 2787 597 2826 semper
627 2776 691 2815 est
720 2774 945 2826 conjuncta
957 2789 966 2823 ;
996 2773 1350 2825 quemadmodum
1378 2773 1496 2815 locus
1523 2771 1627 2813 Mat.
1656 2771 1719 2823 24,
1747 2770 1810 2811 24.

253 2843 419 2893 evincit,
473 2843 525 2885 Si
577 2844 708 2886 fieri
750 2847 961 2898 posset,
1005 2845 1401 2887 seducerentur
1439 2843 1631 2895 electi,
1670 2844 1711 2884 et
1747 2842 1810 2883 22.

252 2912 484 2966 Propter
523 2914 730 2957 electos
771 2915 1210 2958 decurtabuntur
1249 2916 1384 2967 dies;
1422 2915 1533 2957 item‘
1555 2913 1667 2956 scala
1693 2913 1813 2966 Apo-

252 2984 354 3028 stoli
392 2983 516 3026 Pauli
552 2985 673 3028 Rom.
713 2987 748 3038 8,
779 2988 840 3029 29.
872 2987 982 3037 Quo
997 3002 1016 3029 s
1044 2988 1359 3040 praenovit,
1391 3002 1479 3029 eos
1508 2983 1814 3040 praedesti-
