1931 3224
557 113 620 155 DF.
649 111 923 156 ELEEMOSYNIS
951 128 999 156 nr
1027 113 1217 157 JEJUan.
1585 117 1661 158 391

107 254 217 281 mus
255 239 496 293 quisque.
537 238 616 281 Est
653 240 795 280 autem
832 239 1052 292 proximus
1088 239 1278 292 quilibet,
1309 240 1379 293 qui
1410 242 1555 282 nostra
1585 257 1664 295 ope

106 312 271 365 indiget
301 311 529 353 secundum
557 313 823 364 praesentem
852 312 1024 363 statum,
1055 313 1097 351 et
1127 311 1192 352 cui
1221 312 1489 353 succurrendi
1512 313 1665 364 juvan-

107 383 232 436 dique
269 383 393 425 nobis
433 383 597 424 occasio
639 385 680 423 et
716 381 895 423 facultas
932 382 1172 436 praebetur,
1210 385 1258 423 ut
1296 385 1443 425 contra
1479 383 1665 427 Judaeos

107 453 231 496 docet
260 452 452 494 Christus
481 453 525 494 in
554 453 761 506 parabola
790 453 934 505 saucii,
963 452 1060 495 Luc.
1092 453 1154 505 10,
1184 453 1247 495 30.

158 523 314 566 XXIV.
344 523 512 565 Interea
540 526 683 565 tamen
712 524 939 566 secundum
969 524 1124 578 gradus
1150 525 1460 577 conjunctionis
1486 528 1527 567 et
1552 541 1667 568 com-

104 595 328 646 munionis,
366 595 504 647 major
541 595 771 636 exercenda
810 595 1053 648 benignitas
1089 596 1134 636 in
1172 610 1281 648 suos,
1322 596 1518 639 videlicet
1547 612 1664 639 con-

104 665 457 719 sanguineos,
489 680 641 717 quam
671 665 903 717 alienos,
934 667 955 707 1
981 665 1088 708 Tim.
1115 667 1151 718 5,
1177 667 1215 708 8.
1242 667 1303 708 16.
1330 667 1663 711 domesticos

103 737 237 779 fidei
266 739 316 779 et
346 739 588 788 sanctos,
619 751 747 788 quam
777 735 1046 790 Gentiles,
1078 737 1170 780 Gal.
1199 740 1235 791 6,
1268 739 1331 780 10.
1363 754 1470 792 quae
1496 741 1665 792 quidem

104 808 371 863 φιλαδελφία
402 807 675 863 singulariter
704 807 868 857 dicitur,
897 809 922 848 2
947 807 1038 850 Pet.
1067 810 1101 861 1,
1128 809 1163 851 7.
1189 809 1271 852 Sed
1296 826 1320 852 a
1345 811 1430 852 suis
1454 812 1662 865 incipien-

104 881 202 922 dum
232 880 414 932 quidem,
443 893 530 921 non
558 880 702 919 autem
728 878 773 919 in
802 878 887 919 suis
917 880 1232 922 consistendum
1262 884 1336 923 est.

155 951 288 994 XXV.
324 950 374 992 In
411 951 477 991 his
515 949 711 992 censendi
749 964 836 991 non
875 952 973 991 sunt
1012 950 1275 994 Pastores
1318 955 1368 994 et
1397 953 1663 997 Doctores

102 1023 496 1074 Ecclesiarum,
525 1023 572 1062 ut
603 1021 777 1074 quidam
806 1021 1004 1063 arbitrati
1032 1025 1142 1064 sunt.
1170 1023 1280 1076 Ipsis
1313 1024 1425 1066 enim
1447 1040 1533 1067 non
1558 1026 1664 1068 elee-

101 1109 292 1148 mosyna,
335 1094 407 1136 sed
447 1107 607 1135 merces
648 1093 843 1135 laborum
888 1093 1100 1146 penditur,
1144 1093 1268 1136 Matt.
1307 1096 1369 1148 10,
1409 1097 1470 1138 10.
1510 1098 1531 1138 1
1571 1097 1663 1139 Cor.

102 1167 138 1218 9,
177 1166 215 1207 4.
254 1167 288 1208 7.
330 1167 349 1207 1
382 1165 489 1207 Tim.
521 1165 557 1217 5,
587 1165 626 1206 5.
657 1164 719 1206 18.
750 1164 872 1213 Quod
900 1179 999 1206 vero
1031 1165 1228 1207 mulieres
1260 1167 1465 1219 quaedam
1494 1168 1663 1210 Christo

102 1237 152 1279 de
187 1237 463 1278 facultatibus
493 1236 579 1277 suis
607 1235 871 1278 ministrasse
902 1236 1110 1289 dicuntur,
1141 1236 1238 1279 Luc.
1270 1238 1307 1289 8,
1337 1239 1373 1279 2.
1403 1239 1440 1279 3.
1472 1239 1664 1291 quamvis

100 1308 144 1350 in
172 1308 260 1349 illis
289 1307 518 1362 singularis
546 1307 675 1349 fuerit
704 1307 951 1358 liberalitas,
980 1310 1124 1350 tamen
1154 1309 1206 1350 ab
1236 1309 1318 1351 illis
1346 1309 1451 1363 ipsis
1481 1313 1662 1363 gestum,

101 1382 142 1421 et
179 1379 223 1420 in
262 1379 346 1421 illis
387 1379 684 1421 confirmatum
721 1379 777 1431 id,
808 1379 922 1432 quod
951 1394 1049 1421 suos
1079 1380 1222 1422 docuit
1252 1382 1294 1422 et
1323 1382 1541 1435 praecepit
1569 1382 1662 1424 uni-

102 1451 256 1493 versim
284 1450 487 1499 Christus,
519 1451 540 1491 1
572 1450 665 1492 Cor.
697 1451 734 1502 9,
765 1451 827 1491 14.

152 1522 308 1564 XXVI.
354 1522 540 1564 Tantum
581 1522 632 1564 de
673 1522 878 1575 personis,
921 1522 1022 1564 Res
1065 1538 1164 1565 vero
1207 1523 1327 1576 ipsa
1365 1525 1661 1578 eroganda,

98 1609 185 1636 non
213 1594 257 1636 in
287 1595 377 1637 sola
407 1594 667 1649 erogatione,
698 1594 771 1636 sed
799 1594 843 1636 in
874 1594 989 1636 omni
1018 1609 1099 1648 ope
1124 1597 1166 1637 et
1191 1610 1319 1648 opere
1344 1596 1551 1649 consistit,
1576 1612 1660 1650 quo

97 1666 283 1708 humana
327 1666 564 1719 indigentia
606 1665 864 1718 sublevatur,
909 1669 957 1707 ut
1000 1681 1047 1708 ea
1090 1681 1114 1708 a
1159 1666 1327 1709 Christo
1371 1668 1658 1721 designantur,

97 1752 251 1790 nempe
286 1736 484 1790 frangere
521 1737 723 1779 esurienti
760 1752 927 1791 panem,
965 1739 1117 1791 potum
1146 1738 1256 1779 'dare
1295 1738 1468 1789 sitienti,
1499 1742 1659 1782 vestem

98 1808 212 1850 nudo
251 1809 293 1849 et
324 1807 497 1861 algenti,
529 1810 690 1849 tectum
720 1811 761 1850 et
789 1808 1026 1862 hospitium
1054 1810 1301 1863 peregrino3
1331 1810 1435 1851 item
1464 1812 1658 1866 redemp-

97 1881 259 1923 tionem
297 1879 480 1932 captivo,
520 1880 764 1933 aegrotanti
803 1895 946 1922 curam
984 1883 1213 1933 praestare,
1252 1881 1321 1923 Es.
1361 1882 1423 1933 58,
1469 1883 1502 1924 7.
1533 1882 1657 1925 Matt.

98 1952 162 2004 25,
200 1952 263 1994 35.
301 1951 399 1993 Luc.
438 1951 475 2003 3,
507 1951 569 1992 11.
599 1953 641 1993 et
671 1951 733 2004 14,
765 1952 826 1993 12.
860 1951 976 2001 Quae
1006 1952 1107 1993 alibi
1136 1955 1390 1995 revocantur
1419 1954 1471 1995 ad
1499 1955 1658 1997 victum

98 2027 140 2067 et
167 2023 489 2074 habitationem,
520 2023 541 2064 1
575 2022 682 2065 Tim.
711 2023 750 2076 6,
779 2024 816 2065 8.

150 2094 330 2137 XXVII.
369 2094 470 2138 Non
500 2097 642 2137 autem
671 2095 730 2137 de
761 2096 964 2148 alieno,
996 2110 1051 2137 ac
1081 2096 1291 2149 injuste
1320 2097 1497 2151 partis
1526 2099 1657 2151 (quod

95 2167 199 2209 furti
237 2167 317 2220 est)
355 2167 634 2221 largiendum.
673 2167 823 2220 quue
861 2182 947 2209 non
983 2168 1087 2210 facit
1125 2169 1242 2220 illud,
1283 2167 1471 2211 Facite
1501 2170 1656 2212 vobis

96 2238 300 2281 amicos
339 2238 397 2281 de
434 2238 731 2281 Mammona
768 2239 1118 2292 iniquitatis,
1156 2242 1203 2281 ut
1233 2241 1346 2292 quod
1374 2243 1577 2282 nontam
1607 2242 1657 2283 de

97 2309 249 2363 opibus
283 2310 393 2352 male
421 2310 557 2364 partis
586 2310 909 2363 intelligendum
938 2310 1052 2362 (cum
1081 2310 1182 2351 velit
1210 2310 1326 2352 Deus
1355 2311 1655 2353 liberalitatem

95 2381 226 2423 fluere
255 2396 306 2423 ex
335 2381 454 2423 fonte
481 2380 608 2435 puro)
639 2396 767 2435 quam
797 2382 911 2435 quod
938 2381 1169 2436 plurimum
1198 2383 1354 2436 injuste
1382 2383 1434 2425 iis
1462 2383 1655 2426 homines

96 2452 340 2504 abutantur,
369 2452 468 2495 Luc.
497 2453 561 2505 19,
590 2454 627 2496 8.

148 2522 348 2565 XXVIII.
394 2522 533 2577 Ipsius
578 2538 708 2577 porro
747 2526 1145 2568 communionis
1176 2541 1268 2568 seu
1297 2527 1654 2569 communica-

95 2595 267 2637 tionis
305 2609 603 2649 pauperum
639 2596 823 2638 modus
851 2599 1047 2650 respectu
1077 2597 1272 2638 donantis
1304 2597 1474 2649 quidem
1503 2599 1577 2650 est,
1606 2600 1654 2640 ut

95 2666 166 2709 det
206 2667 386 2721 quisque
428 2681 513 2708 nou
554 2669 722 2709 tantum
763 2668 930 2710 ratione
974 2683 1128 2720 rerum,
1168 2668 1457 2710 secundum
1486 2668 1652 2711 facul-

94 2741 239 2780 tates
276 2753 417 2791 suas,
455 2739 527 2781 sed
565 2739 693 2781 etiam
719 2739 885 2781 ratione
914 2740 1056 2791 animi,
1086 2754 1191 2781 non
1219 2738 1572 2793 hypocritice
1601 2742 1652 2781 et

95 2810 409 2862 ambitiose,
448 2811 491 2852 id
530 2812 606 2862 est,
645 2825 739 2852 cum
776 2825 884 2853 vana
923 2812 1210 2854 ostentatione
1248 2812 1292 2853 in
1331 2813 1479 2865 aperto
1509 2826 1652 2854 coram

94 2880 351 2933 hominibus,
395 2882 448 2923 ad
496 2882 673 2935 gloriam
721 2897 851 2935 suam,
892 2883 965 2925 sed
1003 2884 1217 2925 sincere
1256 2885 1305 2924 et
1341 2883 1393 2924 in
1431 2883 1649 2925 abscon-

96 2952 208 2994 dito
249 2967 390 2994 coram
428 2955 469 2994 et
508 2955 686 3007 propter
722 2953 871 3003 Deum,
900 2953 1023 2995 Matt.
1053 2955 1089 3006 6,
1120 2955 1156 2995 1.
1186 2955 1221 2995 2.
1250 2954 1288 2995 4.
1317 2953 1435 2996 Non
1466 2957 1648 2997 coacte
