<?xml version="1.0" encoding="UTF-8"?>
<!DOCTYPE html PUBLIC "-//W3C//DTD XHTML 1.0 Transitional//EN"
    "http://www.w3.org/TR/xhtml1/DTD/xhtml1-transitional.dtd">
<html xmlns="http://www.w3.org/1999/xhtml" xml:lang="en" lang="en">
 <head>
  <title>
</title>
<meta http-equiv="Content-Type" content="text/html;charset=utf-8" />
  <meta name='ocr-system' content='tesseract 3.04.00' />
  <meta name='ocr-capabilities' content='ocr_page ocr_carea ocr_par ocr_line ocrx_word'/>
</head>
<body>
  <div class='ocr_page' id='page_1' title='image "./synopsispurioris00poly_0388.png"; bbox 0 0 1931 3224; ppageno 0'>
   <div class='ocr_carea' id='block_1_1' title="bbox 251 185 1257 231">
    <p class='ocr_par' dir='ltr' id='par_1_1' title="bbox 251 185 1257 231">
     <span class='ocr_line' id='line_1_1' title="bbox 251 185 1257 231; baseline 0.006 -6"><span class='ocrx_word' id='word_1_1' title='bbox 251 185 329 225; x_wconf 88' lang='grc'>366</span> <span class='ocrx_word' id='word_1_2' title='bbox 809 185 1053 230; x_wconf 76' lang='lat' dir='ltr'>DisPu&#39;rA&#39;rm</span> <span class='ocrx_word' id='word_1_3' title='bbox 1081 188 1257 231; x_wconf 87' lang='lat' dir='ltr'>XXXV.</span> 
     </span>
    </p>
   </div>
   <div class='ocr_carea' id='block_1_2' title="bbox 233 307 1813 3076">
    <p class='ocr_par' dir='ltr' id='par_1_2' title="bbox 248 307 1813 645">
     <span class='ocr_line' id='line_1_2' title="bbox 251 307 1812 368; baseline 0.005 -20"><span class='ocrx_word' id='word_1_4' title='bbox 251 307 372 349; x_wconf 87' lang='lat' dir='ltr'>Talia</span> <span class='ocrx_word' id='word_1_5' title='bbox 396 308 530 349; x_wconf 89' lang='lat' dir='ltr'>multa</span> <span class='ocrx_word' id='word_1_6' title='bbox 556 323 663 360; x_wconf 88' lang='lat' dir='ltr'>quae</span> <span class='ocrx_word' id='word_1_7' title='bbox 686 310 731 351; x_wconf 87' lang='lat' dir='ltr'>in</span> <span class='ocrx_word' id='word_1_8' title='bbox 755 310 912 352; x_wconf 87' lang='lat' dir='ltr'>talibus</span> <span class='ocrx_word' id='word_1_9' title='bbox 937 312 1278 366; x_wconf 72' lang='lat' dir='ltr'>circumstantiis,</span> <span class='ocrx_word' id='word_1_10' title='bbox 1299 314 1407 366; x_wconf 86' lang='lat' dir='ltr'>juris</span> <span class='ocrx_word' id='word_1_11' title='bbox 1431 314 1589 368; x_wconf 84' lang='lat' dir='ltr'>privati</span> <span class='ocrx_word' id='word_1_12' title='bbox 1603 315 1812 356; x_wconf 91' lang='lat' dir='ltr'>rationem</span> 
     </span>
     <span class='ocr_line' id='line_1_3' title="bbox 249 378 1811 436; baseline 0.005 -16"><span class='ocrx_word' id='word_1_13' title='bbox 249 378 421 431; x_wconf 88' lang='lat' dir='ltr'>habent,</span> <span class='ocrx_word' id='word_1_14' title='bbox 462 394 486 420; x_wconf 88' lang='lat' dir='ltr'>a</span> <span class='ocrx_word' id='word_1_15' title='bbox 522 379 643 421; x_wconf 88' lang='lat' dir='ltr'>Mose</span> <span class='ocrx_word' id='word_1_16' title='bbox 671 379 844 422; x_wconf 86' lang='lat' dir='ltr'>fuerunt</span> <span class='ocrx_word' id='word_1_17' title='bbox 873 383 1046 435; x_wconf 89' lang='lat' dir='ltr'>statuta,</span> <span class='ocrx_word' id='word_1_18' title='bbox 1077 398 1185 436; x_wconf 87' lang='lat' dir='ltr'>quae</span> <span class='ocrx_word' id='word_1_19' title='bbox 1214 384 1496 426; x_wconf 88' lang='lat' dir='ltr'>determinata</span> <span class='ocrx_word' id='word_1_20' title='bbox 1524 385 1695 428; x_wconf 87' lang='lat' dir='ltr'>fuerunt</span> <span class='ocrx_word' id='word_1_21' title='bbox 1726 387 1811 428; x_wconf 85' lang='lat' dir='ltr'>sin-</span> 
     </span>
     <span class='ocr_line' id='line_1_4' title="bbox 249 449 1813 510; baseline 0.006 -20"><span class='ocrx_word' id='word_1_22' title='bbox 249 449 388 503; x_wconf 81' lang='lat' dir='ltr'>gulari</span> <span class='ocrx_word' id='word_1_23' title='bbox 421 451 530 503; x_wconf 86' lang='lat' dir='ltr'>jure,</span> <span class='ocrx_word' id='word_1_24' title='bbox 567 451 619 493; x_wconf 91' lang='lat' dir='ltr'>ad</span> <span class='ocrx_word' id='word_1_25' title='bbox 656 453 829 494; x_wconf 88' lang='lat' dir='ltr'>modum</span> <span class='ocrx_word' id='word_1_26' title='bbox 856 452 1134 507; x_wconf 80' lang='lat' dir='ltr'>Reipublicae</span> <span class='ocrx_word' id='word_1_27' title='bbox 1162 455 1377 508; x_wconf 82' lang='lat' dir='ltr'>Judaicae,</span> <span class='ocrx_word' id='word_1_28' title='bbox 1407 456 1489 498; x_wconf 90' lang='lat' dir='ltr'>hoc</span> <span class='ocrx_word' id='word_1_29' title='bbox 1517 460 1580 498; x_wconf 87' lang='lat' dir='ltr'>est</span> <span class='ocrx_word' id='word_1_30' title='bbox 1609 472 1813 510; x_wconf 84' lang='lat' dir='ltr'>persona-</span> 
     </span>
     <span class='ocr_line' id='line_1_5' title="bbox 248 522 1811 580; baseline 0.006 -19"><span class='ocrx_word' id='word_1_31' title='bbox 248 535 354 573; x_wconf 89' lang='lat' dir='ltr'>rum,</span> <span class='ocrx_word' id='word_1_32' title='bbox 393 522 620 576; x_wconf 89' lang='lat' dir='ltr'>actionum,</span> <span class='ocrx_word' id='word_1_33' title='bbox 659 526 701 565; x_wconf 89' lang='lat' dir='ltr'>et</span> <span class='ocrx_word' id='word_1_34' title='bbox 729 524 826 566; x_wconf 89' lang='lat' dir='ltr'>finis</span> <span class='ocrx_word' id='word_1_35' title='bbox 854 525 1138 578; x_wconf 88' lang='lat' dir='ltr'>particularis,</span> <span class='ocrx_word' id='word_1_36' title='bbox 1168 542 1192 568; x_wconf 90' lang='lat' dir='ltr'>a</span> <span class='ocrx_word' id='word_1_37' title='bbox 1223 527 1376 580; x_wconf 89' lang='lat' dir='ltr'>quibus</span> <span class='ocrx_word' id='word_1_38' title='bbox 1409 526 1674 569; x_wconf 86' lang='lat' dir='ltr'>Christianos</span> <span class='ocrx_word' id='word_1_39' title='bbox 1703 527 1811 570; x_wconf 90' lang='lat' dir='ltr'>libe-</span> 
     </span>
     <span class='ocr_line' id='line_1_6' title="bbox 248 596 747 645; baseline 0.006 -12"><span class='ocrx_word' id='word_1_40' title='bbox 248 606 318 634; x_wconf 89' lang='lat' dir='ltr'>ros</span> <span class='ocrx_word' id='word_1_41' title='bbox 350 606 451 645; x_wconf 86' lang='lat' dir='ltr'>esse,</span> <span class='ocrx_word' id='word_1_42' title='bbox 480 596 643 636; x_wconf 85' lang='lat' dir='ltr'>certum</span> <span class='ocrx_word' id='word_1_43' title='bbox 671 597 747 636; x_wconf 91' lang='lat' dir='ltr'>est.</span> 
     </span>
    </p>

    <p class='ocr_par' dir='ltr' id='par_1_3' title="bbox 244 662 1810 1437">
     <span class='ocr_line' id='line_1_7' title="bbox 300 662 1809 723; baseline 0.005 -18"><span class='ocrx_word' id='word_1_44' title='bbox 300 662 455 706; x_wconf 92' lang='lat' dir='ltr'>XXXI.</span> <span class='ocrx_word' id='word_1_45' title='bbox 495 663 540 707; x_wconf 82' lang='lat' dir='ltr'>Si</span> <span class='ocrx_word' id='word_1_46' title='bbox 578 680 685 718; x_wconf 89' lang='lat' dir='ltr'>quae</span> <span class='ocrx_word' id='word_1_47' title='bbox 723 665 808 708; x_wconf 87' lang='lat' dir='ltr'>sint</span> <span class='ocrx_word' id='word_1_48' title='bbox 846 669 989 709; x_wconf 88' lang='lat' dir='ltr'>autem</span> <span class='ocrx_word' id='word_1_49' title='bbox 1018 669 1186 722; x_wconf 83' lang='lat' dir='ltr'>generis</span> <span class='ocrx_word' id='word_1_50' title='bbox 1214 670 1352 723; x_wconf 87' lang='lat' dir='ltr'>mixti,</span> <span class='ocrx_word' id='word_1_51' title='bbox 1381 673 1428 712; x_wconf 90' lang='lat' dir='ltr'>ut</span> <span class='ocrx_word' id='word_1_52' title='bbox 1458 674 1556 712; x_wconf 87' lang='lat' dir='ltr'>sunt</span> <span class='ocrx_word' id='word_1_53' title='bbox 1588 670 1809 723; x_wconf 86' lang='lat' dir='ltr'>nonnulla,</span> 
     </span>
     <span class='ocr_line' id='line_1_8' title="bbox 246 735 1810 790; baseline 0.004 -14"><span class='ocrx_word' id='word_1_54' title='bbox 246 735 423 777; x_wconf 87' lang='lat' dir='ltr'>moralia</span> <span class='ocrx_word' id='word_1_55' title='bbox 450 736 574 778; x_wconf 89' lang='lat' dir='ltr'>simul</span> <span class='ocrx_word' id='word_1_56' title='bbox 605 739 647 779; x_wconf 94' lang='lat' dir='ltr'>et</span> <span class='ocrx_word' id='word_1_57' title='bbox 674 737 864 790; x_wconf 90' lang='lat' dir='ltr'>politica,</span> <span class='ocrx_word' id='word_1_58' title='bbox 893 739 935 780; x_wconf 89' lang='lat' dir='ltr'>in</span> <span class='ocrx_word' id='word_1_59' title='bbox 964 739 1032 781; x_wconf 85' lang='lat' dir='ltr'>his</span> <span class='ocrx_word' id='word_1_60' title='bbox 1063 740 1107 782; x_wconf 77' lang='grc' dir='ltr'>τὸ</span> <span class='ocrx_word' id='word_1_61' title='bbox 1140 739 1274 788; x_wconf 65' lang='grc' dir='ltr'>ἠθικὸν</span> <span class='ocrx_word' id='word_1_62' title='bbox 1304 742 1387 784; x_wconf 70' lang='grc' dir='ltr'>ἀπὸ</span> <span class='ocrx_word' id='word_1_63' title='bbox 1418 746 1485 785; x_wconf 77' lang='grc' dir='ltr'>τοῦ</span> <span class='ocrx_word' id='word_1_64' title='bbox 1516 745 1720 785; x_wconf 76' lang='grc' dir='ltr'><em>πολιτικοῦ</em></span> <span class='ocrx_word' id='word_1_65' title='bbox 1749 742 1810 783; x_wconf 90' lang='lat' dir='ltr'>ita</span> 
     </span>
     <span class='ocr_line' id='line_1_9' title="bbox 248 806 1809 868; baseline 0.006 -21"><span class='ocrx_word' id='word_1_66' title='bbox 248 806 605 861; x_wconf 87' lang='lat' dir='ltr'>distinguendum,</span> <span class='ocrx_word' id='word_1_67' title='bbox 645 811 693 850; x_wconf 88' lang='lat' dir='ltr'>ut</span> <span class='ocrx_word' id='word_1_68' title='bbox 731 810 933 864; x_wconf 87' lang='lat' dir='ltr'>quicquid</span> <span class='ocrx_word' id='word_1_69' title='bbox 968 812 1129 854; x_wconf 90' lang='lat' dir='ltr'>morale</span> <span class='ocrx_word' id='word_1_70' title='bbox 1167 815 1243 865; x_wconf 88' lang='lat' dir='ltr'>est,</span> <span class='ocrx_word' id='word_1_71' title='bbox 1280 828 1527 868; x_wconf 88' lang='lat' dir='ltr'>permanere</span> <span class='ocrx_word' id='word_1_72' title='bbox 1556 814 1809 864; x_wconf 78' lang='lat' dir='ltr'>sentiamus3</span> 
     </span>
     <span class='ocr_line' id='line_1_10' title="bbox 248 878 1806 937; baseline 0.005 -19"><span class='ocrx_word' id='word_1_73' title='bbox 248 878 454 931; x_wconf 89' lang='lat' dir='ltr'>quidquid</span> <span class='ocrx_word' id='word_1_74' title='bbox 502 882 645 922; x_wconf 88' lang='lat' dir='ltr'>autem</span> <span class='ocrx_word' id='word_1_75' title='bbox 689 881 930 935; x_wconf 83' lang='lat' dir='ltr'>politicum,</span> <span class='ocrx_word' id='word_1_76' title='bbox 976 884 1116 936; x_wconf 87' lang='lat' dir='ltr'>quoad</span> <span class='ocrx_word' id='word_1_77' title='bbox 1155 883 1394 937; x_wconf 78' lang='lat' dir='ltr'>singulares</span> <span class='ocrx_word' id='word_1_78' title='bbox 1432 884 1806 926; x_wconf 88' lang='lat' dir='ltr'>determinationes</span> 
     </span>
     <span class='ocr_line' id='line_1_11' title="bbox 245 950 1809 1009; baseline 0.004 -19"><span class='ocrx_word' id='word_1_79' title='bbox 245 963 331 990; x_wconf 90' lang='lat' dir='ltr'>non</span> <span class='ocrx_word' id='word_1_80' title='bbox 362 950 609 1004; x_wconf 83' lang='lat' dir='ltr'>astringere.</span> <span class='ocrx_word' id='word_1_81' title='bbox 641 951 803 1001; x_wconf 79' lang='lat' dir='ltr'>Quibus</span> <span class='ocrx_word' id='word_1_82' title='bbox 832 954 913 995; x_wconf 88' lang='lat' dir='ltr'>rite</span> <span class='ocrx_word' id='word_1_83' title='bbox 942 955 1162 1008; x_wconf 81' lang='lat' dir='ltr'>perpensis</span> <span class='ocrx_word' id='word_1_84' title='bbox 1191 957 1344 1009; x_wconf 87' lang='lat' dir='ltr'>sponte</span> <span class='ocrx_word' id='word_1_85' title='bbox 1372 958 1590 1008; x_wconf 87' lang='lat' dir='ltr'>corruunt,</span> <span class='ocrx_word' id='word_1_86' title='bbox 1619 971 1727 1009; x_wconf 89' lang='lat' dir='ltr'>quae</span> <span class='ocrx_word' id='word_1_87' title='bbox 1755 956 1809 997; x_wconf 90' lang='lat' dir='ltr'>ab</span> 
     </span>
     <span class='ocr_line' id='line_1_12' title="bbox 245 1019 1809 1079; baseline 0.006 -19"><span class='ocrx_word' id='word_1_88' title='bbox 245 1019 543 1074; x_wconf 88' lang='lat' dir='ltr'>Anabaptistis</span> <span class='ocrx_word' id='word_1_89' title='bbox 583 1023 837 1075; x_wconf 87' lang='lat' dir='ltr'>quibusdam</span> <span class='ocrx_word' id='word_1_90' title='bbox 866 1027 907 1067; x_wconf 89' lang='lat' dir='ltr'>et</span> <span class='ocrx_word' id='word_1_91' title='bbox 936 1025 1030 1067; x_wconf 87' lang='lat' dir='ltr'>aliis</span> <span class='ocrx_word' id='word_1_92' title='bbox 1059 1025 1268 1079; x_wconf 85' lang='lat' dir='ltr'>fanaticis,</span> <span class='ocrx_word' id='word_1_93' title='bbox 1298 1029 1514 1069; x_wconf 88' lang='lat' dir='ltr'>exstructa</span> <span class='ocrx_word' id='word_1_94' title='bbox 1542 1026 1714 1069; x_wconf 87' lang='lat' dir='ltr'>fuerunt</span> <span class='ocrx_word' id='word_1_95' title='bbox 1743 1042 1809 1069; x_wconf 88' lang='lat' dir='ltr'>ar-</span> 
     </span>
     <span class='ocr_line' id='line_1_13' title="bbox 247 1093 1809 1151; baseline 0.006 -20"><span class='ocrx_word' id='word_1_96' title='bbox 247 1094 461 1144; x_wconf 85' lang='lat' dir='ltr'>gumenta,</span> <span class='ocrx_word' id='word_1_97' title='bbox 494 1093 647 1145; x_wconf 85' lang='lat' dir='ltr'>quibus</span> <span class='ocrx_word' id='word_1_98' title='bbox 676 1095 793 1149; x_wconf 85' lang='lat' dir='ltr'>leges</span> <span class='ocrx_word' id='word_1_99' title='bbox 822 1095 1037 1138; x_wconf 84' lang='lat' dir='ltr'>Romanas</span> <span class='ocrx_word' id='word_1_100' title='bbox 1062 1099 1135 1139; x_wconf 90' lang='lat' dir='ltr'>aut</span> <span class='ocrx_word' id='word_1_101' title='bbox 1162 1097 1266 1140; x_wconf 88' lang='lat' dir='ltr'>alias</span> <span class='ocrx_word' id='word_1_102' title='bbox 1292 1113 1566 1151; x_wconf 86' lang='lat' dir='ltr'>quascunque</span> <span class='ocrx_word' id='word_1_103' title='bbox 1591 1114 1642 1140; x_wconf 85' lang='lat' dir='ltr'>ex</span> <span class='ocrx_word' id='word_1_104' title='bbox 1666 1097 1809 1140; x_wconf 85' lang='lat' dir='ltr'>Chris-</span> 
     </span>
     <span class='ocr_line' id='line_1_14' title="bbox 245 1162 1808 1222; baseline 0.006 -19"><span class='ocrx_word' id='word_1_105' title='bbox 245 1162 462 1205; x_wconf 89' lang='lat' dir='ltr'>tianorum</span> <span class='ocrx_word' id='word_1_106' title='bbox 488 1163 816 1219; x_wconf 82' lang='lat' dir='ltr'>Rebuspublicis</span> <span class='ocrx_word' id='word_1_107' title='bbox 842 1167 1123 1222; x_wconf 72' lang='lat' dir='ltr'>eliminarent,</span> <span class='ocrx_word' id='word_1_108' title='bbox 1150 1172 1199 1211; x_wconf 90' lang='lat' dir='ltr'>ut</span> <span class='ocrx_word' id='word_1_109' title='bbox 1221 1170 1266 1211; x_wconf 89' lang='lat' dir='ltr'>in</span> <span class='ocrx_word' id='word_1_110' title='bbox 1293 1169 1428 1211; x_wconf 86' lang='lat' dir='ltr'>causis</span> <span class='ocrx_word' id='word_1_111' title='bbox 1453 1169 1646 1211; x_wconf 85' lang='lat' dir='ltr'>civilibus</span> <span class='ocrx_word' id='word_1_112' title='bbox 1661 1184 1808 1212; x_wconf 87' lang='lat' dir='ltr'>secun—</span> 
     </span>
     <span class='ocr_line' id='line_1_15' title="bbox 247 1234 1809 1295; baseline 0.005 -19"><span class='ocrx_word' id='word_1_113' title='bbox 247 1234 347 1276; x_wconf 88' lang='lat' dir='ltr'>dum</span> <span class='ocrx_word' id='word_1_114' title='bbox 397 1235 514 1289; x_wconf 86' lang='lat' dir='ltr'>leges</span> <span class='ocrx_word' id='word_1_115' title='bbox 562 1236 696 1279; x_wconf 88' lang='lat' dir='ltr'>Mosis</span> <span class='ocrx_word' id='word_1_116' title='bbox 746 1237 950 1292; x_wconf 83' lang='lat' dir='ltr'>forenses,</span> <span class='ocrx_word' id='word_1_117' title='bbox 996 1241 1215 1294; x_wconf 86' lang='lat' dir='ltr'>judicandi</span> <span class='ocrx_word' id='word_1_118' title='bbox 1263 1242 1560 1284; x_wconf 88' lang='lat' dir='ltr'>necessitatem</span> <span class='ocrx_word' id='word_1_119' title='bbox 1596 1241 1809 1295; x_wconf 85' lang='lat' dir='ltr'>judicibus</span> 
     </span>
     <span class='ocr_line' id='line_1_16' title="bbox 244 1306 1807 1366; baseline 0.005 -19"><span class='ocrx_word' id='word_1_120' title='bbox 244 1306 524 1361; x_wconf 85' lang='lat' dir='ltr'>imponerent,</span> <span class='ocrx_word' id='word_1_121' title='bbox 554 1323 661 1361; x_wconf 88' lang='lat' dir='ltr'>quae</span> <span class='ocrx_word' id='word_1_122' title='bbox 690 1311 900 1352; x_wconf 86' lang='lat' dir='ltr'>sententia</span> <span class='ocrx_word' id='word_1_123' title='bbox 927 1326 1014 1354; x_wconf 89' lang='lat' dir='ltr'>non</span> <span class='ocrx_word' id='word_1_124' title='bbox 1043 1312 1181 1355; x_wconf 88' lang='lat' dir='ltr'>solum</span> <span class='ocrx_word' id='word_1_125' title='bbox 1210 1313 1450 1366; x_wconf 86' lang='lat' dir='ltr'>periculosa</span> <span class='ocrx_word' id='word_1_126' title='bbox 1481 1315 1522 1355; x_wconf 88' lang='lat' dir='ltr'>et</span> <span class='ocrx_word' id='word_1_127' title='bbox 1549 1313 1807 1365; x_wconf 88' lang='lat' dir='ltr'>turbulenta,</span> 
     </span>
     <span class='ocr_line' id='line_1_17' title="bbox 245 1377 1524 1437; baseline 0.006 -19"><span class='ocrx_word' id='word_1_128' title='bbox 245 1377 318 1419; x_wconf 89' lang='lat' dir='ltr'>sed</span> <span class='ocrx_word' id='word_1_129' title='bbox 347 1378 475 1419; x_wconf 90' lang='lat' dir='ltr'>etiam</span> <span class='ocrx_word' id='word_1_130' title='bbox 503 1379 610 1421; x_wconf 88' lang='lat' dir='ltr'>falsa</span> <span class='ocrx_word' id='word_1_131' title='bbox 641 1383 682 1422; x_wconf 90' lang='lat' dir='ltr'>et</span> <span class='ocrx_word' id='word_1_132' title='bbox 712 1381 869 1424; x_wconf 88' lang='lat' dir='ltr'>stolida</span> <span class='ocrx_word' id='word_1_133' title='bbox 898 1383 1052 1425; x_wconf 90' lang='lat' dir='ltr'>merito</span> <span class='ocrx_word' id='word_1_134' title='bbox 1082 1399 1107 1424; x_wconf 87' lang='lat' dir='ltr'>a</span> <span class='ocrx_word' id='word_1_135' title='bbox 1137 1384 1272 1426; x_wconf 90' lang='lat' dir='ltr'>doctis</span> <span class='ocrx_word' id='word_1_136' title='bbox 1297 1385 1524 1437; x_wconf 87' lang='lat' dir='ltr'>judicatur.</span> 
     </span>
    </p>

    <p class='ocr_par' dir='ltr' id='par_1_4' title="bbox 235 1448 1806 2571">
     <span class='ocr_line' id='line_1_18' title="bbox 296 1448 1806 1509; baseline 0.005 -19"><span class='ocrx_word' id='word_1_137' title='bbox 296 1448 473 1492; x_wconf 88' lang='lat' dir='ltr'>XXXII.</span> <span class='ocrx_word' id='word_1_138' title='bbox 512 1450 716 1505; x_wconf 80' lang='lat' dir='ltr'>Superest</span> <span class='ocrx_word' id='word_1_139' title='bbox 754 1455 803 1494; x_wconf 90' lang='lat' dir='ltr'>ut</span> <span class='ocrx_word' id='word_1_140' title='bbox 840 1454 890 1495; x_wconf 92' lang='lat' dir='ltr'>de</span> <span class='ocrx_word' id='word_1_141' title='bbox 919 1454 1001 1496; x_wconf 88' lang='lat' dir='ltr'>alio</span> <span class='ocrx_word' id='word_1_142' title='bbox 1031 1455 1167 1508; x_wconf 86' lang='lat' dir='ltr'>gradu</span> <span class='ocrx_word' id='word_1_143' title='bbox 1194 1455 1406 1498; x_wconf 82' lang='lat' dir='ltr'>libertatis</span> <span class='ocrx_word' id='word_1_144' title='bbox 1435 1456 1635 1509; x_wconf 84' lang='lat' dir='ltr'>propriae</span> <span class='ocrx_word' id='word_1_145' title='bbox 1664 1455 1806 1497; x_wconf 84' lang='lat' dir='ltr'>Chris-</span> 
     </span>
     <span class='ocr_line' id='line_1_19' title="bbox 243 1520 1806 1579; baseline 0.005 -18"><span class='ocrx_word' id='word_1_146' title='bbox 243 1520 384 1562; x_wconf 83' lang='lat' dir='ltr'>tianae</span> <span class='ocrx_word' id='word_1_147' title='bbox 422 1536 611 1575; x_wconf 79' lang='lat' dir='ltr'>agamus,</span> <span class='ocrx_word' id='word_1_148' title='bbox 651 1538 725 1566; x_wconf 85' lang='lat' dir='ltr'>seu</span> <span class='ocrx_word' id='word_1_149' title='bbox 762 1525 813 1567; x_wconf 90' lang='lat' dir='ltr'>de</span> <span class='ocrx_word' id='word_1_150' title='bbox 850 1540 898 1567; x_wconf 88' lang='lat' dir='ltr'>ea</span> <span class='ocrx_word' id='word_1_151' title='bbox 935 1528 1069 1579; x_wconf 86' lang='lat' dir='ltr'>parte,</span> <span class='ocrx_word' id='word_1_152' title='bbox 1110 1541 1219 1579; x_wconf 88' lang='lat' dir='ltr'>quae</span> <span class='ocrx_word' id='word_1_153' title='bbox 1255 1530 1449 1569; x_wconf 83' lang='lat' dir='ltr'>versatur</span> <span class='ocrx_word' id='word_1_154' title='bbox 1488 1527 1599 1569; x_wconf 85' lang='lat' dir='ltr'>circa</span> <span class='ocrx_word' id='word_1_155' title='bbox 1626 1526 1806 1569; x_wconf 88' lang='lat' dir='ltr'>liberum</span> 
     </span>
     <span class='ocr_line' id='line_1_20' title="bbox 243 1591 1804 1650; baseline 0.005 -18"><span class='ocrx_word' id='word_1_156' title='bbox 243 1591 491 1634; x_wconf 82' lang='lat' dir='ltr'>exercitium</span> <span class='ocrx_word' id='word_1_157' title='bbox 520 1596 562 1636; x_wconf 88' lang='lat' dir='ltr'>et</span> <span class='ocrx_word' id='word_1_158' title='bbox 590 1609 713 1636; x_wconf 90' lang='lat' dir='ltr'>usum</span> <span class='ocrx_word' id='word_1_159' title='bbox 741 1610 883 1637; x_wconf 91' lang='lat' dir='ltr'>rerum</span> <span class='ocrx_word' id='word_1_160' title='bbox 910 1596 1245 1639; x_wconf 86' lang='lat' dir='ltr'>indifferentium</span> <span class='ocrx_word' id='word_1_161' title='bbox 1274 1598 1361 1640; x_wconf 86' lang='lat' dir='ltr'>sive</span> <span class='ocrx_word' id='word_1_162' title='bbox 1390 1598 1639 1650; x_wconf 88' lang='lat' dir='ltr'>mediarum,</span> <span class='ocrx_word' id='word_1_163' title='bbox 1662 1598 1706 1639; x_wconf 92' lang='lat' dir='ltr'>id</span> <span class='ocrx_word' id='word_1_164' title='bbox 1730 1600 1804 1650; x_wconf 89' lang='lat' dir='ltr'>est,</span> 
     </span>
     <span class='ocr_line' id='line_1_21' title="bbox 243 1667 1806 1722; baseline 0.004 -16"><span class='ocrx_word' id='word_1_165' title='bbox 243 1678 350 1716; x_wconf 90' lang='lat' dir='ltr'>quae</span> <span class='ocrx_word' id='word_1_166' title='bbox 389 1668 541 1719; x_wconf 89' lang='lat' dir='ltr'>suapte</span> <span class='ocrx_word' id='word_1_167' title='bbox 579 1668 732 1708; x_wconf 89' lang='lat' dir='ltr'>natura</span> <span class='ocrx_word' id='word_1_168' title='bbox 769 1682 846 1710; x_wconf 87' lang='lat' dir='ltr'>nec</span> <span class='ocrx_word' id='word_1_169' title='bbox 882 1667 1020 1711; x_wconf 90' lang='lat' dir='ltr'>bonae</span> <span class='ocrx_word' id='word_1_170' title='bbox 1058 1683 1136 1711; x_wconf 90' lang='lat' dir='ltr'>nec</span> <span class='ocrx_word' id='word_1_171' title='bbox 1173 1669 1310 1711; x_wconf 89' lang='lat' dir='ltr'>malae</span> <span class='ocrx_word' id='word_1_172' title='bbox 1341 1671 1440 1711; x_wconf 88' lang='lat' dir='ltr'>sunt</span> <span class='ocrx_word' id='word_1_173' title='bbox 1467 1670 1699 1722; x_wconf 88' lang='lat' dir='ltr'>moraliter,</span> <span class='ocrx_word' id='word_1_174' title='bbox 1728 1685 1806 1712; x_wconf 87' lang='lat' dir='ltr'>nec</span> 
     </span>
     <span class='ocr_line' id='line_1_22' title="bbox 240 1734 1803 1794; baseline 0.004 -18"><span class='ocrx_word' id='word_1_175' title='bbox 240 1734 327 1777; x_wconf 90' lang='lat' dir='ltr'>ulla</span> <span class='ocrx_word' id='word_1_176' title='bbox 355 1735 450 1789; x_wconf 81' lang='lat' dir='ltr'>lege</span> <span class='ocrx_word' id='word_1_177' title='bbox 478 1737 724 1791; x_wconf 90' lang='lat' dir='ltr'>prohibitae</span> <span class='ocrx_word' id='word_1_178' title='bbox 752 1741 826 1780; x_wconf 89' lang='lat' dir='ltr'>aut</span> <span class='ocrx_word' id='word_1_179' title='bbox 852 1739 1101 1793; x_wconf 86' lang='lat' dir='ltr'>imperatae,</span> <span class='ocrx_word' id='word_1_180' title='bbox 1133 1755 1182 1783; x_wconf 88' lang='lat' dir='ltr'>ac</span> <span class='ocrx_word' id='word_1_181' title='bbox 1209 1741 1387 1794; x_wconf 86' lang='lat' dir='ltr'>proinde</span> <span class='ocrx_word' id='word_1_182' title='bbox 1418 1741 1572 1794; x_wconf 85' lang='lat' dir='ltr'>quibus</span> <span class='ocrx_word' id='word_1_183' title='bbox 1596 1741 1663 1783; x_wconf 89' lang='lat' dir='ltr'>vel</span> <span class='ocrx_word' id='word_1_184' title='bbox 1685 1741 1803 1794; x_wconf 90' lang='lat' dir='ltr'>bene,</span> 
     </span>
     <span class='ocr_line' id='line_1_23' title="bbox 241 1806 1805 1866; baseline 0.004 -19"><span class='ocrx_word' id='word_1_185' title='bbox 241 1806 307 1848; x_wconf 89' lang='lat' dir='ltr'>vel</span> <span class='ocrx_word' id='word_1_186' title='bbox 341 1807 453 1850; x_wconf 89' lang='lat' dir='ltr'>male</span> <span class='ocrx_word' id='word_1_187' title='bbox 490 1809 566 1861; x_wconf 89' lang='lat' dir='ltr'>uti,</span> <span class='ocrx_word' id='word_1_188' title='bbox 607 1808 675 1851; x_wconf 89' lang='lat' dir='ltr'>vel</span> <span class='ocrx_word' id='word_1_189' title='bbox 712 1810 838 1862; x_wconf 86' lang='lat' dir='ltr'>plane</span> <span class='ocrx_word' id='word_1_190' title='bbox 874 1825 961 1852; x_wconf 88' lang='lat' dir='ltr'>non</span> <span class='ocrx_word' id='word_1_191' title='bbox 997 1811 1061 1853; x_wconf 92' lang='lat' dir='ltr'>uti</span> <span class='ocrx_word' id='word_1_192' title='bbox 1099 1812 1194 1864; x_wconf 87' lang='lat' dir='ltr'>quis</span> <span class='ocrx_word' id='word_1_193' title='bbox 1232 1813 1389 1865; x_wconf 87' lang='lat' dir='ltr'>possit;</span> <span class='ocrx_word' id='word_1_194' title='bbox 1420 1813 1538 1865; x_wconf 87' lang='lat' dir='ltr'>cujus</span> <span class='ocrx_word' id='word_1_195' title='bbox 1569 1813 1705 1866; x_wconf 87' lang='lat' dir='ltr'>partis</span> <span class='ocrx_word' id='word_1_196' title='bbox 1735 1827 1805 1854; x_wconf 92' lang='lat' dir='ltr'>co-</span> 
     </span>
     <span class='ocr_line' id='line_1_24' title="bbox 242 1877 1806 1937; baseline 0.004 -18"><span class='ocrx_word' id='word_1_197' title='bbox 242 1877 378 1930; x_wconf 82' lang='lat' dir='ltr'>gnitio</span> <span class='ocrx_word' id='word_1_198' title='bbox 416 1894 625 1933; x_wconf 87' lang='lat' dir='ltr'>perquam</span> <span class='ocrx_word' id='word_1_199' title='bbox 662 1882 900 1924; x_wconf 88' lang='lat' dir='ltr'>necessaria</span> <span class='ocrx_word' id='word_1_200' title='bbox 939 1885 1013 1934; x_wconf 88' lang='lat' dir='ltr'>est,</span> <span class='ocrx_word' id='word_1_201' title='bbox 1045 1898 1141 1925; x_wconf 90' lang='lat' dir='ltr'>cum</span> <span class='ocrx_word' id='word_1_202' title='bbox 1169 1883 1224 1925; x_wconf 90' lang='lat' dir='ltr'>ad</span> <span class='ocrx_word' id='word_1_203' title='bbox 1252 1883 1603 1937; x_wconf 84' lang='lat' dir='ltr'>desperationem,</span> <span class='ocrx_word' id='word_1_204' title='bbox 1632 1886 1722 1926; x_wconf 90' lang='lat' dir='ltr'>tum</span> <span class='ocrx_word' id='word_1_205' title='bbox 1753 1884 1806 1926; x_wconf 90' lang='lat' dir='ltr'>ad</span> 
     </span>
     <span class='ocr_line' id='line_1_25' title="bbox 240 1951 1804 2003; baseline 0.004 -13"><span class='ocrx_word' id='word_1_206' title='bbox 240 1951 590 2003; x_wconf 85' lang='lat' dir='ltr'>superstitionem</span> <span class='ocrx_word' id='word_1_207' title='bbox 618 1952 862 1995; x_wconf 88' lang='lat' dir='ltr'>tollendam.</span> <span class='ocrx_word' id='word_1_208' title='bbox 891 1952 1005 1995; x_wconf 90' lang='lat' dir='ltr'>Nam</span> <span class='ocrx_word' id='word_1_209' title='bbox 1033 1954 1107 1995; x_wconf 90' lang='lat' dir='ltr'>ubi</span> <span class='ocrx_word' id='word_1_210' title='bbox 1135 1954 1358 1996; x_wconf 89' lang='lat' dir='ltr'>hominum</span> <span class='ocrx_word' id='word_1_211' title='bbox 1383 1955 1513 1996; x_wconf 90' lang='lat' dir='ltr'>animi</span> <span class='ocrx_word' id='word_1_212' title='bbox 1537 1955 1804 1998; x_wconf 86' lang='lat' dir='ltr'>dubitatione</span> 
     </span>
     <span class='ocr_line' id='line_1_26' title="bbox 240 2021 1802 2075; baseline 0.004 -14"><span class='ocrx_word' id='word_1_213' title='bbox 240 2023 338 2062; x_wconf 88' lang='lat' dir='ltr'>sunt</span> <span class='ocrx_word' id='word_1_214' title='bbox 366 2021 577 2075; x_wconf 91' lang='lat' dir='ltr'>impliciti,</span> <span class='ocrx_word' id='word_1_215' title='bbox 608 2023 707 2065; x_wconf 90' lang='lat' dir='ltr'>dum</span> <span class='ocrx_word' id='word_1_216' title='bbox 738 2025 1070 2066; x_wconf 88' lang='lat' dir='ltr'>controvertitur</span> <span class='ocrx_word' id='word_1_217' title='bbox 1096 2040 1200 2067; x_wconf 89' lang='lat' dir='ltr'>num</span> <span class='ocrx_word' id='word_1_218' title='bbox 1227 2025 1293 2066; x_wconf 89' lang='lat' dir='ltr'>his</span> <span class='ocrx_word' id='word_1_219' title='bbox 1322 2028 1396 2067; x_wconf 90' lang='lat' dir='ltr'>aut</span> <span class='ocrx_word' id='word_1_220' title='bbox 1423 2026 1507 2068; x_wconf 93' lang='lat' dir='ltr'>illis</span> <span class='ocrx_word' id='word_1_221' title='bbox 1536 2026 1662 2068; x_wconf 84' lang='lat' dir='ltr'>rebus</span> <span class='ocrx_word' id='word_1_222' title='bbox 1687 2026 1802 2069; x_wconf 89' lang='lat' dir='ltr'>Deus</span> 
     </span>
     <span class='ocr_line' id='line_1_27' title="bbox 240 2093 1803 2151; baseline 0.004 -18"><span class='ocrx_word' id='word_1_223' title='bbox 240 2105 318 2133; x_wconf 86' lang='lat' dir='ltr'>nos</span> <span class='ocrx_word' id='word_1_224' title='bbox 361 2093 425 2133; x_wconf 90' lang='lat' dir='ltr'>uti</span> <span class='ocrx_word' id='word_1_225' title='bbox 467 2093 591 2145; x_wconf 82' lang='lat' dir='ltr'>velit;</span> <span class='ocrx_word' id='word_1_226' title='bbox 637 2095 755 2147; x_wconf 88' lang='lat' dir='ltr'>cujus</span> <span class='ocrx_word' id='word_1_227' title='bbox 798 2096 996 2137; x_wconf 82' lang='lat' dir='ltr'>voluntas</span> <span class='ocrx_word' id='word_1_228' title='bbox 1040 2096 1237 2138; x_wconf 88' lang='lat' dir='ltr'>omnibus</span> <span class='ocrx_word' id='word_1_229' title='bbox 1280 2096 1405 2138; x_wconf 84' lang='lat' dir='ltr'>factis</span> <span class='ocrx_word' id='word_1_230' title='bbox 1442 2098 1600 2138; x_wconf 89' lang='lat' dir='ltr'>nostris</span> <span class='ocrx_word' id='word_1_231' title='bbox 1637 2099 1803 2151; x_wconf 88' lang='lat' dir='ltr'>praeire</span> 
     </span>
     <span class='ocr_line' id='line_1_28' title="bbox 240 2162 1802 2222; baseline 0.003 -18"><span class='ocrx_word' id='word_1_232' title='bbox 240 2162 384 2214; x_wconf 83' lang='lat' dir='ltr'>debet3</span> <span class='ocrx_word' id='word_1_233' title='bbox 422 2164 505 2206; x_wconf 89' lang='lat' dir='ltr'>nisi</span> <span class='ocrx_word' id='word_1_234' title='bbox 543 2168 824 2218; x_wconf 85' lang='lat' dir='ltr'>succurratur,</span> <span class='ocrx_word' id='word_1_235' title='bbox 852 2166 989 2209; x_wconf 86' lang='lat' dir='ltr'>facilis</span> <span class='ocrx_word' id='word_1_236' title='bbox 1020 2170 1083 2209; x_wconf 86' lang='lat' dir='ltr'>est</span> <span class='ocrx_word' id='word_1_237' title='bbox 1111 2168 1155 2209; x_wconf 90' lang='lat' dir='ltr'>in</span> <span class='ocrx_word' id='word_1_238' title='bbox 1184 2168 1448 2210; x_wconf 87' lang='lat' dir='ltr'>omnimodas</span> <span class='ocrx_word' id='word_1_239' title='bbox 1477 2168 1802 2222; x_wconf 87' lang='lat' dir='ltr'>superstitiones</span> 
     </span>
     <span class='ocr_line' id='line_1_29' title="bbox 237 2233 1801 2294; baseline 0.006 -20"><span class='ocrx_word' id='word_1_240' title='bbox 237 2233 393 2288; x_wconf 88' lang='lat' dir='ltr'>lapsus.</span> <span class='ocrx_word' id='word_1_241' title='bbox 432 2234 583 2288; x_wconf 86' lang='lat' dir='ltr'>Itaque</span> <span class='ocrx_word' id='word_1_242' title='bbox 621 2238 689 2279; x_wconf 89' lang='lat' dir='ltr'>cui</span> <span class='ocrx_word' id='word_1_243' title='bbox 726 2238 949 2292; x_wconf 89' lang='lat' dir='ltr'>scrupulus</span> <span class='ocrx_word' id='word_1_244' title='bbox 978 2238 1108 2281; x_wconf 85' lang='lat' dir='ltr'>fuerit</span> <span class='ocrx_word' id='word_1_245' title='bbox 1136 2240 1265 2282; x_wconf 87' lang='lat' dir='ltr'>semel</span> <span class='ocrx_word' id='word_1_246' title='bbox 1293 2240 1473 2294; x_wconf 84' lang='lat' dir='ltr'>injectus</span> <span class='ocrx_word' id='word_1_247' title='bbox 1502 2241 1547 2282; x_wconf 93' lang='lat' dir='ltr'>in</span> <span class='ocrx_word' id='word_1_248' title='bbox 1575 2255 1654 2282; x_wconf 90' lang='lat' dir='ltr'>usu</span> <span class='ocrx_word' id='word_1_249' title='bbox 1680 2240 1801 2283; x_wconf 88' lang='lat' dir='ltr'>lanae</span> 
     </span>
     <span class='ocr_line' id='line_1_30' title="bbox 237 2305 1800 2363; baseline 0.005 -17"><span class='ocrx_word' id='word_1_250' title='bbox 237 2307 312 2346; x_wconf 90' lang='lat' dir='ltr'>aut</span> <span class='ocrx_word' id='word_1_251' title='bbox 345 2305 436 2358; x_wconf 91' lang='lat' dir='ltr'>lini,</span> <span class='ocrx_word' id='word_1_252' title='bbox 465 2321 542 2349; x_wconf 88' lang='lat' dir='ltr'>nec</span> <span class='ocrx_word' id='word_1_253' title='bbox 572 2307 621 2349; x_wconf 89' lang='lat' dir='ltr'>de</span> <span class='ocrx_word' id='word_1_254' title='bbox 652 2308 840 2351; x_wconf 89' lang='lat' dir='ltr'>cannabe</span> <span class='ocrx_word' id='word_1_255' title='bbox 867 2311 1019 2363; x_wconf 88' lang='lat' dir='ltr'>postea</span> <span class='ocrx_word' id='word_1_256' title='bbox 1048 2325 1218 2352; x_wconf 89' lang='lat' dir='ltr'>securus</span> <span class='ocrx_word' id='word_1_257' title='bbox 1248 2311 1349 2362; x_wconf 86' lang='lat' dir='ltr'>erit3</span> <span class='ocrx_word' id='word_1_258' title='bbox 1380 2313 1453 2353; x_wconf 88' lang='lat' dir='ltr'>aut</span> <span class='ocrx_word' id='word_1_259' title='bbox 1484 2312 1520 2353; x_wconf 87' lang='lat' dir='ltr'>si</span> <span class='ocrx_word' id='word_1_260' title='bbox 1547 2311 1639 2353; x_wconf 87' lang='lat' dir='ltr'>luce</span> <span class='ocrx_word' id='word_1_261' title='bbox 1669 2311 1800 2354; x_wconf 86' lang='lat' dir='ltr'>divini</span> 
     </span>
     <span class='ocr_line' id='line_1_31' title="bbox 238 2376 1800 2437; baseline 0.006 -20"><span class='ocrx_word' id='word_1_262' title='bbox 238 2376 357 2418; x_wconf 87' lang='lat' dir='ltr'>verbi</span> <span class='ocrx_word' id='word_1_263' title='bbox 396 2381 549 2430; x_wconf 87' lang='lat' dir='ltr'>careat,</span> <span class='ocrx_word' id='word_1_264' title='bbox 587 2381 629 2421; x_wconf 92' lang='lat' dir='ltr'>et</span> <span class='ocrx_word' id='word_1_265' title='bbox 666 2381 812 2422; x_wconf 88' lang='lat' dir='ltr'>tamen</span> <span class='ocrx_word' id='word_1_266' title='bbox 849 2381 1058 2435; x_wconf 87' lang='lat' dir='ltr'>scrupulis</span> <span class='ocrx_word' id='word_1_267' title='bbox 1088 2397 1172 2424; x_wconf 92' lang='lat' dir='ltr'>non</span> <span class='ocrx_word' id='word_1_268' title='bbox 1204 2385 1440 2435; x_wconf 87' lang='lat' dir='ltr'>moveatur,</span> <span class='ocrx_word' id='word_1_269' title='bbox 1469 2383 1652 2437; x_wconf 85' lang='lat' dir='ltr'>profana</span> <span class='ocrx_word' id='word_1_270' title='bbox 1681 2398 1800 2426; x_wconf 85' lang='lat' dir='ltr'>secu-</span> 
     </span>
     <span class='ocr_line' id='line_1_32' title="bbox 236 2444 1800 2509; baseline 0.006 -20"><span class='ocrx_word' id='word_1_271' title='bbox 236 2448 376 2500; x_wconf 88' lang='lat' dir='ltr'>ritate,</span> <span class='ocrx_word' id='word_1_272' title='bbox 423 2449 589 2503; x_wconf 85' lang='lat' dir='ltr'>abjecto</span> <span class='ocrx_word' id='word_1_273' title='bbox 638 2450 721 2493; x_wconf 85' lang='lat' dir='ltr'>Dei</span> <span class='ocrx_word' id='word_1_274' title='bbox 760 2451 925 2505; x_wconf 88' lang='lat' dir='ltr'>timore,</span> <span class='ocrx_word' id='word_1_275' title='bbox 964 2453 1088 2507; x_wconf 83' lang='lat' dir='ltr'>viam,</span> <span class='ocrx_word' id='word_1_276' title='bbox 1127 2469 1254 2508; x_wconf 89' lang='lat' dir='ltr'>quam</span> <span class='ocrx_word' id='word_1_277' title='bbox 1293 2454 1535 2509; x_wconf 85' lang='lat' dir='ltr'>expeditam</span> <span class='ocrx_word' id='word_1_278' title='bbox 1572 2444 1676 2498; x_wconf 88' lang='lat' dir='ltr'>alias</span> <span class='ocrx_word' id='word_1_279' title='bbox 1714 2470 1800 2498; x_wconf 89' lang='lat' dir='ltr'>non</span> 
     </span>
     <span class='ocr_line' id='line_1_33' title="bbox 235 2519 1728 2571; baseline 0.009 -11"><span class='ocrx_word' id='word_1_280' title='bbox 235 2519 408 2571; x_wconf 89' lang='lat' dir='ltr'>videbit,</span> <span class='ocrx_word' id='word_1_281' title='bbox 439 2520 520 2562; x_wconf 91' lang='lat' dir='ltr'>sibi</span> <span class='ocrx_word' id='word_1_282' title='bbox 546 2521 669 2563; x_wconf 90' lang='lat' dir='ltr'>ruina</span> <span class='ocrx_word' id='word_1_283' title='bbox 697 2521 838 2565; x_wconf 78' lang='lat' dir='ltr'>faciet.</span> <span class='ocrx_word' id='word_1_284' title='bbox 1726 2539 1728 2541; x_wconf 76' lang='grc'><strong><em>’</em></strong></span> 
     </span>
    </p>

    <p class='ocr_par' dir='ltr' id='par_1_5' title="bbox 233 2590 1799 3076">
     <span class='ocr_line' id='line_1_34' title="bbox 287 2590 1799 2651; baseline 0.006 -19"><span class='ocrx_word' id='word_1_285' title='bbox 287 2590 488 2634; x_wconf 81' lang='lat' dir='ltr'>XXXIII.</span> <span class='ocrx_word' id='word_1_286' title='bbox 531 2591 636 2635; x_wconf 83' lang='lat' dir='ltr'>Cum</span> <span class='ocrx_word' id='word_1_287' title='bbox 672 2593 805 2647; x_wconf 83' lang='lat' dir='ltr'>igitur</span> <span class='ocrx_word' id='word_1_288' title='bbox 842 2594 1056 2651; x_wconf 69' lang='grc' dir='ltr'>ἀδιάφοροι</span> <span class='ocrx_word' id='word_1_289' title='bbox 1099 2612 1185 2639; x_wconf 90' lang='lat' dir='ltr'>non</span> <span class='ocrx_word' id='word_1_290' title='bbox 1227 2612 1304 2651; x_wconf 88' lang='lat' dir='ltr'>per</span> <span class='ocrx_word' id='word_1_291' title='bbox 1345 2611 1389 2640; x_wconf 88' lang='lat' dir='ltr'>se</span> <span class='ocrx_word' id='word_1_292' title='bbox 1431 2597 1544 2640; x_wconf 89' lang='lat' dir='ltr'>bona</span> <span class='ocrx_word' id='word_1_293' title='bbox 1584 2598 1653 2641; x_wconf 86' lang='lat' dir='ltr'>vel</span> <span class='ocrx_word' id='word_1_294' title='bbox 1687 2598 1799 2640; x_wconf 88' lang='lat' dir='ltr'>mala</span> 
     </span>
     <span class='ocr_line' id='line_1_35' title="bbox 236 2665 1797 2722; baseline 0.004 -18"><span class='ocrx_word' id='word_1_295' title='bbox 236 2666 498 2716; x_wconf 84' lang='lat' dir='ltr'>censeantur,</span> <span class='ocrx_word' id='word_1_296' title='bbox 538 2665 611 2706; x_wconf 90' lang='lat' dir='ltr'>sed</span> <span class='ocrx_word' id='word_1_297' title='bbox 649 2679 701 2707; x_wconf 86' lang='lat' dir='ltr'>ex</span> <span class='ocrx_word' id='word_1_298' title='bbox 740 2681 840 2708; x_wconf 90' lang='lat' dir='ltr'>usus</span> <span class='ocrx_word' id='word_1_299' title='bbox 869 2666 1061 2720; x_wconf 87' lang='lat' dir='ltr'>ipsorum</span> <span class='ocrx_word' id='word_1_300' title='bbox 1090 2668 1438 2720; x_wconf 84' lang='lat' dir='ltr'>circumstantiis3</span> <span class='ocrx_word' id='word_1_301' title='bbox 1469 2668 1697 2722; x_wconf 82' lang='lat' dir='ltr'>diligenter</span> <span class='ocrx_word' id='word_1_302' title='bbox 1726 2684 1797 2711; x_wconf 86' lang='lat' dir='ltr'>ex-</span> 
     </span>
     <span class='ocr_line' id='line_1_36' title="bbox 234 2735 1797 2789; baseline 0.004 -13"><span class='ocrx_word' id='word_1_303' title='bbox 234 2735 503 2788; x_wconf 88' lang='lat' dir='ltr'>pendendum</span> <span class='ocrx_word' id='word_1_304' title='bbox 542 2735 643 2789; x_wconf 89' lang='lat' dir='ltr'>quid</span> <span class='ocrx_word' id='word_1_305' title='bbox 681 2736 736 2778; x_wconf 87' lang='lat' dir='ltr'>sit</span> <span class='ocrx_word' id='word_1_306' title='bbox 773 2736 817 2778; x_wconf 91' lang='lat' dir='ltr'>in</span> <span class='ocrx_word' id='word_1_307' title='bbox 854 2737 1013 2780; x_wconf 86' lang='lat' dir='ltr'>talibus</span> <span class='ocrx_word' id='word_1_308' title='bbox 1051 2739 1176 2781; x_wconf 88' lang='lat' dir='ltr'>rebus</span> <span class='ocrx_word' id='word_1_309' title='bbox 1212 2739 1403 2782; x_wconf 86' lang='lat' dir='ltr'>libertati</span> <span class='ocrx_word' id='word_1_310' title='bbox 1439 2741 1611 2782; x_wconf 86' lang='lat' dir='ltr'>nostrae</span> <span class='ocrx_word' id='word_1_311' title='bbox 1649 2754 1797 2782; x_wconf 88' lang='lat' dir='ltr'>conce-</span> 
     </span>
     <span class='ocr_line' id='line_1_37' title="bbox 235 2805 1796 2865; baseline 0.004 -18"><span class='ocrx_word' id='word_1_312' title='bbox 235 2805 428 2848; x_wconf 87' lang='lat' dir='ltr'>dendum.</span> <span class='ocrx_word' id='word_1_313' title='bbox 467 2805 581 2849; x_wconf 89' lang='lat' dir='ltr'>Nam</span> <span class='ocrx_word' id='word_1_314' title='bbox 620 2807 700 2850; x_wconf 90' lang='lat' dir='ltr'>etsi</span> <span class='ocrx_word' id='word_1_315' title='bbox 737 2823 804 2851; x_wconf 89' lang='lat' dir='ltr'>res</span> <span class='ocrx_word' id='word_1_316' title='bbox 844 2823 988 2851; x_wconf 89' lang='lat' dir='ltr'>omnes</span> <span class='ocrx_word' id='word_1_317' title='bbox 1017 2812 1218 2853; x_wconf 87' lang='lat' dir='ltr'>externae</span> <span class='ocrx_word' id='word_1_318' title='bbox 1247 2811 1373 2864; x_wconf 88' lang='lat' dir='ltr'>hujus</span> <span class='ocrx_word' id='word_1_319' title='bbox 1402 2811 1582 2865; x_wconf 81' lang='lat' dir='ltr'>generis,</span> <span class='ocrx_word' id='word_1_320' title='bbox 1612 2811 1651 2853; x_wconf 92' lang='lat' dir='ltr'>ei</span> <span class='ocrx_word' id='word_1_321' title='bbox 1680 2811 1796 2854; x_wconf 88' lang='lat' dir='ltr'>vide-</span> 
     </span>
     <span class='ocr_line' id='line_1_38' title="bbox 235 2877 1796 2934; baseline 0.005 -17"><span class='ocrx_word' id='word_1_322' title='bbox 235 2879 360 2918; x_wconf 86' lang='lat' dir='ltr'>antur</span> <span class='ocrx_word' id='word_1_323' title='bbox 401 2893 425 2919; x_wconf 88' lang='lat' dir='ltr'>a</span> <span class='ocrx_word' id='word_1_324' title='bbox 464 2877 598 2920; x_wconf 90' lang='lat' dir='ltr'>Paulo</span> <span class='ocrx_word' id='word_1_325' title='bbox 643 2880 807 2933; x_wconf 86' lang='lat' dir='ltr'>subjici,</span> <span class='ocrx_word' id='word_1_326' title='bbox 852 2880 976 2923; x_wconf 85' lang='lat' dir='ltr'>Rom.</span> <span class='ocrx_word' id='word_1_327' title='bbox 1022 2882 1083 2934; x_wconf 81' lang='lat'>14,</span> <span class='ocrx_word' id='word_1_328' title='bbox 1123 2882 1185 2924; x_wconf 83' lang='lat'>14.</span> <span class='ocrx_word' id='word_1_329' title='bbox 1222 2882 1332 2924; x_wconf 86' lang='lat' dir='ltr'>hanc</span> <span class='ocrx_word' id='word_1_330' title='bbox 1368 2885 1512 2924; x_wconf 91' lang='lat' dir='ltr'>tamen</span> <span class='ocrx_word' id='word_1_331' title='bbox 1552 2882 1796 2925; x_wconf 82' lang='lat' dir='ltr'>libertatem</span> 
     </span>
     <span class='ocr_line' id='line_1_39' title="bbox 236 2947 1796 3013; baseline 0.005 -25"><span class='ocrx_word' id='word_1_332' title='bbox 236 2947 395 3000; x_wconf 91' lang='lat' dir='ltr'>duplici</span> <span class='ocrx_word' id='word_1_333' title='bbox 422 2949 515 3002; x_wconf 81' lang='lat' dir='ltr'>lege</span> <span class='ocrx_word' id='word_1_334' title='bbox 545 2950 908 3005; x_wconf 86' lang='lat' dir='ltr'>circumscriptam</span> <span class='ocrx_word' id='word_1_335' title='bbox 930 2952 1046 2995; x_wconf 87' lang='lat' dir='ltr'>Deus</span> <span class='ocrx_word' id='word_1_336' title='bbox 1071 2968 1159 2996; x_wconf 88' lang='lat' dir='ltr'>esse</span> <span class='ocrx_word' id='word_1_337' title='bbox 1182 2954 1331 3006; x_wconf 79' lang='lat' dir='ltr'>voluit,</span> <span class='ocrx_word' id='word_1_338' title='bbox 1359 2954 1453 3008; x_wconf 88' lang='lat' dir='ltr'>lege</span> <span class='ocrx_word' id='word_1_339' title='bbox 1476 2953 1674 3013; x_wconf 87' lang='lat' dir='ltr'>videlicet</span> <span class='ocrx_word' id='word_1_340' title='bbox 1698 2954 1796 2996; x_wconf 90' lang='lat' dir='ltr'>fidei</span> 
     </span>
     <span class='ocr_line' id='line_1_40' title="bbox 233 3019 1797 3076; baseline 0.005 -17"><span class='ocrx_word' id='word_1_341' title='bbox 233 3020 274 3059; x_wconf 89' lang='lat' dir='ltr'>et</span> <span class='ocrx_word' id='word_1_342' title='bbox 313 3019 516 3062; x_wconf 86' lang='lat' dir='ltr'>caritatis.</span> <span class='ocrx_word' id='word_1_343' title='bbox 554 3020 699 3064; x_wconf 89' lang='lat' dir='ltr'>Prima</span> <span class='ocrx_word' id='word_1_344' title='bbox 737 3024 967 3076; x_wconf 85' lang='lat' dir='ltr'>requiritur</span> <span class='ocrx_word' id='word_1_345' title='bbox 1004 3025 1057 3067; x_wconf 89' lang='lat' dir='ltr'>ad</span> <span class='ocrx_word' id='word_1_346' title='bbox 1093 3025 1148 3076; x_wconf 88' lang='lat' dir='ltr'>id,</span> <span class='ocrx_word' id='word_1_347' title='bbox 1189 3028 1238 3066; x_wconf 88' lang='lat' dir='ltr'>ut</span> <span class='ocrx_word' id='word_1_348' title='bbox 1263 3025 1474 3067; x_wconf 88' lang='lat' dir='ltr'>libertatis</span> <span class='ocrx_word' id='word_1_349' title='bbox 1503 3025 1613 3067; x_wconf 86' lang='lat' dir='ltr'>ratio</span> <span class='ocrx_word' id='word_1_350' title='bbox 1644 3026 1797 3067; x_wconf 88' lang='lat' dir='ltr'>animis</span> 
     </span>
    </p>
   </div>
  </div>
 </body>
</html>
