1931 3224
1807 11 1832 30 Γ,
1852 0 1931 41 ,ga-TN}

1899 43 1918 54 -oe
1929 44 1931 53 ι

519 944 727 992 Exemplar
754 944 888 982 teneto
919 955 1105 981 sanorum
1134 953 1360 980 sermonum
1391 953 1490 991 quos
1521 955 1544 980 a
1571 954 1632 980 me
1662 941 1808 980 audisti

570 1015 610 1052 in
639 1014 714 1053 fide
743 1016 785 1053 et
813 1014 975 1054 caritate
1004 1013 1044 1051 in
1075 1013 1172 1052 Jesu
1201 1012 1368 1052 Christo,

1321 1085 1344 1123 2
1372 1085 1540 1124 TIMOTH.
1571 1084 1605 1132 1,
1637 1084 1698 1123 13.

519 1211 624 1250 Illud
659 1213 792 1250 autem
820 1212 930 1260 scito,
960 1211 1044 1250 fore
1073 1213 1121 1250 ut
1148 1210 1333 1249 extremis
1362 1210 1501 1249 diebus
1529 1210 1679 1249 instent
1708 1210 1809 1248 tem-

572 1296 669 1332 pora
704 1284 880 1322 molesta.
914 1284 1046 1322 Erunt
1074 1283 1179 1322 enim
1207 1282 1395 1330 homines,
1425 1282 1613 1321 habentes
1643 1281 1810 1320 formam

571 1355 742 1404 pietatis,
781 1356 848 1394 sed
887 1355 955 1404 qui
994 1355 1075 1393 vim
1113 1356 1196 1404 ejus
1236 1354 1495 1404 abnegarunt.
1540 1353 1672 1391 Etiam
1713 1353 1810 1391 istos

575 1439 774 1465 aversare:
827 1439 979 1475 semper
1032 1426 1235 1473 discentes,
1288 1426 1355 1465 sed
1407 1426 1476 1476 qui
1516 1439 1720 1475 nunquam
1762 1424 1811 1463 ad

573 1498 838 1548 cognitionem
875 1498 1056 1537 veritatis
1093 1499 1228 1537 venire
1264 1500 1442 1548 possunt.
1473 1496 1810 1543 Quemadmodum

571 1570 704 1607 autem
755 1569 902 1608 Jannes
950 1572 989 1608 et
1034 1570 1215 1609 Jambres
1253 1571 1489 1610 restiterunt
1527 1570 1638 1618 Mosi,
1676 1569 1734 1607 ita
1770 1570 1810 1607 et

570 1641 611 1678 hi
639 1641 831 1680 resistunt
858 1642 1032 1690 veritati,
1059 1643 1236 1681 homines
1264 1644 1397 1681 mente
1426 1641 1617 1691 corrupti,
1650 1640 1811 1690 reprobi

574 1712 676 1751 circa
703 1713 830 1752 fidem.
859 1714 936 1752 Sed
963 1726 1042 1752 non
1071 1715 1285 1764 procedent
1309 1715 1489 1764 amplius.
1513 1714 1617 1752 Nam
1640 1712 1812 1751 amentia

572 1783 741 1822 istorum
788 1785 948 1824 evidens
991 1785 1068 1823 erit
1111 1786 1305 1833 omnibus,
1348 1787 1396 1824 ut
1438 1787 1478 1824 et
1517 1785 1679 1823 illorum
1719 1783 1809 1822 fuit.

572 1855 748 1904 Improbi
785 1857 919 1894 autem
954 1856 1131 1895 homines
1171 1859 1211 1895 et
1246 1857 1481 1906 impostores
1519 1856 1734 1906 procedent
1769 1855 1810 1893 in

573 1927 696 1976 pejus,
734 1928 822 1965 tum
859 1927 1088 1967 seducentes
1126 1928 1233 1976 alios,
1263 1930 1353 1966 tum
1379 1927 1455 1977 ipsi
1483 1927 1648 1966 seducti.
1678 1926 1736 1965 At
1763 1928 1811 1964 tu

518 1988 521 1989 ⁷
572 2010 757 2046 permane
784 1998 826 2036 in
854 1999 903 2038 iis
932 2012 1031 2048 quae
1062 1999 1245 2048 didicisti,
1276 2002 1349 2039 etc.

1021 2072 1043 2108 2
1072 2071 1240 2110 TIMOTH.
1271 2072 1306 2119 3,
1339 2071 1372 2109 1.
1403 2072 1437 2109 5.
1470 2071 1505 2110 7.
1536 2071 1570 2108 8.
1601 2071 1636 2109 9.
1669 2070 1729 2109 13.
