1931 3224
205 106 280 147 152
773 100 1014 142 DISPUTATIO
1041 98 1178 140 XVII.

202 230 305 282 agat
345 226 592 281 spiritualia,
622 225 665 267 id
696 227 770 276 est,
802 223 894 265 Deo
923 222 1094 264 vocanti
1122 220 1360 263 consentiat
1391 223 1433 263 et
1458 220 1641 273 obediat,
1665 234 1766 274 poe-

204 299 396 349 nitentia,
423 297 516 349 fide,
547 299 589 339 et
619 296 845 338 sanctitate
875 309 996 344 ve1·a;
1027 294 1090 335 ita
1114 295 1162 334 ut
1186 292 1370 344 inchoet,
1398 295 1575 334 conetur
1601 294 1644 334 et
1668 307 1767 347 ope-

205 372 321 412 retur
357 369 604 410 interiorem
643 370 684 409 et
722 365 975 409 exteriorem
1020 363 1320 414 obedientiam,
1363 377 1436 404 seu
1481 363 1592 404 bona
1635 376 1765 416 opera

205 440 296 482 Deo
334 439 566 493 placentia;
606 438 733 490 idque
771 439 864 478 tum
903 436 947 477 in
985 434 1278 489 spiritualibus
1306 435 1349 475 et
1377 433 1430 474 ad
1458 433 1655 487 Regnum
1687 424 1769 475 De'i

205 509 527 564 pertinentibus,
568 510 589 550 1
631 508 723 550 Cor.
765 509 800 559 2,
841 507 903 548 14.
941 508 1035 547 tum
1074 506 1279 556 civilibus,
1319 507 1361 546 et
1404 504 1457 545 ad
1502 504 1770 558 disciplinam

206 583 419 623 externam
446 579 748 634 spectantibus,
775 592 878 631 quas
902 577 1126 630 religiosus
1153 591 1204 618 ex
1229 576 1311 618 fide
1336 577 1378 618 et
1403 575 1456 617 ad
1479 574 1560 617 Dei
1587 575 1770 629 gloriam

206 652 297 693 vult
334 654 375 694 et
412 651 516 704 agit,
553 650 676 692 Rom.
711 650 773 701 14,
803 649 839 690 7.
870 649 907 690 8.
938 648 959 689 1
990 647 1083 690 Cor.
1116 648 1178 700 10,
1208 647 1272 689 31.
1303 646 1394 688 Jac.
1423 647 1462 698 4,
1492 646 1555 688 15.
1586 646 1698 695 Quin
1725 646 1770 689 in

206 723 289 765 illis
316 723 420 777 ipsis
450 722 597 764 eodem
625 720 790 774 Spiritu
819 720 989 774 proficit
1018 722 1060 762 et
1087 721 1342 773 perseverat.

257 793 453 837 XXXVI.
491 793 584 834 Hae
620 795 764 833 tamen
800 791 989 834 actiones
1023 793 1066 832 et
1108 805 1250 844 opera,
1292 792 1390 831 utut
1433 789 1662 832 secundum
1701 804 1769 831 ra-

205 869 366 909 tionem
393 864 595 918 principii
624 863 689 904 sui
716 863 830 915 boni,
859 861 1195 915 regenerationis
1225 860 1310 903 scil.
1341 864 1383 903 et
1411 860 1598 914 Spiritus
1623 861 1772 905 Sancti

207 936 505 987 assistentiam,
535 935 588 977 ad
615 950 810 976 normam
839 934 1005 975 divinae
1027 933 1135 985 legis
1160 932 1285 984 edita,
1313 932 1399 974 sint
1422 932 1556 983 bona3
1584 935 1774 975 attamen

208 1025 301 1051 cum
328 1010 527 1061 respectu
555 1006 831 1059 reliquiarum
860 1006 1011 1057 carnis,
1040 1004 1187 1047 multis
1218 1004 1451 1046 defectibus
1482 1004 1772 1046 contaminen—

207 1083 288 1132 tur,
316 1079 510 1122 absolute
537 1077 650 1120 bona
677 1091 763 1119 non
792 1079 902 1118 sunt.
932 1076 1003 1119 Es.
1033 1076 1095 1129 64,
1121 1077 1157 1118 6.
1184 1078 1406 1118 censentur
1429 1091 1530 1118 vero
1555 1078 1604 1117 ut
1626 1075 1775 1129 hujus-

207 1151 334 1202 modi,
364 1149 506 1191 divina
535 1148 829 1201 acceptatione
856 1147 901 1188 in
932 1146 1100 1189 Christo
1132 1146 1367 1199 Salvatore,
1400 1147 1629 1200 obtegente
1656 1147 1775 1188 infir-

206 1221 378 1263 mitates
405 1221 587 1270 nostras,
618 1220 661 1260 et
689 1220 867 1272 propter
895 1217 1080 1271 Spiritus
1109 1217 1255 1261 Sancti
1286 1217 1590 1271 operationem,
1623 1220 1665 1259 et
1690 1218 1775 1272 spi-

207 1292 374 1335 ritualis
403 1291 539 1345 partis
568 1290 920 1344 praedominium‚

260 1362 478 1406 XXXVII.
515 1361 599 1403 Hic
636 1375 737 1414 ergo
775 1360 905 1402 homo
943 1359 1025 1402 Dei
1054 1360 1194 1413 gratia
1222 1362 1264 1401 et
1294 1359 1459 1413 Spiritu
1487 1362 1660 1402 renatus
1688 1374 1776 1402 non

206 1437 376 1478 tantum
413 1432 662 1484 παθητικῶς,
692 1431 931 1486 passive,
957 1430 1029 1472 sed
1049 1433 1090 1472 et
1114 1432 1378 1483 ἕνεργητικῶς,
1406 1432 1607 1484 active,
1634 1447 1677 1474 se
1700 1431 1777 1473 ha-

208 1508 294 1560 bet,
331 1521 380 1549 ac
411 1506 564 1559 incipit
593 1504 685 1546 Deo
718 1507 924 1556 συνεργεῖν,
952 1502 997 1543 id
1026 1504 1099 1554 est,
1131 1505 1179 1544 ut
1207 1503 1399 1555 loquitur
1422 1503 1582 1556 passim
1606 1502 1779 1556 Augus-

208 1579 337 1630 tinus,
393 1577 533 1632 gratia
584 1575 665 1617 Dei
706 1575 1123 1628 praeveniente,
1164 1576 1535 1628 praeparante
1573 1576 1623 1616 et
1660 1588 1779 1627 ope-

209 1652 387 1700 rante,
426 1648 550 1690 homo
580 1646 812 1702 regenitus,
845 1645 897 1686 ab
927 1645 1071 1687 eadem
1100 1645 1242 1698 gratia
1279 1645 1511 1687 ducente
1552 1648 1594 1687 et
1624 1645 1778 1688 comi-

210 1723 383 1772 tante,
424 1719 759 1772 cooperante
798 1720 839 1758 et
877 1716 1195 1770 adjuvante,
1236 1719 1366 1769 actus,
1405 1717 1498 1759 vult
1531 1719 1573 1758 et
1602 1718 1704 1770 agit,
1735 1719 1777 1758 et

213 1792 358 1834 eadem
396 1790 763 1842 subsequente
801 1787 973 1841 proficit
1011 1790 1053 1829 et
1087 1790 1342 1841 perseverat.
1372 1787 1473 1830 Non
1502 1803 1620 1830 secus
1651 1803 1779 1841 quam

211 1863 376 1917 puellus
416 1861 595 1903 nutricis
636 1874 765 1901 manu
807 1859 957 1900 ductus
1001 1861 1042 1900 et
1083 1858 1281 1900 suffultus
1325 1859 1537 1910 ambulat;
1581 1861 1623 1901 et
1661 1874 1778 1913 puer,

211 1949 341 1976 manu
378 1948 402 1974 a
437 1933 712 1987 praeceptore
751 1930 888 1981 ducta,
927 1930 1107 1986 pingere
1145 1929 1268 1972 discit
1306 1932 1348 1971 et
1385 1931 1540 1984 pingit,
1582 1932 1683 1984 quia
1717 1932 1780 1974 ita

213 2006 356 2060 agitur
382 2008 430 2047 ut
458 2004 583 2046 simul
612 2004 726 2056 agat.

264 2075 504 2119 XXXVIII.
542 2074 643 2117 Non
681 2074 820 2116 otiosa
852 2074 997 2126 itaque
1025 2072 1096 2114 hic
1124 2072 1336 2124 voluntas,
1367 2072 1439 2114 sed
1469 2073 1676 2116 liberatae
1705 2088 1780 2117 vo-

211 2148 387 2191 luntatis
415 2147 556 2200 aliqua
580 2149 644 2188 est
667 2146 841 2187 libertas
867 2147 909 2186 et
935 2144 1060 2195 actio,
1086 2145 1133 2185 ut
1157 2143 1379 2196 Scriptura
1406 2143 1641 2197 confirmat,
1666 2145 1777 2187 Phil.

213 2222 250 2271 2,
289 2220 351 2261 13.
391 2219 415 2259 2
454 2217 547 2260 Cor.
577 2218 614 2268 3,
645 2217 706 2258 17.
736 2215 859 2258 Rom.
892 2216 928 2267 6,
961 2215 1024 2257 18.
1055 2217 1132 2256 etc.
1161 2214 1306 2267 Atque
1334 2214 1378 2255 in
1407 2216 1582 2257 eandem
1610 2219 1779 2258 senten-

213 2292 319 2333 tiam
356 2289 570 2344 praeclare
606 2287 886 2342 Augustinus,
925 2286 1015 2327 Lib.
1050 2285 1101 2327 de
1134 2285 1418 2339 Corruptione
1448 2289 1490 2328 et
1518 2275 1780 2340 gratiaJIn-

215 2363 499 2415 telligant,
527 2361 681 2414 inquit,
711 2360 755 2401 si
781 2358 896 2400 filii
926 2359 1050 2399 sunt
1075 2356 1192 2409 Dei,
1219 2356 1437 2411 Spiritu
1462 2357 1560 2400 Dei
1588 2373 1639 2400 se
1669 2359 1778 2412 agi,

215 2436 271 2475 ut
309 2433 445 2487 quod
484 2432 745 2486 agendum
784 2432 885 2482 est,
916 2430 1104 2482 agant,
1137 2430 1185 2469 et
1217 2422 1328 2469 eum
1359 2432 1609 2482 egerunt,
1639 2429 1728 2471 illi
1756 2445 1781 2471 a

217 2519 317 2558 quo
346 2507 602 2558 aguntur,
629 2502 841 2556 gratias
867 2503 1046 2555 agant.
1071 2499 1325 2553 Aguntur
1351 2501 1488 2542 enim
1512 2503 1567 2542 ut
1592 2503 1779 2554 agant,

217 2591 319 2618 non
346 2578 403 2618 ut
431 2576 540 2629 ipsi
568 2573 709 2616 nihil
739 2575 920 2626 agant.

268 2645 465 2688 XXXIX.
494 2645 571 2687 Ad
598 2644 792 2687 malum
821 2643 943 2694 idem,
975 2644 1017 2684 et
1045 2641 1156 2695 proh
1187 2642 1328 2684 dolor!
1358 2641 1599 2693 identidem,
1629 2655 1672 2683 se
1704 2641 1781 2682 ha-

219 2717 292 2759 bet
316 2718 496 2759 liberum
524 2716 761 2759 arbitrium.
792 2714 918 2764 Quim
943 2714 1055 2756 enim
1079 2713 1124 2755 in
1147 2713 1317 2765 renatis,
1343 2713 1397 2755 ob
1421 2712 1679 2763 inchoatam,
1695 2726 1781 2754 non

219 2787 451 2842 perfectam
474 2787 854 2841 regenerationem,
880 2800 952 2827 seu
973 2784 1293 2827 renovationem
1306 2785 1496 2835 naturae,
1512 2783 1556 2824 id
1572 2785 1648 2835 est,
1664 2797 1781 2824 men-

220 2858 287 2909 tis,
312 2858 557 2909 voluntatis,
583 2858 810 2900 affectuum
835 2859 875 2900 et
898 2852 1129 2911 potentiae,
1161 2870 1328 2909 semper
1355 2855 1555 2896 maneant
1577 2853 1781 2906 reliquiae

221 2928 357 2969 carnis
396 2942 468 2969 seu
506 2929 682 2980 peccati,
719 2941 960 2981 magnaque
1001 2926 1238 2978 infirmitas,
1283 2940 1391 2979 quae
1434 2924 1613 2977 objectis
1654 2923 1781 2976 (quae
