1931 3224
268 129 341 170 146
836 121 1075 163 DISPUTATIO
1104 117 1239 160 XVII.

265 249 475 304 praeferat
514 246 733 300 (judicium
773 246 883 287 enim
919 243 1098 285 rationis
1136 241 1408 293 consequitur
1447 239 1663 293 voluntas)
1695 243 1737 283 et
1759 242 1823 283 fa-

266 320 467 362 cultatem
504 317 787 372 prosequendi
825 317 866 357 et
902 313 1085 355 faciendi
1117 312 1276 354 bonum
1305 311 1372 353 vel
1400 311 1571 364 malum,
1601 314 1649 353 ut
1678 326 1823 354 conse-

265 406 396 444 quens
434 390 600 432 inferat.
639 388 758 429 Adeo
797 388 844 427 ut
882 385 915 426 si
955 384 1097 426 omnia
1131 383 1236 426 haec
1265 382 1490 436 complecti
1518 383 1709 435 velimus,
1739 383 1823 426 dis-

262 462 428 516 putatio
458 462 601 515 potius
629 456 895 501 inscribenda
922 456 1050 497 fuerit
1079 455 1137 497 de
1167 454 1396 496 Viribus
1424 453 1688 497 humanis.

316 533 388 575 IX.
441 532 724 585 Objectum
767 544 854 570 seu
896 527 1127 568 materia
1170 527 1258 579 ejus
1302 527 1401 567 sunt
1444 526 1585 568 omnia
1629 541 1736 579 quae
1778 527 1823 568 in

263 604 607 646 deliberationem
636 604 678 642 et
703 600 964 649 electionem,
991 597 1286 649 actionemque
1310 596 1542 638 humanam
1567 597 1732 650 cadunt,
1751 612 1823 640 seu

260 676 372 716 bona
401 677 441 716 et
469 673 591 724 mala,
617 671 776 713 scilicet
800 684 885 711 non
909 669 1087 723 physica
1113 683 1220 721 quae
1246 670 1509 721 appetuntur
1533 670 1574 710 et
1598 667 1822 721 fugiuntur

261 745 442 787 naturali
481 743 687 798 appetitu,
717 742 789 784 sed
819 756 926 794 quae
954 754 1094 782 mores
1124 741 1399 792 actionesque
1430 742 1642 794 spectant3
1674 742 1746 781 aut
1775 742 1824 781 ut

259 817 443 870 pressius
481 816 717 867 loquamur,
757 813 883 865 idque
921 812 965 853 in
1002 811 1204 863 Ecclesia,
1243 810 1311 852 lex
1350 813 1392 852 et
1429 810 1625 853 voluntas
1656 810 1749 864 Dei,
1778 811 1823 852 in

258 889 386 930 verbo
416 888 504 940 ejus
533 900 729 939 expressa
759 887 800 926 et
829 883 1058 937 postulata,
1090 883 1178 936 ejus
1208 882 1421 936 objectum
1450 886 1524 926 est.

312 958 362 1000 X.
398 957 521 1000 Unde
559 956 774 998 distinctio
815 955 951 996 oritur
988 954 1100 995 inter
1139 953 1316 1007 objecta.
1356 953 1455 995 Alia
1485 953 1597 996 enim
1627 956 1822 1007 spectant

259 1029 565 1072 naturalem
605 1028 742 1069 hanc
782 1027 970 1078 vitam,
1014 1040 1087 1067 seu
1130 1039 1238 1078 quae
1282 1025 1394 1066 vitae
1436 1026 1674 1079 praesentis
1711 1028 1820 1078 sunt,

262 1116 367 1154 quae
408 1099 641 1153 Apostolus
684 1098 738 1140 τοὶ
785 1097 954 1149 βιωτικὰ
996 1098 1132 1148 vocat,
1170 1098 1219 1137 ut
1256 1096 1389 1148 edere,
1418 1096 1575 1150 bibere,
1607 1097 1701 1139 loco
1731 1112 1823 1139 mo-

260 1173 358 1224 veri,
398 1172 623 1224 quiescere,
659 1171 735 1211 etc.
763 1168 864 1209 Alia
890 1167 1057 1209 vitam
1085 1167 1370 1210 honestam
1401 1170 1451 1210 et
1481 1168 1719 1221 civilem,
1750 1183 1822 1210 seu

261 1259 389 1298 opera
412 1244 589 1297 politica
614 1244 655 1283 et
679 1240 919 1291 domestica,
937 1241 985 1281 ut
1000 1238 1207 1281 familiam
1223 1241 1265 1281 et
1280 1239 1589 1293 rempublicam
1606 1254 1763 1292 curare,
1780 1241 1822 1281 et

261 1331 366 1368 quae
405 1329 451 1356 eo
492 1315 697 1367 spectant,
728 1327 751 1353 a
780 1327 862 1364 qua
889 1311 1059 1364 justitia
1090 1311 1224 1353 civilis
1254 1313 1295 1352 et
1324 1310 1625 1365 philosophica
1654 1312 1821 1354 dicitur.

259 1386 356 1427 Alia
385 1386 562 1437 denique
591 1385 758 1426 vitam
786 1382 1139 1438 spiritualem
1171 1385 1213 1424 et
1242 1383 1500 1436 religiosam,
1516 1383 1666 1436 Deum,
1682 1384 1821 1439 legem

259 1460 359 1511 ejus,
395 1459 512 1510 cujus
539 1471 682 1498 rursus
709 1456 776 1498 vel
806 1457 1053 1507 externa,
1087 1454 1155 1496 vel
1191 1455 1415 1496 interna
1454 1470 1583 1509 opera
1612 1457 1723 1497 sunt.
1752 1454 1821 1496 Ab

257 1529 341 1571 illis
379 1528 602 1582 disciplina
632 1530 673 1569 et
696 1526 864 1580 justitia
896 1528 1082 1578 externa,
1113 1540 1186 1567 seu
1220 1527 1378 1578 carnis3
1409 1527 1461 1569 ab
1490 1527 1557 1569 his
1588 1526 1821 1581 spiritualis

253 1600 432 1654 justitia,
469 1602 517 1641 ut
554 1602 695 1641 motus
735 1601 776 1640 et
815 1597 1003 1640 actiones
1045 1597 1297 1652 spirituales,
1330 1599 1552 1652 cultusque
1581 1598 1663 1641 Dei
1690 1598 1821 1641 inter-

257 1687 348 1724 nus,
378 1671 685 1713 denominatur.

309 1742 381 1784 XI.
425 1741 541 1784 Haec
582 1741 798 1783 distinctio
844 1740 1112 1793 objectorum
1155 1740 1225 1781 hic
1262 1741 1499 1782 necessaria
1537 1742 1611 1793 est,
1649 1742 1698 1781 ut
1733 1753 1819 1781 non

259 1814 441 1865 confuse,
482 1814 553 1855 sed
591 1812 788 1854 distincte
828 1814 1004 1866 agatur3
1045 1827 1173 1864 quam
1212 1812 1342 1854 etiam
1379 1810 1555 1853 adhibet
1592 1813 1740 1853 auctor
1769 1811 1819 1852 de

257 1884 561 1926 Vocatione
603 1885 869 1938 gentium,
913 1886 956 1926 et
998 1884 1105 1926 alter
1148 1883 1220 1936 qui
1260 1883 1336 1925 sub
1377 1883 1548 1925 nomine
1586 1882 1820 1937 Augustini

258 1954 669 2009 Hypognostici
697 1955 866 1998 nomine
895 1955 1023 1997 venit.

310 2025 404 2067 XII.
435 2026 661 2075 Quaeritur
690 2041 805 2080 ergo,
836 2042 931 2069 cum
958 2028 1099 2080 agitur
1126 2027 1176 2069 de
1198 2026 1332 2068 libero
1354 2025 1532 2068 arbitrio
1552 2026 1597 2067 in
1616 2023 1818 2077 Ecclesia,

259 2096 470 2149 quomodo
509 2112 552 2139 se
589 2097 746 2139 habeat
781 2098 965 2139 hominis
1003 2098 1213 2150 voluntas,
1249 2098 1466 2151 ipsiusque
1495 2096 1728 2139 voluntatis
1755 2095 1819 2136 fa-

258 2168 391 2209 cultas
432 2170 473 2210 et
502 2168 611 2210 actio
643 2168 695 2210 ad
724 2169 830 2212 haec
855 2171 1053 2223 objecta?
1084 2169 1205 2212 Certe
1234 2169 1306 2211 hic
1334 2168 1615 2211 communiter
1642 2181 1819 2220 respon-

258 2238 413 2291 demus,
452 2239 667 2281 hominem
706 2241 861 2293 omnia,
902 2257 1009 2295 quae
1046 2241 1140 2283 vult
1178 2243 1220 2283 et
1259 2240 1381 2294 eligit
1414 2240 1602 2294 agitque,
1631 2253 1717 2281 non
1743 2252 1818 2279 na-

255 2312 376 2352 turae
414 2311 675 2363 necessitate,
713 2327 850 2366 neque
885 2313 1122 2355 extrinseca
1159 2313 1201 2355 vi
1238 2314 1444 2363 coactum,
1474 2311 1656 2353 invitum
1685 2312 1727 2351 et
1753 2308 1818 2350 in-

256 2382 541 2442 voluntarium
578 2382 684 2424 velle
720 2386 760 2425 et
791 2398 928 2436 agere,
959 2382 1129 2437 (natura
1157 2383 1280 2436 enim,
1311 2386 1353 2425 et
1380 2382 1597 2434 violentia,
1627 2384 1668 2423 et
1697 2395 1818 2423 coac-

255 2452 383 2494 tionis
434 2454 661 2495 necessitas
703 2455 915 2497 voluntati
958 2455 1133 2497 adversa
1175 2453 1256 2507 est)
1300 2454 1372 2496 sed
1412 2453 1584 2509 praevio
1628 2451 1815 2504 consilio,

256 2527 547 2577 spontaneum,
586 2525 871 2568 voluntarium
912 2528 953 2568 et
992 2527 1173 2568 liberum
1213 2526 1293 2578 (ita
1331 2527 1379 2566 ut
1407 2524 1544 2579 possit
1573 2525 1615 2565 et
1641 2523 1818 2564 idoneus

257 2596 322 2646 sit,
365 2596 593 2638 intrinseco
638 2597 848 2651 principio
892 2597 1157 2640 voluntatem
1198 2597 1451 2650 suspendere
1489 2598 1531 2637 et
1568 2594 1816 2637 electionem

257 2666 421 2707 differre
459 2667 502 2707 in
541 2668 793 2709 alterutrum
830 2668 1095 2721 objectorum
1122 2668 1188 2710 vel
1217 2668 1463 2723 oppositum
1491 2666 1558 2708 vel
1586 2662 1814 2715 diversum)

257 2735 447 2789 eligendo
478 2738 542 2778 vel
570 2739 833 2792 repudiando
861 2739 976 2792 ferri,
1005 2740 1049 2781 id
1079 2742 1154 2793 est,
1181 2740 1263 2782 hoc
1292 2739 1358 2782 vel
1385 2738 1505 2791 illud,
1536 2740 1578 2779 et
1604 2737 1687 2780 hoc
1713 2752 1816 2791 prae

255 2806 330 2847 illo
375 2808 527 2861 eligere
569 2813 610 2851 et
647 2811 764 2863 velle,
812 2811 939 2864 idque
978 2811 1043 2853 vel
1078 2811 1274 2864 potentia
1314 2811 1523 2865 proxima,
1560 2809 1629 2851 vel
1666 2809 1816 2852 saltem

256 2880 429 2920 remota.
468 2879 609 2932 Atque
646 2881 752 2924 haec
787 2885 940 2924 natura
978 2883 1302 2936 proprietasque
1331 2880 1563 2924 voluntatis
1591 2879 1815 2933 humanae,

257 2962 388 3000 eaque
417 2953 621 3003 perpetua
651 2955 725 2994 est.
