1931 3224
588 285 1066 335 DISPUTATIO
1109 283 1269 331 XXII.

904 393 950 415 DE

675 468 1183 555 Evangelio.

434 597 633 639 Praeside
666 595 718 638 D.
747 594 1027 638 JOHANNE
1056 591 1426 636 POLYANDRO.

527 687 803 737 Respondente
833 685 1004 724 PETRO
1034 684 1336 724 DOORNYCK.

801 791 990 834 Tarsis
1027 790 1059 833 I.

305 896 576 924 UEMADMODUM
603 897 681 936 per
707 881 857 935 legem,
883 881 933 923 de
959 895 1042 934 qua
1066 894 1196 934 supra
1221 879 1544 933 disputavimus,
1569 879 1709 922 morbi

188 893 440 1025 Quostri
476 953 720 1007 spiritualis,
758 952 959 994 nimirum
996 951 1172 1005 peccati,
1211 950 1457 1003 contagium
1497 965 1544 992 ac
1579 950 1708 1003 labes,

148 1026 208 1067 sic
237 1029 326 1080 ejus
354 1023 587 1066 remedium
614 1039 690 1077 per
717 1023 1002 1077 Evangelium
1031 1022 1314 1076 cognoscitur.

200 1097 254 1139 II.
284 1096 393 1149 Vox,
423 1095 805 1149 Evangelium,
836 1095 1011 1137 denotat
1036 1094 1149 1147 apud
1173 1094 1368 1135 classicos
1396 1096 1590 1136 auctores
1609 1107 1710 1146 pro-

147 1168 282 1221 fanos,
327 1168 362 1209 1.
407 1167 594 1217 Quodvis
635 1167 796 1209 bonum
837 1181 886 1208 ac
922 1166 1084 1208 laetum
1119 1165 1321 1207 nuncium
1358 1165 1408 1206 de
1445 1179 1490 1206 re
1520 1164 1711 1218 qualibet

149 1242 274 1293 grata
302 1241 431 1293 atque
461 1241 674 1292 exoptata,
713 1237 998 1291 Aristoph.
1027 1238 1080 1279 in
1108 1237 1247 1279 Plut.
1276 1237 1503 1290 August.
1533 1235 1642 1277 Lib.
1673 1237 1709 1278 2.

150 1314 342 1354 contra
371 1310 653 1363 Faustum,
684 1312 734 1352 et
763 1310 826 1352 18.
856 1309 930 1352 De
960 1308 1202 1351 Civitate
1230 1308 1329 1350 Dei
1360 1323 1392 1350 c.
1422 1308 1485 1350 35.
1517 1308 1553 1349 2.
1581 1307 1711 1349 Prae-

148 1383 281 1426 mium
319 1382 433 1436 quod
468 1381 715 1436 hujusmodi
750 1381 952 1424 nuncium
981 1380 1254 1423 afferentibus
1284 1379 1385 1422 olim
1414 1379 1504 1421 dari
1533 1378 1710 1431 solebat,

149 1455 292 1497 Hom.
321 1454 504 1509 Odyss.
537 1453 573 1504 ξ.
614 1453 778 1496 Cicer.
813 1452 856 1495 L.
887 1454 924 1495 2.
954 1453 1015 1494 ad
1042 1452 1150 1494 Att.
1181 1467 1255 1505 ep.
1285 1452 1322 1493 8.
1351 1451 1388 1493 3.
1419 1450 1634 1493 Sacrificia
1663 1464 1711 1492 ac

149 1541 296 1580 preces
336 1540 443 1579 quae
484 1540 564 1579 pro
601 1539 646 1567 re
688 1523 868 1567 feliciter
910 1527 1030 1578 gesta
1072 1523 1417 1575 decernebantur,
1460 1522 1619 1564 Plato
1658 1521 1711 1563 in

150 1596 440 1639 Phocione.
469 1595 709 1649 Xenoph.
738 1595 846 1638 Lib.
875 1596 911 1637 2.
942 1594 1170 1637 Isocrat.
1198 1595 1251 1635 in
1280 1593 1474 1647 Areop.

203 1667 280 1710 III.
317 1667 367 1710 In
405 1668 535 1710 sacris
564 1667 698 1709 literis
727 1669 821 1710 κατ’
856 1666 1000 1720 ἐξοχὴν
1038 1666 1250 1720 significat
1288 1664 1581 1707 felicissimum
1608 1679 1712 1706 nun-

151 1740 262 1782 cium
304 1754 352 1781 ac
389 1739 743 1791 jucundissimum
784 1739 834 1780 de
875 1738 1052 1780 salutari
1088 1736 1390 1790 Redemptoris
1431 1735 1568 1778 nostri
1608 1734 1713 1777 Jesu

153 1811 310 1853 Christi
339 1811 534 1852 adventu.
563 1810 713 1864 Ibique
741 1810 954 1852 interdum
978 1809 1226 1863 generatim,
1251 1807 1466 1849 interdum
1490 1806 1714 1860 speciatim

152 1884 346 1925 sumitur.

206 1953 281 1997 [V.
311 1954 555 1997 Generatim
579 1957 762 2009 sumpta,
786 1953 926 2007 ipsam
951 1953 1001 1995 de
1026 1952 1196 1994 Christo
1221 1951 1549 2006 promissionem
1572 1949 1714 1992 Evan-

154 2026 335 2081 gelicam
363 2027 536 2080 ejusque
563 2025 854 2079 impletionem
888 2024 1197 2078 complectitur,
1228 2025 1276 2064 ut
1305 2021 1394 2064 Gal.
1424 2023 1461 2074 3,
1491 2022 1528 2063 6.

206 2097 259 2140 V.
288 2097 521 2152 Speciatim
549 2099 720 2151 sumpta
749 2100 877 2150 atque
908 2097 960 2138 ad
990 2095 1148 2137 Christi
1177 2094 1482 2137 exhibitionem
1506 2092 1714 2146 restricta,

155 2170 295 2224 primo
332 2169 559 2211 historiam
596 2169 770 2211 denotat
807 2169 857 2210 de
897 2167 1079 2220 Christo,
1118 2168 1162 2209 in
1200 2181 1323 2208 carne
1352 2164 1639 2216 manifestato,
1667 2167 1716 2206 ut

155 2241 286 2284 Marc.
319 2241 381 2283 12.

209 2311 284 2354 VI.
322 2311 529 2363 Secundo,
568 2325 647 2366 pro
685 2311 798 2353 laeta
834 2313 1065 2365 usurpatur
1103 2310 1295 2352 doctrina
1325 2324 1373 2352 ac
1400 2307 1716 2363 praedicatione

158 2384 208 2426 de
230 2383 451 2425 hominum
476 2385 752 2437 peccatorum
774 2381 1119 2424 reconciliatione
1144 2395 1239 2423 cum
1262 2380 1367 2432 Deo,
1383 2395 1459 2433 per
1483 2379 1718 2433 gratuitam

157 2457 431 2509 peccatorum
479 2455 770 2496 remissionem
812 2456 949 2496 morte
992 2452 1150 2495 Christi
1191 2452 1430 2506 expiatoria
1470 2451 1576 2505 ipsis
1618 2464 1719 2504 par-

157 2530 259 2579 tam,
291 2526 553 2580 quibuslibet
579 2526 797 2568 indefinite
823 2526 1026 2578 oblatam,
1051 2526 1312 2581 pauperibus
1337 2524 1491 2578 spiritu
1510 2525 1638 2576 atque
1651 2522 1718 2564 in-

157 2599 346 2642 fantibus
368 2598 610 2651 revelatam,
641 2598 908 2640 credentibus
935 2612 1036 2640 vero
1065 2597 1338 2651 singulariter
1362 2595 1636 2649 applicatam,
1665 2593 1718 2636 ad

160 2672 314 2714 horum
343 2671 524 2712 salutem
553 2672 595 2712 et
622 2669 937 2712 misericordiae
966 2669 1131 2711 divinae
1156 2683 1251 2710 cum
1271 2668 1442 2721 justitia
1466 2667 1717 2720 conjunctae

161 2741 493 2797 patefactionem
521 2741 775 2795 laudemque
802 2741 1115 2795 sempiternam,
1147 2742 1168 2782 1
1195 2739 1288 2782 Cor.
1312 2741 1348 2792 9,
1376 2739 1438 2781 14.
1463 2739 1526 2780 15.
1543 2741 1585 2780 et
1600 2753 1716 2792 seqq.

213 2813 309 2856 VII.
352 2813 488 2856 Causa
531 2813 715 2855 efficiens
758 2813 1007 2867 principalis
1047 2811 1271 2865 Evangelii
1309 2813 1373 2853 est
1410 2809 1539 2862 Deus,
1577 2809 1718 2862 Pater,

161 2884 297 2928 Filius
334 2888 377 2928 et
403 2884 589 2940 Spiritus
618 2883 810 2937 Sanctus,
837 2887 930 2926 tum
959 2883 1116 2926 decreti
1144 2882 1276 2924 divini
1305 2882 1355 2925 de
1381 2881 1454 2924 illo
1474 2880 1718 2924 hominibus

161 2956 415 3008 nunciando,
443 2959 536 2998 tum
563 2955 850 2998 nunciation‘is
878 2955 1013 3009 ipsius
1041 2956 1249 3008 respectu.
