1931 3224
287 168 336 209 12
886 156 1127 198 D1spom10
1164 152 1216 195 II.

287 289 411 331 etiam
448 285 630 339 reperire
667 285 748 332 est;
788 281 886 334 quia
922 279 966 320 in
1003 278 1078 320 illa
1107 278 1195 319 sola
1224 274 1473 317 sacrificium
1501 271 1682 327 peccatis
1712 270 1830 325 expi-

286 359 404 401 andis
432 357 638 405 idoneum,
669 356 709 396 et
737 353 822 395 irae
850 350 929 392 Dei
958 348 1185 403 placandae
1208 346 1416 388 sufficiens
1439 343 1664 385 invenitur.
1692 341 1831 391 Quum

288 431 433 471 contra
470 426 512 467 in
549 425 729 466 Ethnica
771 438 845 476 per
873 435 989 462 sacra
1016 419 1206 469 nefanda,
1239 415 1398 469 (qualia
1427 414 1611 466 Saturni,
1641 412 1830 465 Veneris,

289 498 459 548 Cereris,
483 496 637 538 Bacchi
663 497 738 537 etc.
761 490 947 543 fuerunt)
974 490 1017 531 in
1042 489 1217 531 ancica
1243 502 1340 529 vero
1366 488 1407 528 et
1422 485 1600 527 Judaica
1614 484 1831 537 hodierna,

289 585 363 624 per
386 569 527 609 inanes
552 570 592 608 et
617 563 930 618 superstitiosos
952 561 1058 602 ritus
1082 560 1124 601 id
1146 559 1304 600 frustra
1331 558 1571 610 quaeratur,
1599 555 1673 609 qui
1693 557 1833 597 cutem

290 642 330 682 et
366 652 531 681 carnem
570 652 594 678 a
629 635 832 685 sordibus,
869 647 954 673 non
982 631 1167 672 animum
1196 631 1236 671 et
1266 628 1566 672 conscientiam
1596 642 1621 669 a
1648 626 1833 681 peccatis

290 723 470 764 purgare
497 708 684 761 possunt.

342 779 432 821 XX.
462 777 604 819 Tertia
630 773 863 829 Religionis
891 787 1014 815 verae
1041 774 1143 814 nota
1172 774 1253 813 est:
1284 770 1434 820 Quod
1462 769 1515 810 in
1543 784 1600 811 ea
1627 783 1755 812 vera
1784 772 1835 811 et

291 849 534 904 perfecta
573 845 777 888 Officia
815 858 939 897 erga
968 842 1131 884 Deum
1161 844 1210 884 et
1238 841 1540 895 proximum
1569 841 1834 894 praescri-

291 921 506 968 bantur;
536 917 647 970 quod
675 916 718 957 in
746 915 860 956 nulla
890 928 1068 967 quoque,
1099 928 1224 966 quam
1248 912 1486 954 Christiana
1510 911 1734 965 Religione
1760 911 1834 963 sit3

292 993 335 1033 in
373 1005 455 1043 qua
491 1002 634 1031 omnes
671 989 758 1028 tam
789 986 991 1037 internae,
1022 1000 1146 1038 quam
1176 986 1373 1026 externae
1400 983 1621 1025 hominum
1649 982 1836 1024 actiones

293 1062 345 1104 ad
380 1061 516 1102 Deum
553 1058 770 1101 colendum
807 1056 1057 1108 referuntur,
1096 1055 1236 1098 omnia
1272 1055 1380 1097 seria
1417 1069 1466 1096 ac
1502 1056 1647 1096 sancta
1674 1053 1837 1108 praeci-

294 1133 484 1188 piuntur;
526 1131 570 1172 in
613 1144 695 1182 qua
733 1128 870 1170 Deum
912 1142 1038 1180 supra
1076 1126 1227 1178 omnia,
1265 1125 1482 1180 proximos
1519 1140 1632 1177 vero,
1671 1125 1758 1167 imo
1796 1127 1838 1167 et

293 1204 435 1245 hostes
461 1204 639 1251 nostros,
669 1199 775 1241 sicut
802 1213 878 1240 nos
906 1199 1033 1251 ipsos,
1059 1198 1255 1251 jubemur
1284 1197 1469 1250 diligere.
1494 1196 1668 1238 Ethnici
1695 1198 1836 1238 autem

294 1274 435 1328 impiis
471 1272 578 1314 ludis
616 1269 877 1324 gladiatoriis
914 1271 954 1310 et
992 1268 1163 1310 scenicis
1196 1268 1369 1309 numina
1397 1282 1472 1308 sua
1500 1267 1657 1309 colunt.
1685 1266 1839 1309 Judaei

294 1346 437 1387 inanes
475 1342 742 1392 ceremonias,
780 1343 821 1382 et
860 1343 1078 1382 externum
1114 1342 1280 1381 tantum
1316 1339 1422 1392 legis
1461 1338 1661 1381 corticem
1697 1338 1841 1380 obser-

295 1418 407 1467 vant,
438 1418 479 1457 et
507 1414 547 1457 S.
577 1413 815 1468 Scripturae
842 1411 938 1453 Vet.
967 1410 1079 1452 Test.
1108 1410 1374 1452 manifestam
1397 1410 1483 1452 vim
1507 1409 1705 1452 inferunt.
1730 1409 1840 1452 Eth-

296 1486 379 1528 nici
406 1501 517 1537 vero,
548 1487 589 1526 et
617 1484 787 1534 Turcae,
816 1485 983 1536 praeter
1012 1482 1327 1535 superstitiosos
1351 1481 1499 1533 cultus,
1526 1482 1678 1535 quibus
1702 1481 1840 1524 Deum

297 1556 486 1598 venerari
536 1570 579 1597 se
624 1555 889 1608 profitentur,
931 1553 1071 1595 officia
1112 1568 1212 1607 erga
1252 1553 1445 1595 homines
1485 1553 1553 1595 vel
1592 1553 1841 1608 imperfecta
1886 1592 1889 1593 γ

297 1627 570 1682 praecipiunt,
613 1626 680 1668 vel
720 1625 928 1667 horrenda
970 1626 1124 1667 scelera
1162 1624 1207 1666 in
1249 1638 1319 1666 eos
1357 1623 1599 1675 admittunt,
1635 1624 1841 1678 religione

297 1699 485 1753 ipsorum
523 1713 571 1739 ea
599 1697 663 1739 vel
691 1696 976 1750 permittente,
1005 1696 1070 1738 vel
1099 1695 1246 1738 saltem
1274 1694 1484 1748 impunita
1513 1695 1684 1737 omnino
1712 1694 1841 1738 relin-

294 1772 458 1822 quente.

342 1838 455 1881 XXI.
493 1838 737 1880 Tertium
773 1852 897 1879 vero
935 1837 1246 1891 argumenti
1283 1852 1452 1890 genus
1493 1839 1535 1878 et
1568 1837 1877 1892 praecipuum*

289 1909 449 1963 petitur
477 1924 501 1950 a
530 1908 654 1950 certis
683 1907 914 1949 divinitatis
942 1907 1067 1959 notis,
1099 1922 1202 1960 quas
1230 1906 1345 1949 Deus
1372 1907 1416 1948 in
1445 1907 1486 1949 S.
1516 1907 1737 1961 Scriptura
1767 1923 1842 1962 pe-

290 1980 502 2022 culiariter
530 1981 694 2021 exstare
721 1978 866 2020 voluit.
894 1977 1007 2019 Nam
1035 1978 1112 2020 etsi
1141 1977 1182 2020 S.
1207 1977 1428 2031 Scriptura
1444 1977 1707 2021 divinitatem
1724 1994 1842 2021 suam

292 2051 483 2093 omnibus
519 2050 563 2091 in
598 2049 699 2091 locis
739 2051 930 2100 testetur,
963 2049 1014 2091 iis
1043 2049 1115 2102 qui
1145 2049 1285 2090 oculos
1315 2064 1338 2090 a
1368 2048 1533 2102 Spiritu
1562 2049 1642 2092 Dei
1670 2053 1841 2104 apertos

291 2122 468 2172 habent;
506 2124 646 2163 tamen
686 2120 1037 2174 quemadmodum
1077 2120 1248 2173 quidam
1283 2135 1306 2162 a
1344 2120 1431 2162 sole
1459 2120 1566 2162 radii
1594 2122 1841 2175 procedunt,

294 2191 365 2244 qui
400 2190 573 2243 reliquis
611 2193 707 2231 sunt
742 2190 992 2232 illustriores
1033 2193 1074 2232 et
1111 2191 1246 2244 magis
1285 2192 1512 2246 conspicui,
1552 2192 1612 2234 ita
1642 2192 1770 2236 etiam
1797 2193 1842 2235 in

293 2261 432 2304 divina
468 2261 540 2302 illa
576 2261 616 2303 S.
655 2261 897 2315 Scripturae
936 2261 1038 2313 luce,
1076 2261 1308 2304 divinitatis
1343 2263 1514 2315 quidam
1542 2263 1842 2308 luculentiores

292 2331 399 2374 radii
437 2331 609 2373 diversis
646 2332 689 2373 in
725 2332 828 2375 10015
865 2347 908 2374 se
935 2332 1133 2386 produnt,
1164 2333 1237 2386 qui
1265 2336 1481 2377 auctorem
1509 2350 1633 2377 suum
1662 2335 1840 2390 apertis-

293 2403 394 2444 sime
422 2401 704 2444 manifestant.

344 2472 477 2514 XXII.
507 2471 622 2515 Inter
652 2487 756 2526 quos
783 2473 920 2527 primo
950 2476 1047 2515 sunt
1075 2474 1339 2517 miracula
1363 2490 1529 2518 omnem
1556 2478 1741 2519 creatam
1763 2491 1840 2532 po-

293 2544 470 2585 tentiam
496 2544 621 2598 longe
651 2545 912 2595 excedentia;
945 2545 1095 2599 quibus
1124 2546 1297 2588 verbum
1327 2546 1406 2588 Dei
1433 2547 1555 2590 initio
1585 2547 1667 2589 fuit
1696 2547 1840 2604 obsig-

292 2617 451 2667 natum,
477 2615 602 2668 idque
627 2615 669 2656 in
694 2619 918 2671 conspectu
940 2619 1128 2659 totarum
1153 2618 1355 2671 gentium,
1381 2621 1422 2661 et
1442 2620 1518 2662 sub
1535 2620 1665 2662 0011115
1681 2634 1840 2673 eorum,

294 2685 366 2738 qui
394 2685 490 2727 huie
520 2686 733 2729 doctrinae
761 2688 862 2729 totis
891 2688 1049 2730 viribus
1078 2689 1344 2740 restiterunt;
1371 2705 1552 2743 quorum
1575 2691 1709 2734 multa
1733 2706 1839 2745 quo-

297 2770 375 2808 que
399 2757 511 2809 apud
531 2760 696 2799 exteros
725 2758 947 2800 historicos
973 2759 1215 2802 testimonia
1239 2761 1462 2803 manifesta
1484 2761 1666 2812 habent3
1693 2777 1838 2815 quem-

295 2826 518 2868 admodum
553 2827 580 2869 J
585 2829 745 2871 ustinus
784 2829 958 2884 Martyr,
998 2830 1292 2884 Tertullianus,
1334 2835 1375 2874 et
1413 2833 1484 2875 alii
1513 2833 1679 2886 antiqui
1707 2834 1839 2888 scrip-

294 2899 407 2938 tores
445 2897 681 2951 Christiani,
720 2900 762 2942 in
799 2900 1089 2954 Apologeticis
1125 2902 1209 2944 suis
1239 2903 1403 2958 scriptis
1433 2903 1630 2946 adversus
1660 2905 1839 2958 gentiles

295 2966 592 3010 demonstrant.
