1931 3224
491 161 555 205 DE
582 161 885 205 SATISFACTIONE
913 159 1013 203 ι111511
1042 159 1217 201 CHRISTI.
1559 161 1635 201 291

81 290 145 330 est
172 287 215 328 in
245 301 449 340 poenae
477 302 573 341 pro
602 287 852 341 peccatis
880 284 1290 340 persolutione3
1321 286 1364 324 at
1393 297 1491 325 vero
1521 298 1638 326 more

81 358 337 412 Scripturae,
367 361 544 412 propter
572 359 821 410 συγγένειαν,
856 357 1166 412 cognationem,
1192 358 1234 397 et
1262 355 1540 397 necessariam
1569 370 1638 397 co-

80 429 335 479 haesionem,
360 429 438 471 sub
463 445 509 471 ea
536 429 930 483 comprehendimus
956 431 998 470 et
1022 424 1251 470 alteram
1277 428 1389 479 ejus
1409 429 1639 480 partem;

83 517 166 554 qua
203 501 394 543 Christus
432 502 703 543 sanctitatem
741 503 782 542 et
815 499 1040 553 justitiam,
1080 513 1187 551 quae
1225 498 1269 539 in
1297 497 1421 539 nobis
1449 497 1640 550 require-

80 572 218 623 batur,
251 574 293 613 et
318 573 370 613 ad
399 587 526 624 quam
550 571 849 625 praestandam
873 570 1134 622 tenebamur,
1158 585 1237 623 pro
1262 569 1386 611 nobis
1411 571 1453 610 et
1476 568 1639 620 habuit,

82 645 123 684 et
160 644 253 684 toto
292 642 405 684 vitae
435 642 641 684 curriculo
671 642 898 695 praestitit,
928 645 976 682 ut
1004 642 1048 682 in
1077 641 1171 694 ipso
1201 639 1305 693 Legi
1334 639 1416 681 Dei
1446 654 1522 692 per
1555 654 1641 680 om-

80 713 152 755 nia
189 728 372 755 essemus
411 713 661 766 conformes,
693 729 740 756 ac
766 714 835 766 jus
862 713 976 754 vitae
1006 715 1201 754 aeternae
1228 711 1351 753 nobis
1381 711 1639 764 acquireret3

82 784 196 838 quod
236 785 382 826 totalis
426 787 468 826 et
511 784 643 826 debiti
684 785 913 826 secundum
955 784 1113 837 Legem
1149 784 1272 835 ratio,
1314 785 1356 825 et
1400 783 1641 825 obedientia

76 856 329 909 justitiaque
372 856 541 907 Christi,
585 858 626 897 et
666 855 770 897 fides
813 870 920 908 quae
962 857 1103 896 totum
1146 853 1361 896 Christum
1401 854 1639 908 prehendit,

83 927 229 981 exigit,
267 926 369 969 Gen.
408 928 470 977 15,
508 928 544 968 6.
585 926 681 968 Esa.
723 927 786 979 53,
825 927 862 968 9.
901 926 987 969 Jer.
1027 927 1091 977 23,
1131 925 1166 966 5.
1206 926 1242 966 6.
1273 927 1314 966 et
1343 926 1408 976 33,
1438 925 1501 966 16.
1533 924 1641 966 Dan.

82 999 119 1050 9,
159 999 220 1040 24.
258 998 358 1041 Luc.
399 999 434 1050 1,
475 999 537 1040 35.
577 997 700 1040 Matt.
739 999 775 1049 3,
806 997 868 1039 15.
897 997 996 1039 Joh.
1027 998 1088 1048 17,
1120 997 1185 1037 19.
1215 995 1338 1037 Rom.
1367 996 1404 1047 3,
1436 997 1498 1037 22.
1531 999 1572 1037 et
1605 997 1640 1047 5,

84 1070 146 1111 18.
186 1070 248 1111 19.
287 1071 350 1111 21.
388 1072 429 1111 et
459 1069 495 1121 8,
525 1070 562 1110 3.
591 1069 629 1110 4.
660 1071 700 1110 et
731 1069 794 1120 10,
822 1069 858 1109 3.
887 1068 924 1109 4.
957 1069 977 1109 1
1009 1067 1101 1109 Cor.
1134 1069 1169 1119 1,
1199 1067 1262 1108 30.
1296 1066 1386 1108 Gal.
1416 1068 1453 1118 3,
1484 1067 1545 1108 14.
1579 1068 1639 1109 18.

83 1142 125 1182 et
152 1142 190 1192 4,
218 1141 256 1182 4.
289 1140 325 1181 5.
354 1139 465 1181 Phil.
494 1140 530 1191 2,
561 1139 596 1181 8.
628 1141 669 1181 et
697 1140 733 1191 3,
765 1140 802 1180 8.
830 1139 866 1180 9.
897 1138 1028 1180 Hebr.
1060 1139 1122 1190 10,
1154 1138 1189 1180 7.
1221 1139 1283 1179 10.
1315 1137 1510 1180 Ceterum
1539 1138 1643 1180 haec

83 1211 287 1253 sanctitas
324 1213 365 1253 et
397 1211 566 1264 justitia
603 1209 776 1264 respicit
806 1224 975 1262 quoque
1004 1209 1263 1251 sacerdotale
1291 1224 1454 1250 munus.
1485 1208 1645 1250 Debuit

84 1282 195 1324 enim
226 1284 268 1324 et
295 1282 488 1324 sacerdos
516 1281 712 1335 legaliter
741 1294 829 1323 esse
858 1282 1028 1322 sanctus
1059 1282 1100 1321 et
1124 1281 1276 1332 justus,
1307 1281 1349 1321 et
1377 1280 1471 1333 ipsa
1500 1280 1641 1322 hostia

81 1353 251 1406 integra
279 1355 321 1395 et
348 1352 630 1394 immaculata.

138 1423 338 1466 XXXVI.
382 1423 583 1473 Quamvis
625 1416 767 1465 autem
809 1423 1053 1466 Satisfactio
1095 1423 1200 1464 haec
1239 1422 1398 1476 Christi
1438 1423 1644 1476 praestita

87 1496 142 1537 sit
179 1510 257 1550 pro
285 1495 421 1547 nobis,
451 1497 598 1536 nostra
627 1494 787 1536 scilicet
817 1494 907 1535 vice
938 1496 979 1535 et
1008 1492 1206 1544 utilitate,
1237 1495 1393 1544 tamen,
1422 1495 1470 1534 ut
1499 1495 1645 1534 nostra

87 1568 154 1620 sit,
193 1582 326 1621 opus
365 1570 447 1610 est
484 1567 710 1619 insuper
747 1565 869 1607 fide.
898 1564 1022 1607 Unde
1050 1564 1271 1618 Scriptura
1298 1564 1573 1606 traditionem
1603 1566 1645 1605 et

87 1639 337 1692 sanguinem
375 1638 473 1680 Filii
512 1653 606 1680 cum
634 1637 715 1678 fide
745 1636 929 1690 copulat,
958 1635 1056 1677 Joh.
1086 1636 1122 1676 3.
1152 1634 1236 1676 Ita
1266 1635 1469 1677 dilexit
1501 1634 1642 1677 Deus

87 1710 355 1761 mundum,
398 1711 453 1750 ut
497 1708 710 1750 dederit
753 1706 973 1758 Filium,
1012 1709 1068 1748 ut
1113 1706 1424 1759 quicunque
1464 1706 1641 1748 credit

86 1781 140 1822 in
176 1781 351 1832 illum,
389 1778 492 1821 non
530 1782 742 1834 pereat,
782 1779 871 1821 sed
908 1778 1112 1820 habeat
1151 1778 1318 1819 vitam
1355 1780 1642 1820 aeternam.

87 1850 211 1893 Rom.
254 1852 291 1893 3.
334 1851 494 1900 Quem
532 1850 828 1904 proposuit
865 1848 1028 1901 Deus,
1066 1850 1123 1890 ut
1161 1850 1303 1890 esset
1343 1849 1643 1902 placamen-

87 1925 196 1966 tum
227 1938 322 1977 per
349 1922 515 1965 fidem
543 1922 595 1964 in
625 1921 890 1975 sanguine
921 1922 1048 1974 ejus.

616 2078 1117 2129 ANTITHESES.

142 2214 372 2268 Rejicimus
421 2214 566 2267 itaque
615 2213 810 2267 primo,
851 2212 1029 2267 impiam
1066 2210 1184 2252 illam
1229 2210 1494 2263 sententiam,
1540 2227 1647 2265 quae

88 2286 408 2340 impossibilem,
460 2285 649 2337 adeoque
690 2283 895 2326 nullam
933 2283 1400 2334 satisfactionem,
1444 2298 1516 2325 seu
1555 2298 1647 2325 eam

90 2356 183 2399 Deo
220 2372 297 2399 nec
335 2357 538 2410 potuisse,
575 2371 652 2398 nec
680 2355 872 2398 debuisse
900 2354 1005 2407 fieri,
1035 2356 1198 2407 statuit,
1229 2356 1331 2408 quin
1361 2354 1521 2397 Christi
1548 2370 1646 2408 pas-

91 2427 229 2469 siones
259 2430 301 2469 et
331 2429 514 2470 mortem
540 2429 708 2468 tantum
738 2440 827 2468 esse
856 2425 1199 2480 martyrium3
1229 2426 1333 2468 item
1363 2426 1647 2468 confirma-

90 2499 296 2541 tionem
334 2500 384 2541 et
414 2497 864 2552 obsignationem
890 2496 1160 2539 liberalitatis
1189 2496 1271 2539 Dei
1301 2498 1350 2539 de
1380 2497 1645 2539 remittendis

91 2570 298 2623 peccatis3
344 2572 386 2611 et
428 2569 748 2622 exemplum,
794 2582 877 2621 quo
920 2567 1186 2610 sanctissima
1224 2571 1265 2610 et
1302 2567 1648 2610 innocentissima

90 2640 180 2682 vita
219 2643 261 2682 et
298 2643 436 2683 morte
473 2628 585 2682 Δ1113111
622 2639 769 2681 salutis
798 2639 1023 2692 aperuerit,
1053 2641 1181 2692 atque
1208 2639 1270 2680 ita
1298 2638 1576 2690 credentibus,
1604 2638 1648 2679 id

93 2714 170 2764 est,
199 2712 506 2764 obedientibus,
535 2710 828 2753 remissionem
854 2712 1126 2763 peccatorum
1153 2709 1406 2763 impetrarit.

146 2784 182 2825 2.
223 2782 429 2825 Deinde
466 2782 584 2824 illam
620 2781 819 2835 injuriam
859 2795 1028 2834 quoque
1068 2781 1112 2822 in
1151 2779 1310 2821 Christi
1346 2794 1572 2834 personam
1606 2784 1648 2822 et

93 2854 305 2907 meritum,
345 2869 452 2907 quae
491 2853 999 2908 acceptilationem,
1030 2854 1102 2894 aut
1131 2852 1418 2905 semiplenam,
1449 2867 1556 2904 quae
1583 2854 1648 2894 ta-

94 2940 192 2968 men
218 2925 262 2967 id
290 2925 447 2967 efficiat
474 2925 587 2978 quod
615 2925 753 2978 plena,
781 2939 860 2978 pro
891 2923 1181 2966 satisfactione
1208 2924 1424 2977 supponit.

147 2997 184 3038 3.
224 2996 470 3049 Denique
509 2998 551 3038 et
589 3010 692 3048 eam,
721 2995 893 3037 veritati
920 2997 1063 3037 tamen
1090 2993 1342 3047 proximam,
1373 3009 1479 3046 quae
1506 3010 1648 3037 neces-
