1931 3224
250 144 329 186 194
836 142 1080 184 DisPUTATm
1107 141 1223 184 XXI.

247 267 346 309 Dei
386 266 591 308 cultum
629 267 853 320 ejusque
881 266 1118 319 gloriam
1146 266 1423 319 spectant,
1451 267 1499 307 ut
1532 267 1631 307 sunt
1663 265 1806 307 omnia

248 353 389 392 opera,
432 340 551 380 extra
595 338 754 379 cultum
795 336 974 388 servilia,
1015 352 1064 378 ac
1100 336 1350 388 ministeria,
1390 351 1498 389 quae
1536 336 1755 379 Sabbatho
1785 352 1809 379 a

246 408 544 451 Sacerdotibus
572 409 616 450 iu
644 408 804 462 templo
834 407 1005 458 fiebant,
1036 407 1190 460 quibus
1221 407 1324 450 dicit
1348 405 1553 460 Christus,
1579 422 1601 449 e
1613 422 1637 449 o
1650 423 1668 450 s
1694 408 1776 450 sin
1787 423 1809 450 0

246 480 471 522 crimine
509 479 847 522 Sabbathum
879 478 1199 532 profanare,
1228 478 1333 521 Mat.
1365 480 1427 531 12,
1457 479 1507 532 5.,
1536 481 1585 521 ut
1613 482 1712 522 sunt
1741 495 1808 522 sa-

246 551 401 593 crificia
428 552 605 604 aliaque,
636 554 677 593 et
705 551 959 592 nominatim
985 551 1261 603 circumcisio,
1289 550 1339 593 de
1363 565 1447 604 qua
1462 550 1666 604 Christus,
1682 551 1710 595 S
1723 567 1747 594 a
1756 551 1805 593 b-

243 622 410 664 batho
467 622 866 664 circumciditis
917 621 1207 675 hominem,
1250 622 1330 664 ita
1372 625 1551 665 tamen
1602 626 1658 665 ut
1702 639 1809 666 non

244 710 262 736 s
275 694 460 736 olvatu
474 709 494 735 r
530 694 615 734 lex
653 692 698 734 M
711 708 735 735 o
749 693 822 735 sis
836 727 845 745 ,
874 692 973 735 Joh.
1004 694 1039 747 7,
1069 695 1132 736 22.
1163 694 1226 736 23.
1256 693 1380 737 Unde
1410 693 1604 737 Christus
1635 710 1808 738 suorum

244 780 420 818 operum
448 765 687 806 divinorum
716 765 995 807 assertionem
1025 766 1153 820 capit.

296 835 493 878 XXXIII.
524 836 723 885 Quinimo
754 839 796 879 et
826 851 970 879 omnes
1001 837 1188 880 actiones
1215 852 1323 891 quae
1346 853 1375 893 p
1387 854 1408 880 r
1419 854 1443 881 a
1455 854 1477 881 e
1488 854 1507 881 s
1520 854 1541 882 e
1553 842 1610 882 nt
1622 855 1643 882 e
1653 855 1696 882 m
1724 854 1753 882 n
1763 854 1806 883 0-

244 908 560 950 000011310111
617 923 941 951 communem
995 911 1141 952 circa
1189 913 1475 953 creaturas
1519 926 1808 965 earumque

243 995 263 1021 c
276 995 299 1021 0
311 995 338 1021 11
350 995 368 1021 0
380 995 401 1022 0
411 995 432 1022 r
444 995 469 1022 v
480 981 593 1022 atio
604 996 632 1022 n
645 996 666 1023 e
676 996 719 1022 m
766 981 940 1034 habent,
992 996 1040 1024 30
1091 982 1334 1036 speciatim:
1388 982 1544 1036 Primo,
1589 985 1806 1025 mutorum

165 1106 168 1109 v
243 1051 488 1093 animalium
516 1053 691 1104 curatio,
722 1055 770 1094 ut
798 1053 961 1095 solvere
990 1052 1211 1096 Sabbatho
1234 1054 1388 1096 bovem
1403 1056 1477 1096 aut
1503 1055 1668 1096 asinum
1683 1069 1808 1108 prae-

244 1124 333 1176 sepi
373 1126 413 1165 et
450 1126 652 1176 aquatum
690 1124 852 1177 ducere,
883 1123 980 1174 Luc,
1010 1125 1073 1177 13,
1099 1125 1162 1167 11.
1193 1140 1328 1178 ovem,
1358 1126 1524 1168 asinum
1553 1129 1627 1168 aut
1653 1127 1808 1169 bovem

244 1195 465 1236 cadentem
493 1195 536 1236 in
566 1194 734 1237 foveam
761 1195 858 1238 inde
888 1195 1125 1249 extrahere,
1141 1196 1260 1239 FMat.
1290 1198 1352 1239 12.
1367 1196 1465 1240 Luc.
1485 1198 1549 1249 13,
1566 1198 1615 1239 11
1633 1200 1675 1240 et
1691 1198 1754 1250 14,
1770 1198 1806 1240 1.

245 1265 371 1319 (quae
411 1267 579 1319 quidem
617 1267 745 1310 hodie
778 1267 953 1310 Judaeis
982 1268 1197 1310 habentur
1224 1269 1269 1311 in
1295 1269 1471 1322 illicitis,
1500 1272 1544 1312 at
1571 1285 1659 1312 non
1687 1269 1807 1324 olim)

246 1338 435 1391 adeoque
464 1353 733 1392 praeservare
763 1340 922 1382 bestias
952 1340 1004 1382 310
1033 1340 1209 1383 1111011111
1236 1341 1403 1395 11001031,
1435 1356 1484 1384 30
1513 1342 1656 1384 onmia
1681 1356 1808 1395 agere

245 1424 352 1461 quae
395 1410 447 1452 ad
484 1411 765 1453 necessariam
803 1412 975 1454 omnino
1015 1415 1304 1455 creaturarum
1332 1412 1414 1456 Dei
1443 1413 1808 1456 conservationem

243 1480 467 1523 faciebant.

294 1551 493 1595 XXXIV.
532 1553 696 1596 Deinde
735 1556 776 1596 et
805 1554 1102 1607 hominum3
1133 1556 1248 1609 quod
1281 1555 1309 1599 S
1322 1556 1640 1610 abbathum,
1671 1560 1720 1600 ut
1748 1557 1808 1599 ait

243 1622 453 1677 Christus,
506 1626 578 1667 sit
619 1628 850 1680 propter
892 1626 1185 1680 hominem,
1228 1643 1332 1670 non
1374 1628 1531 1671 homo
1575 1632 1807 1683 propter

243 1695 270 1737 8
284 1711 307 1737 3
318 1696 345 1737 b
355 1697 382 1738 b
395 1711 418 1737 a
427 1699 445 1737 t
455 1696 485 1737 h
495 1712 522 1737 11
536 1712 598 1748 m,
641 1696 770 1739 Marc.
816 1698 852 1750 2,
890 1698 954 1740 23.
992 1697 1116 1741 Unde
1156 1700 1275 1753 quies
1313 1702 1355 1742 et
1384 1701 1563 1743 cessatio
1595 1701 1647 1743 ab
1678 1716 1806 1756 opere

243 1782 350 1820 quae
386 1768 551 1810 homini
587 1770 761 1822 ejusque
790 1770 922 1811 statui
950 1772 992 1812 et
1020 1770 1147 1812 saluti
1176 1771 1309 1824 obest,
1340 1787 1428 1814 non
1455 1773 1706 1827 simpliciter
1734 1787 1805 1821 ve-

240 1841 370 1891 tatur,
409 1842 456 1880 ut
494 1839 713 1882 Sabbatho
744 1841 897 1883 vellere
927 1842 1067 1896 spicas
1098 1845 1140 1885 et
1170 1843 1401 1896 comedere,
1431 1842 1530 1886 Luc.
1560 1845 1596 1896 6,
1627 1844 1663 1885 1.
1693 1858 1803 1898 pug-

243 1924 356 1962 nare,
395 1925 467 1952 seu
495 1910 692 1953 hostibus
721 1912 881 1954 bellum
907 1913 1190 1956 inferentibus
1218 1915 1425 1965 resistere,
1457 1916 1478 1957 1
1507 1915 1613 1969 Reg.
1643 1916 1708 1968 20,
1737 1916 1800 1957 29.

243 1981 264 2024 1
308 1980 439 2024 Μ300.
483 1983 520 2034 2,
562 1983 627 2025 40.
669 1984 747 2036 41.,
787 1985 981 2038 quamvis
1020 2001 1044 2028 a
1081 1986 1374 2040 persequendo
1409 1986 1546 2039 hoste,
1577 1988 1619 2028 et
1646 1986 1804 2041 praeda

243 2052 533 2095 distribuenda
571 2056 663 2095 tum
699 2055 1007 2110 abstinuerunt,
1037 2058 1062 2098 2
1098 2056 1230 2100 Μ300.
1259 2058 1296 2111 8,
1327 2058 1390 2099 27.
1412 2057 1544 2107 ‘Quod
1572 2057 1703 2099 simili
1730 2072 1805 2099 ne-

245 2124 454 2166 cessitatis
492 2140 602 2178 03011,
633 2128 826 2181 exemplo
857 2126 1035 2171 Davidis
1066 2129 1213 2171 edocet
1243 2132 1285 2171 et
1315 2129 1567 2183 comprobat
1597 2128 1803 2182 Christus,

245 2195 345 2247 quia
384 2211 478 2237 cum
516 2198 705 2250 esuriret,
744 2197 827 2252 ips
841 2214 862 2241 e
897 2201 948 2241 et
977 2199 1207 2243 comites
1237 2200 1454 2243 ederint
1483 2200 1542 2243 de
1571 2200 1804 2254 panibus

245 2267 679 2320 propositionis,
711 2269 906 2321 quibus
935 2272 1085 2313 vesci
1114 2272 1255 2326 ipsis
1284 2287 1389 2314 non
1421 2274 1538 2314 erat
1565 2271 1802 2324 licitum,

245 2337 333 2379 sed
361 2337 498 2380 solis
527 2337 946 2394 Sacerdotibus,
975 2341 1072 2385 Lev.
1101 2343 1164 2385 24.
1195 2343 1299 2385 Μ31.
1330 2344 1391 2396 12,
1422 2344 1459 2385 3.
1487 2343 1525 2385 4.

297 2407 471 2450 XXXV.
509 2408 660 2463 Neque
697 2412 955 2455 caritatis
994 2417 1156 2468 atque
1191 2415 1590 2458 misercordiae
1620 2414 1803 2457 debita

244 2492 272 2520 n
284 2494 304 2521 e
317 2495 338 2522 c
350 2495 370 2522 e
382 2495 400 2521 0
412 2495 431 2522 0
442 2495 466 2522 3
478 2496 498 2522 r
508 2480 522 2522 i
534 2496 558 2522 a
569 2496 596 2534 q
607 2497 635 2523 u
647 2495 667 2523 e
707 2496 730 2524 o
743 2482 810 2524 ffi
821 2497 842 2525 c
853 2484 867 2525 i
879 2499 923 2537 3,
959 2485 1040 2527 1130
1066 2486 1161 2540 ipsa
1189 2486 1398 2528 Sabbathi
1427 2486 1697 2528 observantia
1725 2485 1804 2527 sis-

243 2553 405 2603 tuntur,
443 2554 595 2605 utpote
633 2552 854 2596 Sabbatho
891 2555 1056 2598 homini
1089 2557 1348 2609 benefacere,
1378 2572 1525 2599 sanare
1564 2560 1606 2600 et
1635 2556 1801 2609 similia,

245 2625 374 2675 prout
410 2622 603 2666 Christus
641 2624 753 2677 fecit,
792 2628 834 2671 01
861 2641 885 2668 3
914 2626 942 2668 J
943 2628 1088 2670 udaeis
1117 2628 1323 2682 exquirit:
1352 2628 1384 2670 L
1395 2629 1410 2670 i
1422 2643 1443 2670 c
1454 2643 1475 2671 e
1486 2631 1504 2670 t
1515 2643 1542 2670 n
1554 2643 1575 2670 e
1604 2628 1632 2670 8
1645 2643 1669 2670 3
1679 2628 1706 2669 b
1717 2627 1744 2669 b
1756 2642 1802 2669 a-

243 2693 336 2735 tho
369 2694 694 2737 benefacere
723 2711 785 2737 an
813 2697 1163 2752 malefacere,
1192 2700 1462 2743 hominem
1492 2714 1710 2742 servare
1738 2714 1801 2741 an

245 2765 425 2807 trucid
438 2781 524 2808 are
553 2781 570 2808 s
583 2781 643 2808 eu
671 2782 699 2820 p
713 2767 927 2810 erdere?
956 2768 1054 2812 Luc.
1083 2771 1120 2823 6,
1150 2772 1186 2813 9.
1218 2787 1266 2814 30
1295 2771 1521 2823 concludit,
1545 2770 1671 2813 licere
1694 2770 1801 2814 Sab-

243 2835 376 2877 batho
414 2836 673 2891 benefacere,
711 2838 816 2881 Mat.
855 2841 918 2891 12,
956 2841 1018 2882 12.
1048 2841 1256 2885 Sabbathi
1286 2843 1398 2885 enim
1425 2842 1506 2895 leX,
1535 2844 1583 2884 ut
1611 2842 1801 2894 reliquae

246 2907 511 2959 cerimoniae,
564 2910 674 2952 cedit
725 2912 894 2953 caritati
935 2913 1135 2966 proximi,
1177 2915 1407 2957 secundum
1446 2913 1553 2956 illud
1595 2913 1709 2966 quod
1750 2925 1801 2954 ex

248 2976 358 3020 Osea
399 2978 590 3022 Christus
632 2982 676 3022 in
715 2997 811 3025 eum
850 2997 1018 3027 sensum
1048 2985 1183 3039 affert,
1208 2985 1254 3028 M
1263 2987 1279 3029 i
1289 3001 1308 3029 0
1320 3001 1342 3028 0
1351 3001 1373 3028 r
1383 2986 1398 3028 i
1409 3001 1431 3028 0
1442 3000 1466 3028 0
1479 3000 1499 3027 1·
1511 2985 1537 3028 d
1547 2987 1562 3028 i
1573 3001 1597 3028 3
1606 3000 1650 3027 111
1677 2999 1703 3027 v
1714 2999 1738 3026 o
1749 2984 1764 3025 l
1775 2998 1800 3026 o
