1931 3224
680 147 744 189 DE
774 146 934 189 Ormoio
963 144 1138 188 Cnmsri.
1606 143 1684 184 259

124 274 168 315 in
210 273 327 326 cujus
371 275 462 314 erat
500 271 667 323 lumbis,
707 272 938 313 decimatus
975 270 1104 311 fuisse
1143 269 1309 319 dicitur,
1348 267 1456 309 Heb.
1496 268 1532 318 7,
1572 267 1608 307 3.
1648 268 1684 308 9.

178 343 306 386 XLV.
344 343 502 397 Legem
540 343 620 384 Dei
659 342 850 384 Christus
892 342 1054 384 duobus
1095 340 1231 382 modis
1260 339 1468 392 implevit,
1498 338 1685 392 generali

126 416 286 458 scilicet
326 415 514 457 omnium
556 415 853 456 mandatorum
896 413 976 455 Dei
1019 412 1327 463 observatione,
1371 412 1413 451 et
1451 425 1686 463 poenarum

126 487 279 540 quibus
315 502 393 529 nos
432 486 575 528 miseri
612 488 857 539 peccatores
898 484 1136 527 secundum
1164 483 1271 536 legis
1313 481 1687 524 comminationem

125 559 300 600 obnoxii
325 573 502 609 eramus,
532 558 772 599 voluntaria
800 557 1103 611 persolutione.
1132 555 1328 608 Utraque
1357 554 1463 607 legis
1492 553 1686 606 impletio

123 630 168 670 in
196 629 471 682 sequentibus
501 628 863 681 disputationibus
893 628 942 669 de
972 627 1131 669 Christi
1160 626 1449 668 satisfactione
1479 627 1521 666 et
1550 624 1687 666 nostri

122 701 426 754 justificatione
455 700 588 741 fusius
619 700 912 754 explicabitur.

178 771 329 813 XLVI.
368 770 633 813 Sucrificium
671 770 840 822 Christi,
880 763 973 812 tuni
1011 770 1176 811 ratione
1219 773 1285 811 τοῦ
1319 768 1439 820 λόγου
1468 768 1688 810 victimam

125 843 352 894 offerentis,
392 845 484 884 tum
521 843 688 884 ratione
718 841 866 893 carnis,
894 856 966 883 seu
995 840 1193 882 victimae
1223 841 1402 891 oblatae,
1432 856 1456 882 a
1485 840 1688 882 Sacerdo-

123 915 240 956 tibus
279 917 320 957 et
353 913 569 956 sacrificiis
599 912 798 954 Leviticis
827 927 901 965 per
931 912 1190 965 Apostolum
1217 911 1262 952 in
1291 911 1490 964 Epistola
1520 912 1572 953 acl
1600 911 1688 953 He-

124 985 275 1027 braeos
303 985 371 1027 his
400 985 515 1026 notis
544 984 835 1040 distinguitur.

180 1057 215 1098 1.
256 1056 378 1105 Quod
411 1071 594 1109 persona
633 1056 812 1097 offerens
853 1056 907 1096 sit
944 1055 1093 1096 unicus
1131 1053 1336 1096 Sacerdos
1365 1055 1591 1096 secundum
1621 1070 1689 1096 or-

126 1127 266 1169 dinem
304 1127 603 1169 Melchisedeci
640 1128 684 1168 in
723 1128 977 1181 perpetuum
1015 1140 1279 1180 permanens,
1317 1125 1496 1179 ideoque
1525 1126 1689 1167 nullum

126 1198 256 1240 alium
297 1199 350 1240 ad
391 1198 577 1240 muneris
616 1198 680 1239 sui
719 1197 978 1249 societatem,
1019 1199 1091 1238 aut
1133 1197 1439 1239 successionem
1477 1197 1688 1249 admittat,

126 1268 234 1311 Heb.
261 1270 296 1321 7,
327 1270 363 1311 3.

178 1341 215 1381 2.
247 1340 369 1389 Quod
396 1340 466 1382 hic
496 1340 699 1383 Sacerdos
728 1356 804 1394 per
834 1356 877 1382 se
906 1341 961 1382 sit
990 1340 1233 1394 inculpatus
1263 1342 1390 1393 atque
1416 1340 1468 1381 ab
1495 1340 1690 1381 omnibus

127 1411 425 1465 peccatoribus
455 1413 688 1465 separatus,
717 1411 826 1453 Heb.
857 1412 892 1464 7,
924 1412 986 1453 26.

182 1483 219 1524 3.
259 1482 381 1532 Quod
419 1482 580 1524 oblatio
619 1483 753 1536 ipsius
783 1483 909 1524 semel
938 1483 1052 1524 facta
1082 1483 1136 1524 sit
1166 1483 1362 1525 omnibus
1392 1484 1578 1524 numeris
1608 1483 1691 1525 suf-

128 1554 273 1596 ficiens
303 1554 355 1595 ad
383 1568 460 1595 nos
490 1553 678 1607 perfecte
707 1554 948 1605 servandos,
973 1556 1101 1606 atque
1125 1554 1219 1595 ideo
1244 1569 1463 1607 nunquam
1485 1554 1690 1606 iteranda,

127 1624 237 1667 Heb.
269 1626 306 1676 7,
335 1625 397 1665 24.
429 1625 492 1665 25.

181 1697 218 1738 4.
256 1695 378 1745 Quod
416 1710 526 1747 caro,
565 1711 636 1738 seu
664 1696 836 1738 victima
866 1696 1024 1747 oblata,
1055 1697 1110 1738 sit
1139 1712 1233 1738 011111
1275 1699 1327 1751 τῷ
1361 1697 1469 1751 λόγῳ
1508 1712 1601 1739 eam
1627 1698 1690 1739 of-

127 1767 290 1809 ferente
318 1766 598 1820 personaliter
629 1767 761 1818 unita,
791 1766 900 1809 Heb.
931 1768 967 1819 9,
1001 1768 1062 1808 12.

182 1838 219 1880 5.
259 1838 381 1888 Quod
417 1838 541 1891 vigor
579 1838 705 1891 hujus
733 1839 931 1880 victimae
961 1853 1007 1880 ac
1036 1839 1157 1881 valor
1185 1840 1298 1893 apud
1331 1839 1469 1882 Deum
1498 1840 1553 1883 sit
1582 1855 1689 1882 seni-

129 1909 332 1962 piternus,
361 1909 470 1952 Heb.
501 1911 536 1961 7,
568 1910 630 1951 24.
660 1910 723 1951 25.
755 1912 796 1951 et
827 1910 890 1961 10,
922 1911 983 1952 14.

181 1980 354 2022 XLVII.
381 1981 473 2030 Qua
497 1981 699 2034 Apostoli
724 1981 981 2034 quintuplici
1007 1981 1279 2024 distinctione
1303 1982 1554 2025 traditiones
1579 1983 1691 2025 Pon-

128 2051 359 2094 tificiorum
397 2053 447 2095 de
489 2053 708 2095 Pontificis
739 2053 815 2105 sui,
845 2055 1066 2106 tamquam
1094 2054 1241 2095 vicarii
1269 2053 1296 2095 J
1300 2069 1373 2095 esu
1401 2054 1573 2107 Christi,
1604 2056 1692 2109 pri-

129 2125 261 2176 matu,
299 2126 341 2165 et
378 2123 428 2166 de
456 2123 614 2166 Missae
642 2123 847 2166 sacrificio
878 2139 954 2177 per
984 2125 1254 2167 secundarios
1283 2124 1398 2167 Novi
1429 2125 1692 2168 Testamenti

131 2193 381 2237 Sacerdotes
419 2194 510 2237 Deo
546 2195 777 2237 etiamnum
807 2195 1033 2248 offerendo,
1065 2195 1256 2238 funditus
1287 2199 1545 2239 evertuntur.
1576 2196 1694 2240 Haec

131 2266 280 2318 utique
331 2266 545 2307 axiomata
596 2269 693 2308 sunt
741 2266 976 2315 [ἑο-ὕστατοι,
1029 2282 1158 2319 seque
1210 2268 1394 2309 invicem
1438 2270 1671 2310 evertentia
1682 2287 1692 2321 3

133 2336 408 2379 Christum
452 2337 622 2379 solum
659 2341 909 2380 nostrum
948 2352 1062 2380 esse
1100 2337 1454 2380 Pontificem:
1494 2339 1694 2393 Papam

130 2407 355 2449 interim
392 2407 683 2450 Romanum
710 2410 888 2462 ipsius
918 2424 1033 2451 esse
1062 2410 1338 2451 vicarium.
1367 2410 1487 2461 Item,
1518 2410 1694 2453 Sacri-

131 2478 322 2520 ficium
363 2473 569 2526 Christi
608 2482 900 2531 cruentum,
941 2480 1081 2532 quod
1117 2495 1211 2533 per
1250 2480 1519 2534 Spiritum
1548 2497 1695 2524 suum

133 2552 412 2591 aeternum
447 2550 500 2590 in
539 2552 769 2604 propria
806 2566 898 2592 sua
937 2565 1094 2592 carne
1132 2551 1240 2593 Deo
1271 2552 1434 2592 semel
1464 2552 1692 2605 obtulit,

132 2622 505 2663 tantummodo
545 2637 658 2663 esse
697 2622 1084 2675 expiatoriun13
1125 2623 1212 2674 Et,
1251 2623 1449 2665 Missae
1481 2625 1695 2667 sacrifi-

135 2692 271 2734 cium
321 2693 692 2744 incruentum,
746 2694 888 2746 quod
932 2693 1246 2735 sacrificuli
1287 2709 1381 2746 per
1423 2691 1694 2747 Spiritum

135 2777 282 2805 suum
310 2764 594 2805 humanum
621 2764 673 2804 in
699 2764 897 2816 aliena,
922 2779 1109 2817 nempe
1139 2764 1371 2816 Christi,
1396 2768 1453 2806 ut
1476 2768 1693 2820 putant,

136 2849 294 2876 carne
324 2834 362 2876 D
377 2850 433 2877 eo
465 2834 732 2886 offerunt,
765 2835 1032 2876 similiter
1061 2849 1176 2876 esse
1207 2835 1582 2888 expiatorium
1604 2837 1694 2879 Ad-

135 2904 252 2958 haec,
291 2905 646 2948 Sacrificium
683 2905 1053 2959 ex-piatorium
1089 2906 1316 2959 proprie
1352 2907 1430 2948 sic
1468 2908 1693 2960 dictum,

136 2990 241 3018 non
276 2977 528 3029 potuisse
563 2976 673 3018 Deo
713 2964 842 3018 olini
870 2973 1081 3019 'offerri
1112 2976 1174 3017 ab
1212 2976 1527 3020 hominibus
1564 2994 1695 3021 mor-
