1931 3224
664 99 727 142 Dn
755 99 897 145 Momm
925 102 1159 147 Cam-mous.
1639 115 1690 154 83

181 217 234 259 II.
264 217 470 261 Mundum
497 221 568 263 hic
595 225 769 278 proprie
794 227 1024 280 accipimus
1048 243 1127 282 pro
1153 230 1349 273 universa
1374 232 1453 274 hac
1477 235 1684 289 machina,

129 303 257 340 quam
294 288 424 332 Sacra
459 290 681 346 Scriptura
719 296 772 338 ab
812 298 901 350 ejus
930 299 1124 352 partibus
1158 300 1409 356 describens,
1439 309 1563 348 vocat
1592 321 1687 349 coe-

110 358 227 411 lum,
256 362 427 414 terram,
456 378 572 406 mare
601 368 644 407 et
673 381 780 420 quae
808 371 907 410 sunt
935 370 979 412 in
1010 372 1082 423 eis,
1113 371 1248 414 Exod.
1277 374 1341 426 20,
1370 375 1431 416 11.

179 428 255 472 III.
293 431 375 473 Per
402 435 548 476 mundi
577 438 846 492 creationem,
879 441 966 494 ejus
997 457 1046 484 ex
1075 442 1212 485 nihilo
1243 445 1567 497 productionem
1596 451 1685 492 sola

126 499 208 543 Dei
243 503 400 547 virtute
429 507 724 561 omnipotente
751 510 909 553 factam
937 513 1229 568 intelligimus,
1260 515 1383 559 Unde
1414 520 1455 560 et
1482 519 1526 560 in
1556 520 1684 563 Sacra

125 570 347 627 Scriptura
390 579 432 618 et
473 578 517 620 in
560 578 766 634 Symbolo
809 582 1077 637 Apostolico,
1119 586 1294 630 Creator
1333 589 1439 632 coeli
1479 594 1521 632 et
1549 594 1685 635 terrae

88 667 91 669 -
126 644 318 697 epitheto
347 646 429 690 Dei
458 652 766 705 omnipotentis
795 655 1038 709 insignitur.

175 714 250 758 IV.
288 717 412 762 Hanc
450 736 569 763 suam
608 725 965 778 omnipotentiam
1004 728 1120 772 Deus
1157 732 1201 772 in
1239 732 1364 774 rebus
1404 749 1427 775 a
1462 750 1505 776 se
1534 738 1685 779 creatis

124 786 285 840 duplici
320 791 486 834 ratione
524 794 852 840 demonstravit:
892 803 965 841 aut
1001 801 1257 854 immediate,
1297 807 1506 856 quatenus
1544 823 1684 850 rerum

122 861 421 904 nonnullarum
461 867 659 908 naturam
700 883 874 922 prorsus
917 886 968 913 ex
1009 872 1146 915 nihilo
1184 875 1398 928 produxit,
1438 880 1485 919 ut
1512 881 1681 933 terram,

123 946 289 986 aquam,
340 934 531 989 Angelos
582 940 624 980 et
666 940 903 993 primorum
946 946 1190 986 nostrorum
1231 950 1458 999 parentum
1500 951 1682 1000 animas;

122 1006 196 1045 aut
223 1005 418 1059 mediate,
449 1011 656 1060 quatenus
684 1026 752 1054 res
782 1013 947 1067 aliquas
973 1030 1023 1057 ex
1046 1016 1141 1058 rudi
1156 1019 1336 1060 materia
1351 1022 1682 1072 praeexsistente

121 1074 372 1129 efformavit,
410 1081 459 1120 ut
491 1080 660 1133 plantas
690 1085 841 1137 terrae,
873 1100 1026 1140 corpus
1056 1087 1210 1130 Adami
1240 1092 1282 1130 et
1312 1090 1437 1132 bruta
1469 1093 1681 1136 animalia.

173 1145 226 1188 V.
254 1146 368 1190 Hinc
395 1151 542 1193 mundi
572 1154 833 1197 creationem
863 1156 1084 1200 definimus
1115 1161 1328 1203 actionem
1358 1165 1574 1223 externam
1603 1164 1682 1207 Dei

88 1236 89 1239 ¹
121 1218 440 1274 omnipotentis,
482 1225 688 1267 creaturis
725 1227 1181 1283 incommunicabilem,
1223 1248 1306 1285 qua
1335 1249 1412 1287 per
1441 1250 1496 1287 se,
1527 1251 1575 1278 ac
1604 1252 1681 1290 pro

119 1287 337 1333 liberrima
374 1307 450 1335 sua
487 1295 719 1350 voluntate,
760 1314 784 1340 a
812 1300 929 1343 nullo
960 1301 1043 1344 alio
1073 1307 1306 1357 permotus,
1337 1306 1499 1348 coelum
1528 1311 1569 1349 et
1597 1311 1681 1350 ter-

117 1372 209 1400 ram
249 1361 294 1402 in
335 1364 549 1419 principio
588 1370 795 1423 temporis
835 1386 885 1413 ex
923 1370 1058 1415 nihilo
1097 1376 1297 1427 condidit,
1329 1380 1371 1418 et
1400 1393 1466 1420 res
1495 1380 1681 1433 singulas

118 1444 222 1482 quas
266 1447 316 1474 ex
357 1435 497 1488 prima
537 1438 611 1481 illa
652 1443 831 1484 materia
870 1443 1071 1498 effingere
1111 1447 1258 1499 voluit,
1297 1463 1372 1490 3110
1412 1450 1570 1502 ordine,
1609 1466 1679 1493 sex

117 1501 279 1545 dierum
318 1507 457 1560 spatio
499 1508 722 1565 disposuit,
757 1515 804 1554 ut
834 1514 1017 1567 gloriam
1043 1517 1273 1560 immensae
1304 1534 1403 1562 suae
1432 1521 1678 1574 sapientiae,

115 1575 337 1625 potentiae
379 1593 427 1619 ac
465 1578 672 1623 bonitatis
712 1586 917 1627 creaturis
956 1587 1054 1639 suis,
1094 1590 1346 1642 praesertim
1384 1593 1677 1645 rationalibus,

115 1645 388 1700 patefaceret,
419 1664 574 1704 easque
603 1653 656 1694 ad
683 1656 868 1698 nominis
897 1659 962 1699 sui
992 1659 1321 1702 celebrationem
1348 1663 1562 1706 invitaret.

167 1715 241 1758 VI.
292 1717 388 1761 Hac
436 1725 585 1765 nostra
631 1724 876 1770 definitione
929 1728 1067 1772 Deum
1117 1733 1455 1786 omnipotentem
1497 1738 1678 1779 essentia

113 1801 256 1840 unum,
295 1793 488 1843 personis
525 1795 698 1849 trinum,
737 1799 883 1841 mundi
913 1815 1082 1843 causam
1112 1803 1364 1846 efficientem
1392 1806 1584 1860 facimus,
1613 1810 1677 1850 ni-

112 1860 252 1902 tentes
295 1860 362 1903 his
405 1862 560 1925 Sacrae
602 1866 849 1922 Scripturae
892 1874 1163 1927 testimoniis,
1204 1874 1324 1918 Gen.
1355 1878 1400 1932 ἡ1.
1440 1877 1516 1920 Ρ3.
1546 1880 1610 1931 33,
1640 1881 1674 1921 6.

112 1927 141 1970 J
154 1929 229 1972 ob.
259 1931 323 1984 33,
351 1932 401 1975 4?
420 1937 462 1977 et
491 1938 793 1983 consimilibus.

163 1999 259 2044 VH.
299 2002 507 2053 Quocirca
542 2009 715 2053 Arriani
755 2015 797 2054 et
834 2013 1008 2058 Duliani
1048 2017 1149 2060 olim
1186 2020 1338 2062 merito
1369 2020 1558 2064 danmati
1586 2021 1675 2065 fue-

111 2075 223 2125 runt,
254 2076 368 2127 quod
397 2080 635 2124 statuerent
661 2085 865 2127 mundum
894 2102 918 2129 a
948 2087 1118 2132 Christo
1148 2090 1310 2133 factum
1339 2106 1428 2134 esse
1457 2096 1675 2148 tamquam

109 2158 134 2185 a
173 2143 315 2188 Patris
352 2147 650 2195 instrumento.
689 2153 739 2197 In
778 2160 991 2201 communi
1030 2161 1142 2202 enim
1177 2163 1427 2216 operatione
1456 2165 1508 2206 ab
1539 2167 1673 2208 omni-

107 2216 305 2267 potentia
346 2217 426 2261 Dei
468 2223 765 2270 tantummodo
808 2230 1059 2285 profluente,
1112 2233 1246 2276 altera
1293 2250 1572 2288 personarum
1610 2241 1674 2280 est

107 2285 233 2329 alteri
263 2292 519 2344 coaequalis.

158 2357 275 2401 VIII.
325 2361 422 2405 Hoc
474 2380 581 2420 opus
632 2371 859 2415 creationis
912 2372 1003 2417 Deo
1057 2374 1190 2429 Patri,
1242 2376 1354 2420 Filio
1410 2382 1451 2421 et
1493 2378 1672 2433 Spiritui

105 2427 263 2473 Sancto
317 2437 599 2480 communiter
649 2442 910 2502 ascribimus,
966 2447 1168 2499 quoniam
1221 2450 1363 2490 onmia
1406 2449 1486 2492 Dei
1530 2466 1670 2505 opera,

107 2514 215 2553 quae
255 2503 308 2545 ad
346 2507 468 2549 extra
503 2514 721 2565 vocantur,
763 2518 862 2557 sunt
898 2516 1091 2571 indivisa,
1132 2521 1315 2573 tametsi,
1356 2523 1404 2562 ut
1431 2522 1475 2563 in
1506 2524 1668 2575 ceteriS,

105 2572 166 2614 sic
200 2574 246 2616 in
275 2590 403 2630 opere
433 2581 660 2625 creationis
690 2584 878 2629 diversus
909 2590 1115 2642 operandi
1143 2591 1294 2633 modus
1323 2594 1451 2645 atque
1481 2593 1583 2636 ordo
1612 2595 1669 2636 sit

105 2642 404 2691 observandus.

156 2715 230 2759 IX.
268 2717 383 2762 Nam
420 2721 551 2765 Pater
589 2739 614 2766 a
642 2740 687 2768 se
715 2742 793 2781 pei·
820 2728 977 2773 Filium
1006 2735 1048 2774 et
1074 2732 1284 2786 Spiritum
1313 2734 1518 2779 Sanctum
1545 2753 1666 2781 mun-

104 2786 204 2830 dum
244 2793 415 2845 creavit,
458 2793 591 2837 Filius
631 2812 656 2838 a
694 2797 822 2842 Patre
860 2815 937 2855 per
974 2802 1195 2857 Spiritmn,
1236 2808 1278 2847 et
1315 2806 1385 2849 hic
1413 2823 1438 2849 a
1467 2807 1594 2851 Patre
1625 2812 1666 2852 et

102 2856 226 2913 Filio,
269 2865 318 2905 ut
359 2867 480 2918 patet
521 2881 572 2909 ex
614 2867 681 2911 his
723 2869 877 2915 Sacrae
920 2873 1167 2928 Scripturae
1209 2877 1325 2930 10013,
1369 2878 1470 2922 Gen.
1502 2881 1537 2922 1.
1568 2880 1665 2923 Job.

100 2930 164 2984 33,
193 2932 232 2973 4.
260 2932 359 2977 Joh.
390 2936 426 2989 1,
457 2937 492 2979 2.
523 2938 560 2980 3.
590 2939 612 2980 1.
643 2938 737 2984 Cor.
766 2942 803 2994 8,
833 2944 870 2986 6.
901 2943 987 2987 Col.
1019 2946 1054 2997 1,
1086 2947 1147 2989 15.
1178 2949 1257 2991 etc.
