1931 3224
557 132 620 174 Dr:
649 131 911 174 MAGISTRATU
939 130 1138 173 Pom‘rlco.
1547 128 1624 169 619

71 259 235 311 aliaque
275 258 326 299 ad
356 257 506 310 templi
536 256 871 298 aedificationem
902 255 1137 297 necessaria
1164 251 1448 309 praeparavit.
1478 251 1625 294 Salo-

69 344 207 380 mon,
239 328 311 380 qui
342 328 513 369 domum
542 327 623 368 Dei
649 327 921 379 consecravit,
946 326 1101 368 festum
1125 324 1494 366 tabernaculorum
1520 322 1626 364 cele-

71 399 223 451 bravit,
269 398 474 439 sacrificia
513 413 639 452 super
676 398 820 449 altare,
860 397 972 450 quod
1011 398 1290 447 exstruxerat,
1327 395 1418 436 Deo
1457 394 1625 444 obtulit,

70 473 94 513 2
140 470 292 512 Chron.
332 470 368 510 8.
409 469 535 520 Asa,
576 469 648 520 qui
687 483 830 510 omnes
866 467 981 509 Deos
1020 470 1267 518 stercoreos,
1306 481 1412 518 quos
1442 465 1626 518 Majores

70 542 203 596 ipsius
232 541 432 591 fecerant,
464 555 513 581 ex
541 555 672 593 regno
703 554 778 580 suo
810 539 982 589 amovit,
1009 540 1029 580 1
1056 538 1161 591 Reg.
1187 553 1220 579 0.
1247 538 1308 579 15.
1333 536 1627 589 Josaphat,

73 615 145 667 qui
186 612 327 655 onmia
366 626 534 664 quoque
571 611 684 652 idola
723 610 920 661 abolevit,
964 612 1004 650 et
1043 608 1300 661 singularem
1337 608 1381 648 in
1417 621 1516 648 vero
1546 605 1628 647 Dei

72 685 186 727 cultu
229 683 506 725 instaurando
551 697 695 724 curam
738 681 944 732 adhibuit,
990 680 1156 735 12Reg.
1195 681 1256 731 22,
1295 681 1331 720 2.
1371 678 1526 720 Chron.
1564 678 1628 719 23.

71 756 99 797 J
111 770 222 807 oas,
277 754 349 807 qui
393 754 631 795 sacerdotes
673 753 822 806 templi
863 752 1069 793 fabricam
1109 751 1378 804 negligenter
1420 751 1630 800 curantes,

74 827 202 868 officii
243 826 475 877 admonuit,
517 827 558 866 et
596 824 830 875 mulctavit,
871 825 896 864 2
935 822 1038 875 Reg.
1082 837 1114 864 0.
1153 823 1214 864 12.
1252 822 1288 862 2.
1319 820 1473 862 Chron.
1505 835 1537 862 0.
1565 820 1628 861 24.

72 897 360 948 Ezechias,
393 897 465 949 qui
493 896 699 949 templum
729 894 809 936 Dei
832 908 1068 947 repurgans
1094 893 1145 934 ab
1172 892 1287 934 omni
1312 891 1630 944 superstitione,

72 984 227 1023 purum
267 969 440 1019 cultum,
481 967 557 1008 sub
595 970 717 1020 patre
746 967 834 1019 ejus
864 968 1121 1019 corruptum,
1152 979 1280 1016 quam
1309 962 1632 1016 diligentissime

74 1040 272 1091 restituit,
302 1039 476 1081 Judaeis
508 1038 672 1080 Pascha
695 1037 856 1088 indixit,
885 1052 932 1078 ac
955 1036 1115 1078 Levitis
1141 1036 1190 1077 de
1215 1035 1374 1076 cibario
1400 1034 1632 1088 prospexit,

73 1114 98 1153 2
134 1111 240 1164 Reg.
281 1111 342 1152 18.
382 1111 406 1151 2
436 1110 590 1151 Chron.
622 1110 684 1150 29.
714 1108 742 1150 J
755 1109 920 1159 osias,
949 1107 1156 1150 Ezechiae
1185 1121 1412 1160 pronepOS,
1445 1105 1518 1158 qui
1547 1105 1632 1147 cul-

73 1186 165 1224 tum
203 1182 284 1223 Dei
322 1181 398 1222 sub
437 1180 631 1221 Manasse
670 1181 710 1221 et
749 1179 915 1220 Anione
954 1179 1289 1220 contaminatum
1324 1192 1450 1230 quam
1478 1177 1633 1218 fidelis-

74 1255 177 1296 sime
216 1253 482 1303 restauravit,
521 1255 650 1304 atque
688 1251 955 1293 idololatriae
994 1252 1188 1292 auctores
1226 1249 1404 1302 punivit.
1445 1249 1633 1298 Quorum

30 1320 33 1322 .
74 1325 267 1379 vestigiis
305 1324 498 1366 nonnulli
538 1339 588 1365 ex
628 1323 880 1365 Christianis
911 1322 1176 1376 principibus
1204 1321 1465 1373 institerunt,
1496 1320 1634 1362 nomi-

73 1398 209 1440 natim
233 1395 628 1439 Constantinus
654 1394 890 1448 Magnus,
918 1394 1008 1447 qui
1034 1393 1240 1446 primus
1266 1393 1466 1447 templa
1491 1391 1633 1433 Chri-

76 1469 276 1512 stianis
319 1467 557 1522 aperuit,
601 1469 642 1508 et
685 1466 1050 1517 Theodosius,
1095 1465 1167 1517 qui
1209 1464 1362 1506 clausis
1401 1462 1634 1505 Gentilium

75 1541 259 1594 templis,
289 1553 418 1581 unam
446 1538 716 1591 Religionem
745 1536 1028 1578 Christianam
1057 1537 1101 1577 in
1129 1538 1223 1577 toto
1249 1549 1324 1576 suo
1348 1534 1526 1589 imperio
1553 1533 1633 1575 coli

71 1612 217 1666 jussit3
258 1625 334 1653 nec
371 1624 456 1651 11011
494 1609 565 1650 alii
603 1608 755 1662 Reges,
797 1607 1013 1660 Principes
1051 1610 1094 1648 et
1117 1606 1411 1660 Magistratus,
1442 1605 1514 1658 qui
1538 1619 1634 1646 suas

77 1684 258 1726 ditiones
303 1682 355 1724 ab
396 1680 630 1734 impietatis
674 1682 715 1721 et
757 1679 1073 1733 superstitionis
1113 1678 1334 1729 fermento,
1373 1692 1458 1719 non
1496 1676 1634 1717 minus

77 1754 234 1796 nostris
266 1768 393 1806 quam
423 1753 634 1805 majorum
661 1753 905 1793 nostrorum
934 1750 1199 1804 temporibus
1229 1749 1528 1807 reformarunt.

130 1824 279 1867 XLIV.
311 1825 379 1866 Ad
407 1838 548 1865 sacrae
571 1823 808 1876 Religionis
832 1821 1176 1863 informationem
1199 1820 1332 1862 fidelis
1356 1819 1636 1873 Magistratus

76 1896 210 1939 Verbi
248 1895 379 1937 divini
417 1895 688 1946 administris,
728 1893 860 1935 veluti
890 1893 1033 1943 oculis,
1063 1893 1127 1933 uti
1157 1892 1293 1943 debet,
1324 1891 1503 1932 honesta
1530 1891 1636 1944 ipsis

78 1968 290 2022 stipendia
332 1967 602 2019 constituere,
647 1968 877 2007 conventus
920 1965 1123 2017 ipsorum,
1165 1966 1257 2004 tum
1301 1962 1634 2014 Consistoriales,

77 2042 170 2081 tum
209 2039 444 2093 Synodicos
480 2038 603 2089 tueri,
641 2038 685 2078 111
714 2037 764 2077 iis
795 2039 1013 2078 externam
1059 2033 1248 2084 εὐταξίαν
1286 2048 1545 2085 conservare,
1589 2048 1637 2075 ac

79 2111 314 2164 Synodicis,
351 2111 425 2151 ubi
462 2125 528 2151 res
565 2108 770 2162 postulat,
808 2107 1019 2149 interdum
1056 2106 1274 2157 interesse,
1305 2105 1498 2158 exemplo
1529 2103 1638 2145 Con-

79 2182 258 2224 stantini
295 2181 455 2235 Magni,
497 2181 569 2234 qui
608 2194 779 2222 causam
806 2179 924 2220 Arrii
952 2178 1138 2231 primum
1166 2176 1209 2217 in
1238 2176 1433 2230 legitimo
1465 2175 1636 2229 Synodo

79 2252 269 2296 Nicaena
300 2253 498 2307 cognosci
527 2267 570 2294 se
598 2253 820 2305 praesente
848 2250 995 2301 voluit,
1024 2251 1071 2290 ut
1099 2263 1188 2290 rem
1216 2251 1354 2289 totam
1383 2262 1433 2288 ex
1464 2261 1639 2288 consen-

78 2325 285 2367 tientibus
322 2324 651 2378 Episcoporum,
693 2323 765 2375 qui
806 2321 1041 2363 Ecclesiam
1070 2319 1458 2373 repraesentabant,
1490 2318 1639 2359 suffra-

81 2397 163 2450 giis
193 2397 246 2438 ad
273 2411 467 2438 normam
496 2394 648 2436 Sacrae
678 2393 923 2447 Scripturae
953 2391 1286 2444 congruentibus
1315 2391 1602 2443 cognosceret.

135 2466 261 2509 XLV.
293 2466 435 2508 Civilis
459 2480 601 2506 rerum
626 2464 938 2506 administratio
967 2465 1008 2504 et
1034 2462 1316 2504 ecclesiastica
1341 2461 1500 2515 triplici
1526 2475 1639 2502 com-

82 2538 281 2580 munione
308 2538 419 2579 inter
449 2551 492 2578 se
522 2536 804 2578 continentur.
834 2535 978 2576 Prima
1003 2537 1077 2587 est,
1104 2534 1217 2587 quod
1240 2537 1420 2585 utraque
1444 2534 1641 2586 respectu

82 2610 162 2652 Dei
200 2610 255 2650 sit
296 2609 490 2650 diaconia
529 2610 569 2649 et
606 2607 888 2648 ministerium
927 2620 1125 2659 supremo
1166 2605 1245 2646 Dei
1282 2603 1462 2657 imperio
1492 2602 1640 2644 subor-

83 2682 285 2732 dinatum,
324 2680 391 2721 Ps.
431 2680 467 2731 2,
507 2680 568 2720 11.
608 2678 731 2720 Rom.
762 2679 824 2729 13,
854 2679 891 2719 4.
922 2678 942 2718 l
976 2676 1068 2718 Cor.
1097 2678 1135 2728 3,
1165 2678 1201 2718 5.
1234 2679 1274 2718 et
1303 2677 1341 2727 4,
1372 2676 1406 2717 1.
1437 2674 1639 2726 Secunda,

86 2753 199 2806 quod
236 2753 278 2794 vi
314 2752 437 2793 istius
474 2750 699 2792 ministerii
727 2749 1006 2803 Magistratus
1036 2751 1078 2790 et
1106 2747 1304 2789 pastores
1334 2748 1419 2789 sint
1442 2747 1550 2801 juris
1580 2746 1641 2787 di-

88 2825 176 2867 vini
205 2823 412 2875 custodes,
440 2822 566 2864 Deut.
599 2822 658 2864 17.
691 2822 752 2863 18.
782 2820 878 2862 Esa.
908 2821 972 2872 49,
1002 2821 1065 2861 23.
1095 2819 1195 2861 Mal.
1224 2821 1261 2871 2,
1286 2820 1322 2861 7.
1349 2820 1373 2859 2
1398 2817 1491 2860 Cor.
1515 2818 1552 2869 5,
1579 2817 1641 2859 18.

86 2896 147 2948 12,
186 2896 249 2937 20.
290 2896 314 2936 2
352 2894 461 2936 Tim.
500 2894 536 2944 2,
576 2894 613 2934 2.
654 2891 810 2944 Tertia,
851 2891 964 2945 quod
1000 2893 1177 2945 propter
1214 2890 1318 2932 illud
1346 2888 1643 2940 ministerium,

85 2981 169 3019 quo
198 2965 427 3008 secundum
455 2964 535 3006 Dei
563 2963 873 3017 praescriptum
903 2962 1150 3016 funguntur,
1179 2961 1345 3003 debitus
1374 2960 1477 3014 ipsis
1505 2959 1642 3001 honos
