1931 3224
271 137 351 178 604
839 138 1081 181 stPUTATIO
1110 138 1259 182 XLIX.

272 261 586 303 ferentibus
629 277 679 304 ex
720 263 814 316 lege
851 265 1042 307 caritatis
1079 265 1250 308 ferenda
1287 281 1334 309 ac
1371 267 1592 310 toleranda
1630 270 1836 323 quaedam

273 334 382 375 sunt.
434 332 503 374 Sic
544 334 640 375 Act.
686 334 747 376 15.
788 335 833 377 in
873 336 1123 391 Apostolica
1164 336 1349 391 Synodo,
1392 339 1493 381 licet
1532 340 1577 381 in
1617 339 1771 383 fratres
1815 357 1836 384 e

273 405 527 458 Pharisaeis,
563 405 869 449 labefactantes
907 407 1068 450 animas
1101 409 1271 462 piorum
1311 424 1332 451 e
1361 409 1612 463 Gentilibus,
1639 411 1837 454 videlicet

273 478 570 520 observatione
609 479 939 521 circumcisionis
971 482 1013 522 et
1043 480 1222 522 aliarum
1250 482 1596 535 ceremoniarum,
1627 484 1836 526 sententia

272 548 453 599 feratur3
499 564 548 591 ex
591 550 684 603 lege
725 553 869 592 tamen
907 551 1106 594 Caritatis
1137 553 1350 594 decretum
1379 554 1595 606 statuitur,
1625 554 1674 596 de
1704 554 1836 596 absti-

271 620 416 662 nentia
452 621 504 662 ab
543 621 808 676 idolothytis,
838 623 1043 676 sanguine
1073 626 1115 665 et
1143 624 1362 676 suffocato,
1393 640 1441 667 ac
1469 625 1648 678 denique
1676 628 1836 668 scorta—

270 692 400 743 tione,
427 707 451 734 a
481 693 634 746 quibus
663 697 711 736 1113
739 695 985 737 necessariis
1010 695 1214 748 jubentur
1245 699 1392 750 gentes
1423 697 1655 739 abstinere:
1687 713 1835 751 quam-

270 762 333 803 vis
370 777 455 805 non
495 764 642 806 eodem
679 766 943 808 necessitatis
981 767 1128 820 gradu,
1168 782 1263 809 011111
1297 767 1465 810 easdem
1491 783 1579 810 non
1608 768 1836 811 habuerint

270 834 534 877 necessitatis
572 850 730 879 causas.
769 836 1052 880 Scortationis
1092 838 1202 880 enim
1237 839 1472 892 prohibitio
1502 842 1733 894 perpetuae
1762 855 1836 882 vo-

271 905 447 948 luntatis
486 906 579 957 Dei,
617 908 806 961 adeoque
845 912 887 951 et
910 910 1017 963 juris
1047 913 1130 953 est:
1160 910 1323 964 reliqua
1353 911 1541 953 caritatis
1570 912 1835 965 praescripto

268 977 566 1020 necessitatem
603 982 870 1033 acceperunt,
909 995 986 1034 pro
1015 983 1222 1034 tempore,
1251 982 1385 1025 donec
1414 984 1667 1036 augescente
1694 984 1737 1025 et
1765 983 1836 1025 fir-

270 1049 386 1090 mata
413 1048 494 1090 fide
522 1049 589 1091 lex
619 1053 814 1092 cessaret.
842 1050 986 1105 Atque
1014 1052 1075 1094 ita
1104 1055 1146 1094 et
1173 1053 1271 1095 fidei
1299 1053 1520 1095 sinceritas
1549 1053 1764 1106 asseritur,
1795 1056 1837 1096 et

270 1119 452 1171 caritati,
491 1121 591 1163 dum
628 1122 887 1165 succurritur
919 1123 1159 1165 infirmitati
1198 1124 1377 1166 aliorum
1408 1124 1685 1177 quorundam,
1714 1138 1836 1178 prae-

272 1194 467 1246 ceptione
497 1194 742 1236 consulitur.

322 1263 477 1307 LVIII.
509 1264 899 1309 Condeninatio
930 1267 1293 1311 Personarum
1316 1268 1442 1322 (quae
1467 1272 1715 1312 cunctanter
1739 1284 1835 1322 per-

272 1337 453 1391 agenda)
496 1340 560 1379 est
601 1339 645 1379 in
689 1339 966 1392 suspensione
1000 1342 1042 1381 et
1080 1340 1360 1393 separatione,
1400 1341 1836 1383 excommunicatione

272 1411 314 1450 et
340 1409 640 1451 Anathemate.
670 1409 750 1451 Illa
779 1413 842 1451 est
864 1411 908 1452 in
934 1411 1225 1464 prohibitione
1250 1427 1273 1453 a
1298 1411 1438 1464 sacris,
1462 1411 1677 1466 mysteriis
1702 1412 1836 1454 maxi-

269 1496 350 1533 me,
396 1480 550 1523 Matth.
583 1482 661 1537 18,
710 1482 772 1525 17.
810 1481 908 1525 Joh.
950 1483 1010 1535 16,
1049 1483 1086 1524 2.
1125 1484 1254 1535 atque
1289 1483 1462 1536 insuper
1501 1498 1524 1524 a
1560 1482 1837 1525 familiariore

271 1554 312 1593 et
349 1566 434 1594 non
471 1553 708 1594 necessario
745 1553 830 1607 ipsi
866 1556 1044 1595 naturae
1083 1556 1157 1596 aut
1191 1553 1343 1595 divinis
1371 1553 1538 1607 legibus
1567 1570 1658 1607 usu,
1690 1556 1711 1596 1
1743 1554 1836 1597 Cor.

269 1622 306 1675 5,
351 1624 413 1665 11.
457 1623 777 1678 Conjunctaque
820 1625 1049 1678 aliquando
1087 1625 1169 1667 fuit
1199 1640 1294 1668 cum
1323 1626 1568 1668 excussione
1595 1627 1784 1680 pulveris
1812 1643 1836 1669 a

268 1694 461 1748 pedibus,
491 1694 646 1737 Matth.
678 1696 740 1748 10,
772 1696 832 1738 14.
865 1697 927 1738 15.
956 1696 1063 1738 haec
1092 1699 1246 1749 autern,
1276 1711 1370 1739 cum
1398 1697 1665 1740 execratione
1693 1698 1835 1750 fiebat,

269 1780 377 1818 quae
405 1765 613 1809 Hebraeis
643 1768 798 1809 dicitur
827 1767 1175 1821 Schematha,
1205 1769 1248 1810 id
1276 1770 1351 1820 est,
1380 1783 1592 1821 nomen,
1623 1771 1728 1823 puta
1758 1769 1838 1811 Dei

268 1837 372 1880 1111111
406 1837 837 1892 Tetragrammatum,
868 1843 910 1882 et
937 1840 1152 1894 Apostolo
1180 1840 1529 1893 Maranatha,
1558 1841 1601 1882 id
1631 1843 1706 1893 est,
1737 1841 1836 1883 Do-

268 1910 443 1952 minus
482 1912 683 1964 veniet,
723 1912 918 1954 videlicet
946 1912 1137 1965 ultum,
1170 1913 1190 1954 1
1223 1911 1315 1954 Cor.
1347 1913 1409 1964 16,
1441 1913 1503 1954 22.
1533 1911 1671 1954 Judae
1701 1913 1763 1954 14.
1795 1915 1837 1954 et

269 1981 331 2023 15.
370 1997 408 2023 v.
448 1996 556 2035 quae
595 1997 681 2024 non
718 1982 800 2025 nisi
837 1983 882 2025 in
919 1982 1297 2037 deploratissimos,
1337 1983 1401 2024 uti
1438 1983 1686 2036 Apostatas,
1718 1998 1836 2025 exer-

268 2052 454 2095 cebatur.

321 2123 427 2166 LIX.
464 2124 514 2167 In
550 2125 971 2168 Ecclesiasticis
1009 2126 1266 2180 personis
1296 2127 1524 2180 peculiaris
1553 2128 1616 2168 est
1647 2141 1834 2178 censura,

268 2212 293 2238 a
330 2212 503 2239 munere
541 2198 761 2251 suspensio
803 2200 844 2239 013
880 2198 1075 2250 remotio,
1106 2198 1236 2240 etiam
1263 2199 1354 2240 sine
1382 2213 1455 2253 spe
1483 2213 1671 2251 unquam
1699 2198 1742 2240 id
1770 2213 1835 2240 re-

269 2269 509 2322 cuperandi.

321 2338 406 2381 LX.
451 2339 769 2382 Tractationem
811 2342 853 2381 et
895 2341 1210 2383 conclusionem
1251 2355 1393 2382 rerum
1434 2341 1753 2394 propositarum
1790 2340 1834 2382 in

266 2410 454 2464 Synodo,
491 2410 759 2453 Executio
799 2412 1003 2465 sequitur,
1042 2427 1150 2465 quae
1188 2414 1251 2454 est
1284 2412 1328 2453 in
1357 2412 1658 2465 procuratione
1690 2411 1834 2454 obser-

266 2482 435 2524 vantiae
464 2496 605 2524 reruni
635 2483 913 2526 decretarum.

319 2553 427 2596 LXI.
467 2554 612 2608 Atque
648 2555 720 2597 hic
755 2570 842 2597 non
869 2557 974 2598 levis
1006 2557 1199 2609 quaestio
1228 2558 1435 2608 movetur,
1464 2570 1593 2609 penes
1623 2568 1729 2607 quos
1757 2554 1833 2596 illa

266 2626 334 2667 sit.
371 2624 458 2667 Ubi
495 2626 793 2678 discernendae
831 2630 929 2670 sunt
967 2630 1217 2681 potestates,
1254 2627 1555 2670 Ecclesiastica
1595 2629 1637 2669 et
1675 2626 1831 2669 Civilis.

266 2697 517 2740 Ecclesia
554 2701 644 2740 aut
684 2698 955 2753 Synodus,
993 2713 1079 2740 non
1117 2699 1209 2752 agit
1242 2701 1315 2740 aut
1344 2700 1508 2741 coercet
1537 2697 1579 2739 vi
1608 2697 1829 2751 corporali,

266 2770 339 2812 sed
374 2772 544 2812 tantum
582 2771 815 2823 spirituali3
844 2771 1056 2816 Ecclesias
1086 2772 1296 2814 monendo
1328 2771 1392 2814 sui
1423 2769 1564 2822 officii,
1593 2770 1831 2813 haereticos

267 2844 309 2882 et
337 2842 576 2895 flagitiosos
606 2843 894 2886 submovendo
920 2844 973 2885 ab
997 2843 1210 2886 Ecclesiae
1235 2844 1543 2892 communione,
1566 2857 1652 2884 non
1676 2844 1830 2894 autem,

266 2913 314 2953 ut
351 2913 672 2956 antichristiane
708 2914 812 2956 facit
849 2914 968 2968 Papa
1008 2917 1050 2956 et
1087 2914 1265 2970 Papani,
1307 2915 1511 2968 ejiciendo
1539 2914 1831 2967 patremfami-

266 2981 347 3023 lias
377 2983 516 3036 domo,
548 2984 680 3026 civem
709 2985 827 3038 urbe,
857 3000 999 3039 regern
1031 3000 1177 3039 regno.
