1931 3224
449 152 512 194 DF.
542 151 736 193 HOMINUM
764 149 993 197 VocATmNE
1020 162 1070 189 AD
1101 148 1295 190 SALUTEM.
1576 147 1653 188 297

100 295 142 322 se
184 278 365 333 frigidae
406 277 595 319 nativam
637 274 910 318 calefaciendi
952 272 1190 327 potentiam
1230 270 1364 313 inesse
1407 272 1654 322 statuerent,

99 351 346 404 priusquam
375 364 469 390 eam
497 349 550 390 ab
577 349 677 401 igne
707 346 910 389 calefacta
941 343 1133 397 accipiat.

150 420 308 463 XXIV.
344 420 470 461 Hunc
505 419 602 460 fidei
640 432 855 460 assensum
892 416 998 458 nulli
1033 417 1282 457 vocatorum
1320 430 1369 456 ex
1408 414 1555 455 innato
1583 413 1656 455 be-

97 492 331 543 atitudinis,
369 494 589 543 tamquam
626 505 726 531 suae
763 489 1047 543 perfectionis,
1086 486 1281 541 appetitu
1318 486 1466 535 inesse,
1505 484 1577 526 sed
1605 484 1656 525 iis

98 579 122 604 a
152 563 255 614 Deo,
286 563 440 615 quibus
467 562 549 615 ipsi
577 561 716 602 visum
746 564 822 611 est⁷
852 558 1051 613 inspirari
1082 556 1360 609 Evangelista
1388 555 1535 606 Lucas,
1564 557 1656 595 tum

96 633 360 687 quorundam
388 632 630 683 Gentilium,
657 634 750 672 tum
772 631 930 684 Lydiae
956 629 1148 682 exemplo
1173 628 1446 678 demonstrat,
1471 625 1568 667 Act.
1593 626 1657 667 13.

97 707 138 746 et
167 705 243 756 16„
266 704 340 745 ubi
363 703 427 745 illi
450 706 678 756 propterea
703 702 815 755 quod
841 701 1024 743 ordinati
1051 703 1171 742 eraut
1196 699 1249 742 ad
1271 700 1403 741 vitam
1430 700 1658 749 aeternam,

96 777 214 828 haec,
257 775 357 828 quia
400 775 608 817 Dominus
647 789 719 815 cor
754 773 889 826 ipsius
929 772 1219 825 adaperuerat‚
1259 769 1506 823 Evangelio,
1546 769 1659 822 quod

97 848 310 900 plerisque
338 846 512 888 Judaeis
545 848 635 888 erat
665 844 874 895 scandalo,
906 843 1127 885 credidisse
1158 842 1322 884 dicitur.

149 917 285 960 XXV.
321 918 390 959 Ad
425 918 556 959 istum
593 916 691 958 fidei
730 929 948 957 assensum
985 928 1071 955 non
1110 927 1254 955 omnes
1285 915 1327 954 et
1357 913 1551 966 singulos
1581 913 1659 954 ho-

96 990 231 1032 mines
273 989 417 1031 vocari
454 1003 530 1042 per
569 987 930 1041 praedicationem
967 984 1203 1038 Evangelii,
1242 984 1468 1026 luculentis
1506 984 1660 1026 Sacrae

98 1062 342 1115 Scripturae
367 1060 622 1102 testimoniis
648 1062 775 1111 atque
801 1058 1004 1111 exemplis
1027 1057 1202 1110 probari
1226 1058 1381 1110 potest.
1407 1055 1518 1097 Nam
1536 1055 1659 1097 sicuti

99 1133 175 1174 sub
218 1131 366 1174 Veteri
408 1131 682 1172 Testamento
723 1130 976 1183 mysterium
1015 1127 1173 1169 Christi
1215 1127 1419 1169 Gentibus
1456 1127 1539 1168 fuit
1586 1126 1660 1167 ab-

98 1203 350 1254 sconditum,
395 1202 558 1255 solique
600 1201 760 1256 populo
802 1200 982 1243 Judaico
1025 1215 1101 1253 per
1138 1199 1378 1252 Prophetas
1416 1199 1660 1250 revelatum,

99 1274 160 1315 sic
188 1273 293 1316 illud
321 1274 400 1315 sub
430 1273 568 1325 Novo,
598 1287 684 1314 non
715 1272 910 1313 omnibus
940 1271 1179 1324 promiscue
1210 1285 1286 1323 per
1314 1270 1550 1323 Apostolos
1578 1270 1661 1311 fuit

98 1346 413 1396 annunciatum,
458 1345 531 1386 sed
570 1343 790 1397 quibusvis
832 1342 1006 1387 Judaeis
1050 1345 1092 1385 et
1134 1342 1353 1393 Gentibus,
1398 1358 1446 1384 eo
1493 1344 1662 1383 tantum

102 1417 195 1459 loco
230 1419 272 1458 et
301 1419 507 1470 tempore,
540 1431 623 1468 quo
651 1415 766 1457 Deus
794 1415 900 1457 illud
927 1415 1199 1457 manifestare
1229 1414 1520 1456 constituerat.

153 1487 313 1530 XXVI.
344 1487 392 1529 Id
432 1487 590 1528 Paulus
620 1490 661 1528 et
690 1487 940 1529 Timotheus
968 1487 1012 1528 in
1040 1487 1192 1528 itinere
1221 1488 1319 1527 sunt
1348 1485 1522 1540 experti,
1549 1484 1663 1537 quod

101 1561 146 1602 in
184 1560 333 1602 Asiam
368 1575 415 1601 ac
444 1559 695 1613 Bithyniam
732 1560 1001 1612 paraverant,
1039 1560 1086 1599 ut
1122 1558 1183 1599 ibi
1220 1557 1504 1611 Evangelium
1540 1571 1663 1610 prae-

103 1632 314 1683 dicarent3
368 1647 392 1673 a
443 1647 527 1684 quo
573 1631 798 1685 proposito
849 1630 963 1672 Deus
1015 1630 1132 1683 ipsos
1172 1644 1249 1683 per
1291 1629 1500 1682 Spiritum
1542 1643 1664 1670 suum

102 1703 384 1758 impedivisse7
431 1706 559 1756 atque
597 1703 640 1744 in
678 1702 972 1744 Macedoniam
1008 1701 1171 1743 misisse
1211 1700 1377 1751 dicitur,
1417 1699 1561 1742 Actor.
1600 1699 1663 1751 16,

103 1776 140 1817 6.
166 1776 202 1817 7.
228 1776 288 1817 10.

156 1846 335 1888 XXVII,
364 1846 694 1888 Hallucinantur
723 1860 824 1900 ergo
855 1845 927 1898 qui
956 1845 1139 1898 gratiam
1166 1844 1247 1886 Dei
1274 1843 1465 1886 vocantis
1494 1843 1547 1884 ad
1576 1857 1665 1884 om-

107 1933 182 1960 nes
225 1920 267 1959 et
309 1918 500 1971 singulos
541 1917 736 1959 homines
780 1917 1023 1959 extendunt.
1063 1915 1177 1957 Nam
1214 1918 1514 1969 praeterquam
1552 1915 1666 1968 quod

104 1990 222 2031 illam
251 1989 333 2031 Dei
362 1989 672 2044 φιλανθρωπίαν,
707 2004 790 2042 qua
827 1988 943 2030 Deus
979 2003 1124 2030 omnes
1154 1987 1347 2029 homines
1376 1989 1423 2028 ut
1454 2001 1548 2028 suas
1578 2001 1666 2028 cre-

106 2064 249 2103 aturas
279 2061 590 2115 complectitur,
608 2076 703 2103 cum
730 2061 813 2102 ista
843 2060 1118 2111 confundunt,
1150 2074 1234 2112 qua
1263 2061 1401 2101 certos
1426 2058 1590 2110 aliquos
1616 2072 1667 2099 ex

107 2134 321 2175 communi
357 2133 580 2175 hominum
619 2134 892 2185 peccatorum
930 2146 1006 2173 suo
1035 2131 1141 2173 vitio
1170 2130 1441 2184 pereuntium
1468 2130 1595 2171 turba
1623 2129 1667 2170 in

107 2204 291 2258 gratiam
327 2205 542 2258 suscipere
576 2206 703 2256 atque
739 2205 784 2246 in
821 2203 932 2245 Filio
970 2203 1208 2244 dilectionis
1238 2217 1337 2243 suae
1365 2201 1467 2243 Jesu
1496 2200 1665 2243 Christo

108 2276 309 2329 prosequi
346 2275 550 2326 decrevit3
588 2275 728 2318 Deum
762 2274 922 2317 nemini
962 2273 1214 2316 obstrictum
1255 2273 1371 2316 omni
1399 2274 1588 2326 spoliant
1617 2273 1668 2313 li-

108 2347 285 2398 bertate,
323 2362 374 2388 ex
403 2346 693 2400 perduellibus
722 2345 1012 2388 misericordia
1041 2360 1116 2386 sua
1143 2344 1303 2399 pariter
1330 2343 1531 2397 indignis,
1562 2357 1667 2395 quos

110 2420 215 2469 vult,
259 2417 311 2458 ab
355 2417 448 2459 aliis
491 2417 756 2471 segregandi,
794 2420 841 2458 ut
884 2432 954 2460 eos
993 2433 1043 2459 ex
1081 2417 1198 2458 statu
1234 2417 1388 2467 reatus,
1427 2415 1471 2456 in
1509 2416 1668 2455 statum

111 2489 276 2545 gratiae
304 2487 548 2530 transferat.
1475 2473 1478 2476 ’

161 2559 362 2604 XXVIII.
393 2559 509 2610 Quae
538 2561 680 2601 tamen
710 2559 921 2601 sententia
952 2560 1002 2601 de
1031 2559 1171 2613 gratia
1198 2558 1425 2600 universali
1452 2556 1669 2599 nonnullis

112 2634 215 2677 adeo
246 2631 474 2683 blanditur,
503 2633 551 2672 ut
580 2645 671 2673 eam
699 2631 859 2684 triplici
888 2633 1140 2684 argumento
1170 2646 1220 2673 ex
1249 2630 1378 2672 sacris
1410 2629 1544 2672 literis
1568 2644 1669 2682 pro-

110 2704 205 2748 bari
231 2718 354 2759 posse
382 2702 749 2756 persuasissimum
775 2702 975 2745 habeant.

164 2772 322 2817 XXIX.
364 2772 557 2815 Primum
597 2773 790 2825 ipsorum
830 2776 1130 2827 argumentum
1172 2772 1224 2814 iis
1262 2772 1415 2814 nititur
1453 2787 1670 2816 sacrorum

110 2846 350 2889 Bibliorum
401 2843 671 2897 testimoniiS,
723 2859 831 2897 quae
872 2844 1088 2887 Christum
1133 2859 1183 2887 ex
1225 2845 1439 2887 communi
1480 2844 1671 2887 omnium

110 2917 332 2959 hominum
358 2918 511 2958 natura
539 2930 707 2958 carnem
731 2930 849 2958 suam
873 2916 1149 2970 assumpsisse
1174 2918 1436 2967 asseverant3
1454 2916 1526 2958 sed
1542 2931 1670 2969 quam

73 3010 76 3013 ⁴
112 2988 292 3030 absurde
318 3003 369 3051 ex
392 2987 635 3039 hujusmodi
660 2987 955 3029 communione
979 2987 1166 3029 naturali
1190 2987 1424 3040 spiritualis
1441 2988 1670 3031 eorundem
