1931 3224
507 83 570 140 DE
599 82 776 125 ANGEms
804 82 929 125 B0N1s
957 97 1004 125 Ac
1033 82 1175 125 Mffls.
1581 85 1658 125 103

102 225 239 262 nem,
276 223 512 260 manere,
552 208 630 260 ait,
668 222 771 249 non
811 222 871 248 ex
906 207 1170 260 operibus
1201 208 1290 249 sed
1320 223 1378 249 ex
1408 210 1659 259 vocante,

102 281 225 324 Rom.
253 282 290 333 9,
321 281 383 322 11.

154 352 354 394 XXXIII.
390 352 460 394 An
495 368 594 394 vero
634 352 687 394 ad
724 351 1088 394 conservationem
1119 350 1297 404 originis
1326 365 1426 393 suae
1455 366 1561 404 opus
1585 351 1661 393 ha-

101 424 272 466 buerint
308 423 558 475 Mediatore,
596 423 838 476 disputatur
876 422 987 464 inter
1024 421 1251 475 scriptores
1282 421 1544 464 orthodoxos
1573 425 1662 463 tam

102 498 264 538 veteres
303 509 430 547 quam
465 497 668 537 recentes.
705 493 798 536 Nos
839 493 1118 535 affirmativae
1149 493 1396 545 sententiae,
1428 508 1535 545 quae
1565 508 1662 546 gra-

101 566 296 608 vissimos
326 568 520 607 auctores
547 565 690 617 habet,
719 565 920 607 libentius
946 564 1202 615 accedimus3
1227 567 1320 606 tum
1346 564 1445 616 quia
1470 563 1662 605 Christus

101 638 216 679 solus
252 637 295 678 in
335 636 556 691 Scriptura
583 639 761 678 vocatur
790 637 923 678 Filius
953 636 1026 678 ille
1052 637 1096 678 in
1125 651 1208 688 quo
1239 635 1372 688 Patri,
1404 651 1557 689 nempe
1586 651 1662 689 per

102 725 156 762 se,
188 709 465 762 complacuit;
495 711 588 750 tum
618 707 717 760 quia
742 706 934 748 Christus
960 707 1232 760 peculiariter
1257 707 1522 761 Angelorum
1545 708 1662 761 prin-

101 796 199 834 ceps
239 783 281 822 et
318 782 447 833 caput
483 780 744 834 appellatur,
784 781 876 820 tum
913 778 1105 831 denique,
1139 778 1238 830 quia
1268 779 1347 820 etsi
1374 779 1537 820 nullum
1566 794 1662 832 pec-

101 856 243 895 catum
279 853 324 894 in
361 852 412 894 iis
449 852 580 894 fuerit
618 867 642 893 a
680 865 763 904 quo
803 850 1036 892 redimendi
1074 850 1259 902 fuerunt,
1289 854 1433 893 tamen
1463 851 1591 893 etiam
1620 852 1664 893 in

100 926 152 967 iis
190 925 332 967 divina
365 923 533 977 justitia
569 923 779 964 inveniret
818 923 931 975 quod
960 922 1197 974 requireret
1225 922 1269 963 in
1298 922 1551 975 assignando
1580 922 1663 963 illis

101 998 272 1038 aeterno
302 995 506 1049 praemio,
537 995 573 1036 si
602 1009 743 1036 secum
768 1008 838 1036 eos
864 996 1143 1047 compararet,
1174 996 1302 1045 atque
1333 1009 1382 1035 ex
1411 1009 1455 1035 se
1485 997 1526 1035 et
1554 995 1597 1035 in
1623 1010 1665 1035 se

101 1068 203 1109 solis
245 1082 315 1109 eos
351 1066 593 1120 respiceret,
633 1065 757 1107 sicuti
795 1081 846 1107 ex
884 1065 1012 1107 Hiob.
1046 1066 1082 1117 4,
1116 1066 1177 1106 18.
1209 1068 1249 1107 et
1280 1080 1311 1106 c.
1345 1066 1405 1117 15,
1437 1066 1499 1106 15.
1531 1081 1664 1118 appa-

101 1141 187 1189 ret3
226 1141 274 1180 ut
307 1140 397 1192 jam
426 1138 476 1180 de
504 1138 608 1180 locis
636 1137 720 1179 illis
750 1137 862 1190 Eph.
893 1138 927 1188 1,
960 1138 1021 1179 10.
1066 1139 1107 1178 01
1137 1136 1222 1178 Col.
1256 1138 1290 1187 l,
1320 1138 1383 1178 20.
1414 1137 1521 1177 nihil
1552 1137 1665 1179 dica-

100 1225 205 1262 mus,
249 1210 322 1263 qui
366 1209 536 1262 quidem
573 1209 626 1250 ab
665 1208 758 1249 aliis
797 1208 847 1250 de
885 1208 985 1250 solis
1024 1208 1245 1249 animabus
1283 1211 1475 1262 tempore
1514 1209 1664 1249 mortis

101 1282 258 1324 Christi
301 1282 345 1322 in
388 1281 504 1323 coelo
550 1280 816 1334 degentibus,
861 1280 933 1321 sed
969 1282 1111 1321 tamen
1149 1281 1238 1322 sine
1277 1279 1424 1321 similis
1462 1280 1664 1333 phraseos

102 1354 308 1407 exemplo,
341 1355 623 1406 exponuntur.

155 1425 355 1467 XXXIV.
394 1425 461 1467 Ex
498 1424 652 1477 quibus
691 1424 887 1466 omnibus
925 1424 1104 1466 firmiter
1142 1424 1443 1475 concludimus,
1474 1424 1664 1478 Angelos

97 1499 187 1551 jam
214 1497 374 1549 beatos,
404 1499 533 1549 atque
563 1496 781 1538 electionis
812 1498 853 1538 et
881 1496 1219 1550 perseverantiae
1248 1511 1347 1537 suae
1377 1496 1548 1538 omnino
1575 1511 1664 1538 esse

102 1571 252 1611 certos.
291 1568 408 1618 Quae
445 1582 544 1610 vero
583 1570 804 1621 praeterea
843 1568 893 1609 de
930 1567 1129 1609 libertate
1159 1567 1348 1609 exercitii
1378 1570 1419 1609 et
1449 1568 1663 1621 specifica-

100 1640 230 1682 tionis
275 1640 318 1681 in
354 1639 574 1681 voluntate
611 1639 828 1693 Angelica,
868 1640 1063 1693 respectu
1099 1639 1360 1691 reliquorum
1399 1639 1662 1681 obedientiae

101 1714 285 1764 actuum,
325 1711 397 1763 qui
434 1711 627 1764 ipsorum
655 1710 921 1752 essentialem
950 1710 1258 1752 beatitudinem
1287 1725 1373 1751 non
1403 1712 1608 1763 spectant,
1639 1726 1662 1752 a

101 1782 374 1826 Scholasticis
413 1783 622 1835 dicuntur,
660 1797 737 1824 nos
774 1784 821 1823 ut
859 1784 1016 1824 temere
1056 1782 1274 1835 disputata
1314 1784 1355 1823 et
1384 1781 1472 1823 sine
1498 1782 1662 1824 ratione

101 1854 285 1905 definita,
324 1853 616 1907 praeterimus,
655 1854 736 1895 hoc
774 1869 905 1895 unum
935 1869 986 1895 ex
1015 1853 1247 1907 Scripturis
1278 1853 1392 1905 certi,
1425 1853 1538 1906 quod
1568 1869 1663 1906 per-

99 1928 229 1980 petuo
269 1927 311 1967 et
348 1925 392 1966 in
430 1924 638 1977 omnibus,
676 1925 757 1967 Dei
796 1928 837 1967 et
876 1924 1034 1967 Christi
1074 1926 1162 1978 ejus
1199 1925 1409 1967 voluntati
1449 1925 1661 1974 obediant,

99 1998 226 2051 idque
275 1997 460 2038 maximo
505 2012 599 2038 011111
640 1997 791 2049 studio,
837 2000 878 2039 et
921 2012 1085 2038 summa
1127 2012 1222 2038 cum
1264 1997 1493 2049 alacritate,
1538 1997 1661 2038 sicuti

100 2084 247 2111 eorum
271 2068 512 2122 exemplum
536 2068 659 2110 nobis
682 2070 912 2122 propterea
935 2068 979 2109 in
1005 2067 1237 2121 Scripturis
1253 2083 1377 2121 saepe
1392 2067 1660 2121 proponitur.

151 2137 328 2182 XXXV.
366 2139 634 2182 Intellectum
664 2142 706 2182 et
734 2140 996 2182 voluntatem
1025 2142 1242 2181 creaturae
1269 2139 1490 2181 rationalis
1519 2154 1661 2181 neces-

100 2211 210 2253 sario
249 2211 443 2265 sequitur
480 2211 685 2265 potentia,
727 2226 810 2264 qua
839 2213 958 2253 extra
988 2225 1075 2252 sese
1107 2210 1255 2252 efficax
1299 2213 1374 2261 est,
1405 2213 1446 2251 et
1475 2210 1660 2252 actiones

99 2285 276 2325 naturae
315 2297 415 2324 suae
455 2283 751 2324 convenientes
788 2282 998 2336 producit.
1028 2281 1138 2323 Eam
1167 2296 1267 2324 vero
1296 2282 1417 2323 valde
1447 2282 1659 2336 insignem

100 2368 190 2395 esse
227 2354 272 2395 in
311 2353 501 2407 Angelis,
541 2368 592 2395 ex
628 2354 819 2407 ipsorum
858 2354 1115 2395 admirandis
1146 2354 1344 2408 operibus
1373 2353 1518 2405 liquet,
1550 2353 1659 2394 unde

100 2427 142 2466 et
180 2424 250 2466 Ps.
290 2426 378 2477 103,
419 2425 482 2466 20.
521 2425 799 2467 valentissimi
838 2426 1003 2478 robore,
1044 2428 1086 2467 et
1123 2426 1147 2466 2
1185 2424 1332 2466 Thess.
1370 2426 1405 2476 1,
1438 2425 1472 2466 7.
1502 2424 1657 2478 Angeli

98 2498 317 2552 potentiae
355 2496 438 2538 Dei
473 2496 692 2547 dicuntur;
731 2496 864 2539 Satan
903 2512 1002 2539 vero
1041 2496 1145 2538 Mat.
1185 2498 1247 2548 12,
1280 2498 1343 2538 29.
1375 2496 1584 2550 ὁῖσχυρός,
1616 2498 1659 2537 01

99 2572 123 2612 2
154 2569 245 2613 Cor.
275 2571 314 2622 4,
342 2571 380 2611 4.
412 2568 527 2610 Deus
557 2569 683 2622 hujus
712 2570 840 2612 seculi
871 2570 1126 2624 appellatur.

152 2641 349 2683 XXXVI.
387 2640 587 2682 Potentia
626 2643 768 2682 autem
806 2641 910 2682 haec
939 2655 1084 2682 eorum
1114 2656 1163 2682 ex
1195 2640 1383 2692 objectiS,
1414 2639 1523 2680 circa
1552 2653 1659 2692 quae

98 2715 142 2756 in
186 2714 267 2756 hoc
307 2715 465 2756 mundo
507 2716 712 2763 versatur,
755 2714 916 2767 optime
959 2713 1252 2767 explicabitur.
1298 2712 1413 2762 Quae
1455 2715 1552 2754 sunt
1594 2713 1658 2755 vel

100 2787 265 2829 animae
308 2787 374 2829 vel
414 2801 604 2840 corpora,
642 2785 715 2828 illa
743 2801 910 2828 rursum
939 2786 1004 2828 vel
1031 2786 1126 2827 viva
1154 2785 1220 2826 vel
1250 2783 1362 2826 vitae
1388 2784 1590 2838 expertia,
1617 2787 1658 2826 et

98 2857 203 2900 haec
231 2857 412 2911 denique
441 2858 508 2899 vel
537 2857 811 2899 elementaria
836 2858 902 2899 vel
931 2857 1138 2899 aetherea.

152 2928 371 2971 XXXVII.
412 2929 535 2978 Quod
571 2928 769 2970 aetherea
806 2943 985 2982 corpora
1024 2927 1189 2980 attinet,
1229 2927 1308 2969 etsi
1345 2927 1517 2980 plurimi
1546 2928 1655 2969 inter
