1931 3224
711 129 774 172 DE
801 128 1014 173 EchEsm.
1559 124 1638 165 443

78 259 120 299 et
148 257 467 310 persecutorum
496 254 640 296 oculos
669 268 973 306 nonnunquam
1003 253 1187 306 effugere
1218 252 1407 304 cogatur,
1438 248 1638 301 quemad-

77 327 250 370 modum
303 327 570 381 praedictum
619 326 700 367 fuit
752 326 829 367 sub
880 323 1137 366 Antichristi
1187 326 1381 376 tempore
1433 320 1637 370 futurum,

0 394 24 461 :⁷
78 401 103 441 2
131 399 276 441 Thess.
314 400 351 440 2.
391 400 432 440 et
460 397 594 451 Apoc.
628 398 688 438 11.
720 397 782 438 12.
813 399 854 438 et
886 397 945 438 17.
979 398 1057 438 etc.
1089 394 1298 437 credimus
1327 398 1471 435 tamen
1499 391 1639 433 Deum

78 486 243 524 semper
280 485 366 512 non
394 472 564 511 tantum
591 470 686 522 pios
717 471 759 510 et
787 468 933 510 fideles
964 468 1128 520 aliquos
1157 467 1200 508 in
1229 466 1379 508 mediis
1408 463 1640 519 persecuti-

80 543 231 585 onibus
266 557 313 584 ac
343 541 648 583 defectionibus
677 540 823 581 mundi
853 542 1212 590 conservaturum,
1243 539 1314 580 sed
1345 537 1473 579 etiam
1504 535 1640 577 omni-

11 625 15 628 *
77 615 156 655 bus
207 613 357 655 seculis
400 615 442 654 et
483 611 748 665 temporibus
791 611 937 652 fideles
979 612 1173 664 pastores
1218 610 1522 659 excitaturum3
1568 606 1640 660 qui

52 685 248 727 eosdem
287 684 382 737 pios
424 683 553 724 verbo
598 685 640 724 et
683 681 968 723 Sacramentis
1012 682 1097 723 sint
1134 680 1311 734 pasturi,
1351 682 1392 721 et
1431 678 1536 720 alios
1565 692 1640 731 per

77 757 190 798 idem
218 755 394 797 verbum
420 754 565 795 invitis
594 753 826 795 inferorum
854 753 992 807 portis
1023 753 1075 793 ad
1104 752 1278 793 eandem
1307 750 1465 792 Christi
1494 750 1641 791 invisi-

77 828 208 870 bilem
266 826 500 868 Ecclesiam
562 825 790 877 collecturi,
854 825 981 877 idque
1034 824 1263 866 secundum
1315 822 1641 877 promissionem

79 898 249 949 Christi,
278 898 402 940 Matt.
431 898 495 949 28,
526 897 587 938 19.
616 896 728 950 Ego
757 896 1034 937 vobiscum
1064 909 1152 936 ero
1178 895 1424 936 omnibus
1452 893 1639 934 diebus

79 984 245 1022 usque
274 969 335 1010 ad
364 968 890 1010 consummationem
920 967 1106 1008 seculi.

132 1040 260 1083 XLV.
290 1039 413 1082 Unde
443 1040 572 1081 etiam
600 1039 702 1080 satis
731 1038 880 1091 liquet,
911 1053 1030 1080 veras
1061 1039 1102 1079 et
1132 1036 1375 1078 essentiales
1404 1035 1530 1087 hujus
1560 1034 1642 1075 Ec-

79 1112 231 1154 clesiae
269 1126 398 1164 purae
437 1113 477 1152 et
514 1110 691 1151 visibilis
728 1112 863 1159 notas,
904 1125 992 1151 esse
1032 1124 1184 1163 puram
1211 1107 1572 1162 praedicationem
1601 1109 1643 1148 et

79 1185 366 1238 receptionem
401 1182 532 1234 verbi,
573 1181 843 1235 obsignatam
870 1196 946 1234 per
974 1181 1215 1235 legitimum
1244 1194 1368 1221 usum
1395 1179 1642 1221 Sacramen-

78 1260 234 1308 torum,
274 1258 315 1297 et
353 1255 612 1296 vindicatam
636 1267 713 1306 per
740 1268 888 1294 verum
915 1267 1038 1294 usum
1068 1252 1261 1303 clavium,
1292 1266 1364 1293 seu
1394 1249 1642 1303 disciplinae

79 1327 418 1378 Ecclesiasticae,
459 1325 687 1367 secundum
723 1323 1039 1365 institutionem
1068 1322 1247 1373 Christi3
1279 1325 1320 1364 et
1352 1323 1559 1374 quantum
1588 1320 1641 1361 ab

81 1415 130 1441 ea
171 1398 441 1440 institutione
486 1399 527 1439 et
570 1396 689 1438 verbi
726 1395 915 1450 puritate
952 1395 1174 1446 receditur,
1212 1396 1382 1436 tantum
1422 1407 1590 1446 quoque
1620 1407 1644 1433 a

80 1484 179 1511 vera
208 1471 250 1510 et
279 1467 465 1510 salvifica
493 1467 706 1509 Ecclesiae
735 1467 923 1521 puritate
953 1466 1175 1508 receditur.

134 1540 285 1583 XLVI.
313 1539 428 1582 Nam
456 1539 491 1580 si
518 1540 687 1592 impura
717 1542 758 1581 et
786 1539 893 1580 falsa
921 1539 1112 1580 Ecclesia
1142 1553 1193 1580 ex
1220 1537 1470 1591 impuritate
1500 1538 1541 1578 et
1564 1536 1643 1577 fal-

81 1613 207 1654 sitate
236 1612 452 1654 doctrinae
478 1611 763 1664 cognoscitur,
794 1610 1149 1663 quemadmodum
1178 1612 1302 1651 antea
1329 1608 1572 1663 probatum,
1604 1608 1645 1648 et

83 1682 276 1724 Christus
313 1682 435 1723 Matt.
475 1682 510 1733 7,
550 1682 611 1723 16.
643 1684 683 1723 et
713 1681 932 1723 J0h2<2nes
960 1683 984 1722 2
1014 1681 1153 1734 Epist.
1182 1697 1219 1722 v.
1250 1681 1312 1723 10.
1342 1682 1536 1731 testatur,
1565 1695 1645 1734 pu-

82 1769 173 1796 ram
211 1756 253 1795 et
290 1768 434 1795 veram
471 1752 706 1795 Ecclesiam
745 1768 795 1795 ex
832 1753 1047 1795 doctrinae
1086 1752 1273 1806 puritate
1303 1753 1344 1793 et
1372 1751 1552 1792 veritate
1581 1751 1643 1792 di-

83 1826 231 1879 gnosci
260 1827 324 1867 est
351 1826 647 1868 necessarium.
678 1825 802 1868 Unde
833 1828 874 1867 et
904 1840 991 1867 eos
1024 1825 1113 1878 qui
1139 1839 1197 1865 ex
1222 1823 1332 1865 Deo
1359 1837 1454 1864 sun
1465 1825 1495 1874 t,
1523 1821 1643 1864 Chri-

84 1900 173 1939 stus
199 1912 249 1940 ex
274 1912 321 1939 00
349 1898 561 1950 describit,
593 1897 730 1950 quod
759 1896 985 1938 audiant
1015 1896 1235 1938 verbum
1263 1894 1381 1946 Dei,
1411 1894 1509 1936 Joh.
1527 1895 1563 1946 8,
1579 1894 1644 1936 47.

84 1972 126 2012 et
168 1984 291 2011 oves
335 1976 477 2021 suas,
522 1984 572 2010 ex
616 1983 677 2021 eo,
718 1969 863 2021 quod,
892 1983 1074 2010 vocem
1112 1966 1365 2009 Pastoris
1395 1966 1643 2017 audiunt,

84 2055 141 2082 ac
179 2042 521 2094 cognoscunt
550 2054 679 2093 eam,
709 2041 1062 2095 peregrinum
1092 2042 1269 2081 autem
1291 2053 1395 2080 non
1420 2053 1645 2092 sequun-

84 2116 172 2154 tur
214 2113 306 2154 sed
346 2112 409 2153 ab
454 2126 511 2153 eo
553 2111 796 2166 fugiunt,
842 2112 967 2165 quia
1005 2126 1188 2154 vocem
1225 2110 1644 2164 peregrinorum

84 2198 187 2225 non
214 2185 427 2235 norunt,
455 2182 556 2226 J0h‚
588 2180 650 2233 1'0,
677 2184 714 2224 4.

139 2253 309 2296 XLVII.
341 2253 463 2303 Quod
493 2254 592 2295 hinc
622 2254 751 2296 etiam
778 2253 1052 2296 manifestum
1083 2256 1159 2305 est,
1189 2254 1290 2307 quia
1319 2253 1645 2295 communicatio

87 2328 129 2368 et
158 2325 350 2379 acceptio
379 2325 623 2366 tabularum
649 2325 844 2378 foederis,
876 2328 974 2367 sunt
1004 2327 1165 2367 certum
1194 2325 1363 2378 signum
1386 2324 1533 2379 populi
1556 2323 1646 2366 foe-

88 2396 243 2448 derati3
275 2411 370 2437 cum
396 2395 564 2437 nemine
594 2396 705 2438 enim
732 2396 847 2438 Deus
875 2396 1022 2438 foedus
1045 2395 1160 2447 facit,
1186 2396 1253 2437 cui
1275 2396 1442 2438 tabulas
1465 2395 1646 2437 foederis

86 2482 173 2510 non
198 2466 494 2509 communicat.
510 2466 632 2510 Unde
649 2470 690 2509 et
707 2466 895 2509 Gentiles
911 2468 963 2509 ab
979 2467 1169 2510 Ecclesia
1183 2467 1351 2509 Israelis
1369 2467 1543 2518 alienos,
1560 2466 1649 2508 sine

86 2539 328 2582 foederibus
364 2539 495 2581 fuisse
533 2539 635 2581 dicit
669 2540 904 2593 Apostolus
933 2540 1028 2582 loco
1059 2543 1183 2582 antea
1214 2540 1344 2581 citato
1374 2539 1486 2592 Eph.
1518 2540 1554 2590 2,
1587 2538 1649 2580 12.

89 2615 131 2654 et
169 2614 327 2664 contra,
367 2611 575 2665 populum
604 2610 803 2653 Israelem
831 2626 965 2664 usque
994 2611 1045 2653 ad
1076 2611 1303 2652 adventum
1332 2609 1490 2652 Christi
1520 2609 1649 2652 fuisse

88 2683 168 2726 Dei
205 2684 440 2726 Ecclesiam
477 2683 576 2725 hinc
606 2683 869 2725 demonstrat
898 2682 1146 2736 Apostolus,
1176 2682 1290 2734 quod
1319 2681 1371 2723 ad
1414 2681 1529 2734 ipsos
1558 2681 1648 2723 foe-

90 2755 188 2797 dera
224 2756 519 2815 pertinebant,
548 2754 669 2797 Rom.
708 2756 745 2808 9,
783 2756 820 2796 4.
858 2754 1049 2796 Verbum
1087 2756 1229 2795 autem
1256 2753 1337 2795 Dei
1365 2767 1453 2795 esse
1480 2753 1649 2795 tabulas

88 2826 181 2868 illas
218 2826 300 2869 Dei
335 2826 517 2869 foederis
546 2841 670 2868 nemo
702 2826 895 2879 ambigit,
925 2828 1052 2878 atque
1081 2825 1125 2866 id
1153 2825 1247 2877 ipsa
1275 2839 1357 2866 vox
1387 2823 1650 2866 Testamenti
1705 2833 1709 2836 “

38 2918 41 2919 ’
91 2898 258 2950 evincit,
297 2900 338 2940 et
376 2898 498 2951 signa
537 2912 585 2939 ac
621 2897 761 2951 sigilla
797 2897 911 2938 illius
939 2896 1121 2938 foederis
1151 2910 1239 2938 esse
1269 2894 1554 2947 Sacramenta,
1586 2898 1650 2937 est

91 2971 210 3010 extra
239 2969 569 3012 controversiam
596 2968 706 3011 inter
735 2967 1009 3010 Christianos.
