1931 3224
507 115 571 157 DE
600 114 804 158 SABBATHO
833 130 881 158 Er
909 114 990 157 Dm
1018 115 1232 158 Dommco.
1571 118 1646 159 195

82 243 130 282 et
153 254 252 282 non
277 239 615 293 sacrificium,
637 255 789 294 nempe
805 242 1060 295 comparate,
1076 240 1220 294 potius
1237 254 1366 292 quam
1383 241 1647 282 sacrificium.

133 310 331 354 XXXVI.
374 311 570 366 Denique
613 328 700 355 non
740 312 1023 366 prohibentur
1066 326 1115 354 ea
1158 326 1266 365 quae
1309 312 1648 355 moderatam

81 383 332 437 corporis
361 384 836 426 refocillationem
866 387 916 426 et
943 385 1343 426 recreationem
1367 385 1644 437 spectant,

78 455 232 506 utpote
256 468 364 506 quae
388 454 500 496 inter
522 455 626 496 fines
653 455 862 497 Sabbathi
891 457 959 507 sit,
985 456 1111 498 modo
1135 456 1414 510 praecipuum
1439 455 1648 498 Sabbathi

78 538 203 566 usum
235 525 480 578 cultumque
516 541 604 568 non
642 527 889 581 impediant,
929 527 1055 569 sicuti
1094 530 1156 569 est
1195 530 1364 581 praeter
1407 527 1593 580 quietem
1625 542 1648 569 a

78 596 310 647 laboribus,
337 596 414 639 Ex.
445 598 509 649 23,
538 599 602 639 12.
632 599 748 640 adire
778 598 830 640 ad
860 599 1112 649 convivium,
1143 597 1241 639 Luc.
1274 598 1335 649 14,
1367 597 1401 639 1.
1433 598 1468 639 7.
1499 598 1648 639 ambu-

78 664 179 718 lare,
222 665 319 708 Luc.
363 667 426 719 24,
472 668 534 709 13.
579 683 627 710 ac
669 669 835 710 similia.
876 669 935 710 Et
972 684 1071 710 sane
1101 668 1367 711 Sabbathum
1396 668 1529 710 festus
1560 669 1647 711 dies

79 752 175 779 cum
216 737 356 790 fuerit,
403 753 451 780 eo
494 739 646 781 hilaria
688 755 814 793 agere
851 739 1027 782 Judaeis
1056 743 1305 782 consuetum
1333 740 1426 792 fuit,
1459 756 1566 793 quae
1596 755 1644 783 eo

79 808 247 850 demum
276 809 484 861 abierunt,
513 813 561 851 ut
588 810 661 852 illo
691 811 744 852 ad
770 811 941 853 insanas
971 811 1220 854 saltationes
1248 815 1289 854 et
1313 812 1486 866 plausus
1515 813 1644 854 etiam

79 880 376 932 abuterentur3
406 882 528 924 testis
560 884 623 923 est
651 881 790 935 Ignat.
817 883 870 923 ad
898 882 1042 936 Magn.
1073 885 1115 924 et
1140 884 1252 937 Aug.
1282 884 1325 924 in
1357 883 1455 925 Joh.

132 951 353 994 XXXVII.
382 953 544 994 Verum
571 953 652 995 hac
680 954 774 1007 ipsa
804 953 870 995 die
895 953 1105 995 Sabbatlii
1135 954 1187 995 ab
1220 954 1416 995 omnibus
1449 955 1647 1008 operibus

79 1023 314 1066 cessatione
353 1026 394 1066 et
427 1025 649 1076 vacatione
678 1040 764 1066 non
792 1025 1058 1078 praecipitur
1086 1027 1256 1066 tantum
1285 1028 1326 1067 et
1355 1040 1431 1078 per
1461 1040 1516 1077 se,
1549 1026 1646 1067 oti-

78 1110 160 1136 um
198 1095 507 1149 corporale,
547 1096 619 1137 sed
654 1096 828 1150 insuper
857 1099 898 1138 et
927 1099 1105 1150 propter
1133 1096 1228 1148 hoc,
1259 1098 1544 1150 negotium
1572 1112 1646 1139 re-

7 1196 10 1198 .
78 1166 218 1220 ligio
232 1182 250 1208 s
262 1182 290 1208 u
300 1182 343 1208 m
355 1201 364 1219 ,
410 1168 711 1220 occupationes
754 1168 926 1219 scilicet,
971 1169 1172 1210 exercitia
1217 1168 1442 1222 officiaque
1486 1172 1645 1211 sancta.

78 1237 201 1281 Unde
240 1239 395 1281 dicitur
434 1239 772 1281 Sabbathum
810 1238 848 1280 D
870 1239 1056 1291 omini,
1097 1239 1176 1281 Ex.
1206 1241 1269 1282 20.
1300 1240 1365 1282 vel
1395 1240 1644 1293 Domino,

77 1309 174 1352 Lev.
215 1312 279 1353 23.
319 1313 360 1353 et
397 1311 733 1354 Sabbathum
774 1311 1118 1362 sanctitatiS,
1158 1314 1208 1353 et
1246 1312 1518 1353 sanctitas
1547 1311 1646 1353 Do-

76 1383 225 1435 mini,
265 1382 336 1425 Es.
374 1383 438 1435 28,
478 1384 540 1425 12.
579 1383 678 1436 quia
706 1398 792 1425 non
822 1383 949 1425 modo
978 1382 1060 1424 Dei
1089 1383 1238 1434 sancti,
1268 1381 1339 1423 sed
1369 1384 1410 1423 et
1438 1384 1643 1434 sanctum,

79 1457 121 1496 et
149 1455 275 1497 rebus
304 1454 480 1497 Domini
509 1470 557 1497 ac
586 1454 756 1507 sanctis,
788 1455 956 1508 publice
986 1457 1028 1495 et
1057 1453 1260 1507 privatim
1291 1453 1478 1494 dicatum
1502 1456 1543 1495 et
1568 1453 1646 1494 im-

78 1526 359 1579 pendendum,
390 1529 431 1568 et
459 1527 513 1568 ad
540 1528 725 1569 nominis
755 1527 843 1580 ejus
869 1526 1251 1568 sanctificationem
1277 1524 1543 1578 dirigendum
1568 1527 1644 1566 est.

133 1597 377 1639 XXXVIII.
415 1598 536 1640 Talia
574 1600 694 1640 erant
726 1598 771 1639 in
799 1598 974 1651 templo,
1006 1613 1032 1652 p
1046 1612 1069 1638 a
1080 1612 1105 1637 n
1119 1612 1147 1637 u
1157 1612 1200 1637 m
1229 1611 1256 1649 p
1269 1611 1290 1637 r
1302 1611 1325 1638 o
1338 1612 1365 1649 p
1379 1611 1402 1638 o
1416 1597 1549 1638 sitio
1562 1596 1645 1638 nis

80 1668 260 1722 singulis
304 1668 451 1710 diebus
493 1668 703 1712 Sabbathi
746 1669 863 1722 disp
877 1668 1046 1710 ositio
1062 1701 1070 1717 ,
1114 1667 1209 1709 Lev.
1250 1667 1312 1719 24,
1353 1668 1390 1708 8.
1431 1667 1645 1709 sacrifi-

81 1739 218 1780 cium
247 1738 386 1781 Sabb
399 1740 520 1781 athi
550 1740 909 1794 duplicatum,
941 1740 1120 1781 duorum
1149 1739 1311 1780 scilicet
1336 1753 1546 1792 agnorum
1571 1754 1644 1780 an-

77 1811 328 1863 niculorum,
374 1814 416 1853 et
458 1811 637 1853 duarum
676 1812 937 1854 decimarum
974 1811 1138 1853 similae
1177 1810 1269 1851 oleo
1300 1810 1566 1861 commixtae,
1598 1824 1645 1851 ac

79 1882 277 1935 duplex
304 1882 542 1925 libamen
571 1884 671 1936 ejus,
702 1882 832 1925 Num.
862 1883 925 1935 28,
956 1883 992 1924 9.
1025 1882 1087 1923 19.
1117 1881 1190 1923 ΕΖ.
1220 1882 1283 1923 26.
1316 1883 1644 1924 convocatio

79 1956 289 2006 sancta,
319 1955 453 1996 totius
480 1969 634 2007 nempe
662 1954 813 2008 populi
843 1954 888 1995 in
911 1953 1072 2006 templo
1099 1954 1172 1993 aut
1197 1951 1439 2006 Synagogis
1464 1967 1645 1994 conven-

78 2026 148 2066 tus
186 2024 383 2077 solennis,
422 2024 518 2067 Lev.
556 2026 620 2077 23,
652 2026 714 2067 13.
743 2024 847 2066 Mat.
877 2025 941 2066 12.
971 2023 1068 2066 Luc.
1098 2025 1135 2076 4,
1168 2024 1230 2065 16.
1261 2027 1302 2066 et
1333 2025 1395 2075 13,
1425 2024 1489 2065 10.
1520 2023 1645 2065 Can-

78 2095 190 2137 tica
232 2096 544 2149 singularia
585 2095 724 2138 Sabb
739 2096 866 2138 atho
911 2095 1233 2146 occinenda,
1279 2097 1327 2136 ut
1365 2094 1432 2136 Ps.
1472 2095 1534 2136 92.
1566 2097 1644 2136 etc.

78 2164 250 2208 Verbi
287 2166 407 2219 Dei,
446 2165 580 2208 Mosis
617 2182 769 2221 nempe
810 2169 851 2208 et
888 2166 1198 2220 prophetarum
1226 2166 1417 2217 lectio,
1457 2165 1567 2207 Neh.
1607 2166 1644 2206 8.

78 2237 173 2280 Act.
213 2238 276 2290 13,
316 2238 378 2280 14.
420 2239 524 2292 ejus·
547 2238 918 2292 praedicatio,
949 2236 1079 2279 Marc.
1111 2238 1145 2289 1,
1178 2238 1241 2278 21.
1271 2236 1367 2279 Act.
1400 2237 1460 2288 15,
1491 2237 1553 2277 21.
1584 2236 1646 2277 ad

77 2308 342 2362 populum
383 2308 725 2360 exhortatio,
767 2307 865 2350 Luc.
904 2308 942 2360 4,
983 2309 1045 2349 16.
1084 2308 1181 2350 Act.
1212 2308 1274 2359 13,
1307 2308 1368 2349 14.
1400 2308 1457 2349 de
1485 2307 1644 2349 rebus

80 2379 282 2421 divinis
312 2379 664 2431 dissertatio,
692 2379 788 2422 Act.
820 2381 883 2432 17,
915 2381 952 2421 2.
982 2380 1150 2432 aliaque
1178 2380 1351 2433 pietatis
1384 2379 1524 2421 officia
1539 2378 1645 2421 Sab-

77 2449 222 2492 bathis
252 2450 528 2504 singulariter
555 2451 823 2504 praestanda.

131 2520 330 2563 XXXIX.
361 2520 444 2563 Sed
471 2521 660 2563 nondum
688 2522 732 2563 in
762 2522 903 2574 quiete
932 2524 974 2563 et
1004 2521 1300 2563 observatione
1327 2520 1481 2562 horum
1506 2523 1644 2562 exter-

78 2606 230 2634 norum
270 2592 579 2644 exercitiorum,
619 2591 829 2635 Sabbathi
867 2592 992 2646 plena
1033 2595 1124 2634 erat
1161 2592 1453 2643 sanctificatio,
1482 2592 1565 2634 nisi
1594 2607 1642 2634 eo

78 2663 174 2716 fine,
205 2678 289 2717 quo
318 2664 577 2715 institutum,
605 2665 895 2716 usurparetur,
925 2666 967 2705 et
990 2663 1060 2717 pie
1085 2665 1313 2715 sancteque
1337 2663 1516 2704 interius
1538 2663 1644 2705 haec

80 2737 340 2788 gererentur,
384 2736 474 2777 sine
517 2749 614 2788 quo,
658 2737 706 2776 ut
743 2737 917 2776 externa
956 2734 1109 2786 omnia,
1149 2736 1392 2785 conventus,
1424 2734 1642 2786 sacrificia,

79 2806 310 2857 incensum,
348 2807 410 2849 ita
448 2809 490 2849 et
527 2805 806 2858 Sabbathum,
848 2806 950 2859 quin
989 2808 1031 2847 et
1059 2805 1272 2846 Kalendas
1302 2807 1344 2846 et
1372 2804 1641 2858 festivitates,

80 2891 125 2918 se
168 2876 404 2919 abominari
444 2880 485 2919 et
524 2877 673 2928 odisse,
712 2876 793 2918 sibi
821 2877 1001 2919 molesta
1030 2879 1072 2918 et
1100 2875 1350 2929 fatigationi
1379 2891 1480 2929 esse,
1510 2880 1643 2920 testa·

78 2949 149 2989 tur
184 2947 415 3000 Dominus3
452 2963 500 2992 ac
530 2947 710 3001 requirit
739 2947 792 2989 ad
813 2947 902 2990 ·hoc
931 2947 1148 2999 lotionem,
1177 2947 1430 2989 munditiem
1460 2950 1502 2990 et
1526 2947 1643 2989 abla-
