1931 3224
543 111 607 153 DF.
636 112 744 154 HOM.
773 127 822 154 AD
851 111 965 154 IMAG.
996 111 1075 154 Dm
1104 128 1260 154 CREATO.
1602 114 1678 154 115

124 235 337 276 communi
352 235 536 287 quodam
551 236 769 290 sanguinis
785 252 896 279 nexu
911 237 1022 279 inter
1037 252 1080 279 se
1096 236 1421 288 devincirentur,
1438 238 1533 278 Act.
1545 238 1606 286 17,
1618 238 1681 278 26.

176 305 220 348 L.
258 305 368 347 Tum
407 307 536 349 etiam
565 307 738 349 virum
776 323 798 350 e
837 309 1088 362 pulvere,
1128 308 1329 350 feminam
1358 323 1456 350 vero
1488 323 1547 350 ex
1575 308 1683 349 viri

123 379 377 430 soporati
419 381 595 432 costa,
638 394 770 432 eaque
809 395 933 422 carne
970 379 1181 432 investita,
1220 382 1262 422 et
1300 395 1321 421 e
1360 380 1563 421 lateribus
1593 381 1682 433 ejus

123 451 332 503 exempta,
374 464 461 491 non
502 453 644 493 autem
685 451 734 493 de
779 451 930 506 capite,
973 467 1051 494 nec
1095 451 1145 494 de
1188 451 1379 505 pedibus,
1420 451 1681 493 efformavit:

121 533 274 573 nempe
304 521 417 573 quod
447 522 537 563 viro
568 537 645 564 nec
673 523 855 574 domina,
885 538 962 565 nec
990 523 1144 564 ancilla
1172 522 1416 578 parabatur,
1448 523 1520 564 sed
1555 523 1680 575 socia,

122 594 169 632 ut
188 592 312 644 juxta
336 606 379 634 se
404 593 645 646 ponendam
669 597 956 647 cognosceret,
984 609 1111 647 quam
1136 594 1185 635 de
1210 594 1341 636 latere
1367 609 1442 636 suo
1469 597 1681 648 sumptam

121 662 346 705 didicisset.
385 663 653 716 Factique
691 667 788 705 sunt
824 665 868 706 in
908 680 1119 707 carnem
1158 680 1333 717 unam,
1364 668 1405 707 et
1434 666 1610 719 origine,
1641 670 1682 708 et

122 735 338 788 conjugali
367 735 596 788 consortio,
627 751 858 788 eorumque
887 737 1102 778 communi
1129 737 1282 785 fructu,
1313 737 1366 778 ad
1394 739 1586 779 mutuam
1610 753 1682 779 ne-

56 799 59 803 *
121 806 420 848 cessitudinem
448 808 560 849 inter
592 808 844 861 conjugatos
873 807 1136 859 firmandam,
1166 808 1278 862 Eph.
1308 809 1345 860 5,
1376 809 1438 850 28.
1470 811 1546 851 etc.

173 877 239 920 LI.
278 877 464 920 Tantum
502 879 552 920 de
589 879 726 933 prima
754 878 940 920 hominis
970 879 1195 931 creatione,
1226 880 1418 933 sequitur
1449 882 1682 923 secunda

121 951 172 991 et
209 950 464 1002 mediata,
507 965 614 1003 quae
652 952 715 992 est
753 953 932 993 naturae
961 951 1170 993 humanae
1200 952 1469 1004 constitutae,
1501 956 1542 995 et
1571 955 1682 994 vasis

120 1020 173 1062 ad
210 1021 530 1074 generationem
569 1022 681 1075 aptis
719 1021 965 1074 instructae,
1007 1037 1090 1075 qua
1127 1022 1242 1064 Deus
1271 1023 1565 1065 benedictione
1595 1039 1681 1073 sua,

121 1095 163 1133 et
200 1093 286 1133 vim
326 1092 563 1146 prolificam
601 1093 775 1145 addidit,
817 1109 993 1147 eamque
1021 1094 1277 1146 fecundavit,
1308 1098 1355 1136 ut
1383 1095 1444 1136 ita
1472 1095 1601 1137 homo
1632 1110 1681 1136 ex

119 1163 304 1215 homine,
343 1179 459 1206 mare
497 1164 656 1206 scilicet
695 1167 737 1206 et
767 1166 936 1217 femina,
963 1168 1248 1219 generaretur,
1285 1166 1338 1207 ad
1360 1168 1519 1208 terram
1544 1166 1681 1207 homi-

118 1234 243 1277 nibus
272 1235 544 1288 implendam,
575 1236 804 1278 secundum
831 1236 955 1278 illud:
984 1236 1281 1279 Benedixit
1311 1238 1408 1289 eis,
1436 1253 1493 1279 ac
1517 1237 1679 1290 dixit,

120 1305 366 1349 Crescite
395 1310 446 1349 et
476 1308 951 1362 multiplicamini,
986 1311 1035 1350 et
1063 1309 1276 1362 replete
1304 1312 1520 1350 terram.

172 1376 259 1420 LII.
298 1378 524 1432 Agitatum
559 1379 631 1421 hic
668 1380 751 1421 fuit
786 1380 898 1422 inter
935 1379 1085 1422 Patres
1115 1380 1216 1422 olim
1242 1380 1475 1433 problema,
1501 1384 1680 1422 utrum

117 1449 331 1492 animae
367 1450 710 1504 reliquorum
747 1451 1027 1493 hominum
1063 1467 1158 1504 per
1186 1451 1466 1493 traducem
1494 1467 1679 1505 paren—

117 1523 228 1564 tum
270 1522 611 1574 deriventur,
655 1538 719 1564 an
762 1538 889 1565 vero
934 1526 1188 1565 creentur
1232 1525 1282 1565 et
1320 1523 1679 1566 infundantur

118 1607 142 1634 a
182 1592 305 1635 Deo.
344 1592 563 1645 Nonnulli,
602 1593 890 1636 Tertullianus
921 1594 1079 1647 aliique
1109 1597 1343 1647 senserunt,
1373 1597 1514 1636 totum
1540 1595 1679 1638 homi-

118 1679 215 1706 nem
244 1679 295 1706 ex
322 1667 416 1707 toto
444 1665 617 1707 homine
645 1666 890 1719 propagari,
921 1681 1074 1719 nempe
1103 1681 1257 1719 corpus
1288 1681 1337 1708 ex
1369 1681 1558 1720 corpore,
1589 1668 1679 1709 ani-

117 1750 232 1777 mam
273 1751 323 1777 ex
366 1736 518 1788 anima,
560 1739 608 1778 ut
645 1737 787 1779 lumen
825 1736 874 1778 de
912 1736 1070 1778 lumine
1107 1737 1361 1789 accenditur,
1405 1738 1472 1779 vel
1509 1741 1557 1779 ut
1595 1739 1679 1791 alii,

116 1810 256 1849 totum
286 1823 336 1849 ex
364 1808 407 1849 vi
436 1808 635 1861 genitalis
667 1801 851 1850 seminis.

168 1878 279 1921 LIII.
316 1878 560 1922 Communis
590 1882 733 1922 autem
763 1880 905 1935 opinio
934 1880 1033 1922 huic
1064 1880 1276 1922 contraria
1306 1883 1380 1933 est,
1412 1896 1563 1935 nempe
1592 1896 1678 1923 non

117 1965 206 1993 esse
242 1965 293 1992 ex
329 1951 515 2003 traduce,
554 1952 627 1993 sed
661 1967 685 1993 a
723 1951 828 2003 Deo,
867 1966 953 1994 non
993 1953 1163 2005 quidem
1193 1953 1315 2005 quasi
1345 1955 1443 1994 ante
1472 1953 1524 1994 ab
1553 1953 1675 1994 initio

114 2022 262 2064 mundi
306 2024 674 2077 praeexsistentes,
718 2025 766 2065 ut
807 2022 1013 2076 Origenes
1055 2023 1202 2075 voluit,
1247 2039 1393 2065 verum
1434 2024 1676 2066 immediate

115 2094 259 2145 creari,
299 2094 634 2148 corporibusque
662 2094 737 2136 ubi
761 2096 851 2148 jam
879 2095 924 2136 in
952 2097 1074 2137 utero
1103 2095 1252 2136 matris
1283 2110 1435 2150 corpus
1466 2095 1518 2137 ad
1545 2095 1674 2137 talem

114 2166 298 2208 animam
327 2167 638 2220 suscipiendam
669 2169 961 2221 comparatum
987 2170 1028 2209 et
1053 2167 1309 2221 dispositum
1334 2167 1473 2218 fuerit,
1499 2167 1674 2209 coelitus

112 2237 292 2290 infundi,
323 2241 395 2280 aut
423 2238 580 2292 potius,
606 2241 654 2281 ut
678 2239 751 2280 alii
775 2239 938 2291 volunt,
964 2238 1156 2281 increari.
1181 2239 1448 2292 Augustinus
1472 2239 1516 2280 in
1534 2240 1673 2281 medio

113 2309 406 2361 quaestionem
443 2309 657 2363 relinquit.
686 2309 778 2354 Nos
807 2311 1026 2364 vulgatam
1056 2311 1310 2353 sententiam
1337 2311 1509 2353 veritati
1536 2312 1674 2365 magis

113 2382 440 2422 consentaneam
467 2381 736 2423 arbitramur.

164 2450 272 2494 LIV.
312 2451 466 2494 Finis
504 2455 554 2494 et
583 2467 708 2495 usus
738 2454 1046 2496 creationis
1076 2456 1118 2496 et
1147 2455 1274 2496 creati
1306 2454 1490 2495 hominis
1520 2458 1595 2505 est,
1625 2458 1673 2496 ut

110 2521 203 2576 ipse
227 2538 278 2565 ex
302 2525 391 2565 tam
415 2523 661 2565 admirando
687 2524 752 2565 sui
777 2524 960 2578 opificio,
986 2525 1234 2567 excellentia
1259 2528 1301 2566 et
1326 2528 1450 2577 statu,
1473 2526 1672 2567 eximiam

110 2592 192 2635 Dei
215 2594 481 2648 sapientiam,
506 2594 743 2649 potentiam
767 2598 809 2637 et
832 2595 1154 2648 benignitatem,
1181 2611 1309 2649 quam
1333 2597 1377 2638 in
1402 2599 1499 2638 ortu
1522 2600 1670 2639 nostro

112 2664 309 2717 declarat,
339 2667 582 2719 cognoscat,
613 2665 805 2721 agnitam
832 2668 925 2708 tum
952 2666 1129 2719 interne,
1159 2669 1250 2709 tum
1273 2669 1445 2709 externe
1469 2668 1593 2720 eolat,
1619 2667 1671 2709 ad

111 2736 398 2779 omnimodam
427 2738 516 2790 ejus
542 2735 806 2789 beatitatem,
835 2736 1002 2791 Deique
1031 2739 1224 2792 gloriam.
