1931 3224
739 123 802 166 DE
833 123 972 167 VOTIS.
1597 128 1675 170 407

117 251 393 293 excluduntur
430 265 454 292 a
483 249 671 304 generali
699 248 898 303 Apostoli
926 252 1168 304 praecepto,
1200 252 1220 292 1
1254 250 1347 293 Cor.
1378 251 1414 303 7,
1443 253 1481 293 2.
1511 251 1544 292 Ρ
1555 266 1576 292 r
1590 266 1613 293 o
1625 266 1674 305 p-

117 324 198 364 ter
234 321 607 364 scortationes
645 335 789 362 suam
822 321 1050 374 quisque
1079 336 1299 363 uxorem
1326 322 1550 374 habeto,
1580 337 1675 364 cum

116 394 221 448 ipsis
249 408 417 447 quoque
447 392 693 446 (confitente
721 391 998 446 Bellarmino)
1029 393 1130 434 insit
1160 393 1396 447 periculum
1423 393 1674 445 fornicandi,

116 467 356 518 donumque
399 462 699 515 continentiae,
741 477 868 516 quam
911 466 1132 516 voverunt,
1174 464 1342 518 possint
1384 465 1593 518 amittere,
1634 467 1677 506 et

115 537 227 578 vinci
269 537 493 590 aliquando
537 552 561 578 a
601 537 851 588 tentatione,
889 536 924 577 B
937 536 982 578 el
994 536 1007 577 1
1019 551 1042 577 a
1053 551 1074 577 r
1084 550 1152 577 m.>
1179 536 1210 578 L
1222 536 1286 578 ib.
1325 537 1360 577 2.
1400 536 1425 578 d
1437 551 1458 579 e
1496 536 1541 578 M
1553 552 1577 579 o
1590 552 1617 578 n
1631 552 1675 579 a-

116 622 137 649 c
147 607 249 659 his,
280 623 301 649 c
312 622 336 649 a
345 622 386 661 p.
415 609 452 650 9.

167 676 318 719 XLIV.
356 677 502 719 Tertia
539 677 726 721 conditio
765 682 840 730 est,
879 678 955 721 Ne
991 681 1082 720 vot
1097 694 1121 720 a
1159 680 1406 721 actiones
1440 679 1552 721 sint
1582 695 1638 722 su
1652 695 1675 722 0

115 764 144 803 g
156 764 176 791 e
187 764 215 790 n
227 763 248 790 e
258 763 279 789 1·
291 763 312 790 e
349 763 392 790 m
403 764 427 790 a
437 749 451 789 1
463 744 520 791 ae
529 782 538 800 ‚
578 748 722 802 quales
761 752 858 791 sunt
895 750 940 791 in
976 750 1144 803 Papatu
1177 753 1420 792 sanctorum
1448 751 1676 802 invocatio,

107 815 349 875 *imaginum
379 836 427 863 ac
454 821 731 874 reliquiarum
758 821 989 872 veneratiO,
1019 820 1327 863 Monaohorum
1352 822 1489 864 otiosa
1513 822 1675 864 mendi·
1694 865 1697 868 ,

114 893 232 945 citas,
261 895 302 935 et
331 892 499 935 similes.

166 963 295 1006 XLV.
334 964 495 1014 Quarta
532 966 607 1016 est,
646 963 721 1006 Ne
759 965 859 1017 maj
874 979 930 1005 us
968 964 994 1006 b
1008 979 1162 1006 onum
1201 964 1266 1005 im
1281 978 1309 1018 p
1323 964 1518 1005 ediant.
1554 962 1677 1013 Quod

113 1036 215 1078 facit
239 1039 386 1078 votum
409 1035 687 1089 paupertatis,
713 1049 796 1088 quo
822 1034 973 1077 divites
997 1035 1121 1077 bonis
1146 1035 1231 1076 suis
1250 1035 1546 1077 renunciantes
1563 1035 1678 1076 omni

114 1107 402 1149 destituuntur
424 1105 627 1148 facultate
651 1105 905 1149 Sanctorum
930 1105 1273 1147 communionem
1297 1106 1434 1148 alendi
1455 1121 1531 1159 per
1549 1121 1678 1159 opera

112 1178 418 1232 hospitalitatis
457 1193 506 1220 ac
541 1177 858 1230 beneficentiae,
893 1177 1045 1230 quibus
1074 1177 1190 1219 Deus
1218 1178 1401 1219 maxime
1431 1177 1677 1230 delectatur,

113 1249 245 1292 Hebr.
276 1250 337 1303 13,
368 1250 430 1292 16.

56 1314 59 1316 ¹
165 1320 314 1363 XLVI.
353 1320 511 1371 Quinta
539 1324 614 1373 est,
645 1319 720 1363 Ne
748 1335 832 1363 res
861 1323 989 1363 vota
1020 1321 1167 1363 obsit
1197 1321 1403 1363 officio
1434 1335 1536 1374 quo
1567 1321 1677 1374 qui-

114 1392 253 1434 libet
289 1407 347 1434 ex
371 1393 493 1446 jure
522 1392 767 1434 naturali
799 1407 856 1434 ac
883 1392 1079 1434 morali
1107 1392 1161 1433 in
1187 1393 1492 1447 proximum
1520 1391 1677 1446 fungi

112 1466 131 1505 t
144 1479 165 1505 e
176 1479 204 1505 n
215 1479 237 1505 e
248 1466 304 1506 tu
314 1479 347 1506 r.
374 1463 490 1506 Talis
520 1466 583 1506 est
612 1464 827 1506 societatis
853 1464 1076 1516 humanae,
1108 1466 1236 1517 atque
1263 1463 1474 1517 imprimis
1502 1463 1676 1518 propin-

115 1551 296 1589 quorum
334 1550 506 1577 suorum
544 1535 739 1588 desertio,
779 1550 908 1588 quam
943 1535 1144 1577 Monachi
1166 1538 1383 1587 voventes,
1417 1550 1470 1577 ne
1500 1549 1676 1577 consan-

113 1607 365 1662 guineorum
388 1621 560 1648 suorum
583 1606 828 1648 necessitati
851 1607 1053 1648 inservire
1078 1609 1297 1661 cogantur,
1323 1606 1450 1649 fidem
1476 1606 1677 1648 Christia-

112 1693 207 1720 nam
241 1693 368 1731 quam
397 1693 468 1721 ore
499 1678 767 1731 profitentur,
797 1679 937 1732 reipsa
966 1678 1193 1731 abnegant.
1218 1677 1305 1720 Ubi
1331 1678 1443 1720 enim
1467 1679 1532 1719 est
1554 1679 1676 1720 tanta

111 1750 412 1801 inhumanitas,
440 1750 502 1791 ibi
528 1749 644 1791 nulla
673 1752 736 1791 est
763 1750 808 1791 in
836 1749 975 1791 Deum
1003 1750 1154 1803 pietas.

167 1820 338 1863 XLVII.
386 1821 515 1863 Sexta
562 1823 637 1874 est,
676 1820 751 1863 Ne
789 1836 873 1863 res
911 1821 983 1863 sit
1020 1821 1302 1875 plerisque
1344 1820 1675 1863 voventibus

112 1893 179 1935 im
190 1909 218 1947 p
231 1909 255 1935 o
268 1908 286 1935 s
297 1893 501 1945 sibilis,
541 1895 588 1934 ut
628 1895 691 1935 est
726 1895 933 1946 perpetua
961 1894 1004 1935 in
1034 1894 1123 1934 vita
1152 1892 1311 1934 caelibe
1341 1892 1528 1944 castitas,
1558 1892 1675 1944 cujus

111 1964 156 2005 in
191 1964 459 2006 monasteriis
494 1963 770 2006 violationem
798 1966 915 2006 totus
945 1963 1293 2006 Christianismus
1323 1978 1408 2006 non
1437 1963 1526 2005 sine
1556 1963 1676 2017 gravi

114 2035 364 2078 offendiculo
395 2036 447 2077 ab
477 2035 641 2089 aliquot
669 2037 784 2078 retro
813 2035 966 2078 seculis
997 2035 1310 2077 animadvertit.

164 2106 357 2150 XLVIII.
379 2106 583 2161 Septima,
603 2106 680 2149 Ne
708 2122 792 2150 res
821 2107 933 2149 sint
955 2107 1197 2161 ineptae,
1224 2107 1469 2149 ludicrae
1494 2109 1544 2148 et
1567 2107 1676 2148 inu-

113 2178 180 2220 til
192 2193 213 2220 e
224 2193 262 2231 s,
294 2181 341 2220 ut
370 2181 469 2219 sunt
497 2178 861 2232 peregrinationes
888 2178 1125 2233 religiosae,
1155 2179 1298 2221 variae
1327 2178 1551 2220 habituum
1581 2177 1675 2220 Mo-

112 2249 356 2292 nachalium
392 2249 567 2302 formae,
606 2249 865 2292 abstinentia
898 2265 921 2292 a
951 2250 1077 2292 certis
1107 2250 1299 2292 ciborum
1329 2250 1568 2303 generibus,
1597 2252 1675 2292 etc.

166 2320 317 2364 XLIX.
358 2320 530 2373 Octava,
568 2323 625 2362 ut
663 2321 725 2363 ab
763 2321 832 2363 iis
871 2322 1016 2363 absit
1056 2322 1228 2363 omnis
1269 2323 1458 2375 opinio
1495 2322 1675 2363 cultus

112 2392 417 2435 necessarii
455 2406 510 2433 ac
543 2392 821 2435 meritorii
851 2393 990 2446 apud
1018 2392 1057 2434 D
1072 2407 1185 2434 eum
1214 2408 1273 2435 ex
1303 2407 1464 2446 opere
1493 2407 1587 2445 sup
1602 2407 1675 2434 er-

115 2479 203 2507 ero
216 2464 475 2518 gationis.
531 2463 582 2505 In
635 2479 717 2517 qua
773 2464 974 2518 opinione
1023 2464 1059 2506 B
1072 2464 1391 2506 ellarminus
1439 2463 1673 2506 Monachos

113 2551 212 2579 suos
250 2536 330 2577 hac
366 2535 457 2577 voti
494 2534 739 2577 definitione
777 2535 1018 2577 confirmat:
1054 2535 1095 2577 V
1106 2551 1129 2577 o
1141 2538 1160 2577 t
1173 2551 1201 2577 u
1211 2551 1254 2577 ni
1287 2550 1308 2577 e
1321 2550 1338 2576 s
1350 2538 1369 2576 t
1406 2550 1426 2575 r
1439 2535 1609 2588 eligio
1622 2550 1640 2577 s
1651 2550 1675 2577 a

113 2606 408 2663 promissio
453 2606 692 2659 alicujus
732 2607 1154 2649 excellentioris
1195 2606 1322 2648 boni
1363 2605 1472 2647 Deo
1513 2605 1673 2648 facta.

114 2678 229 2729 Quae
268 2678 304 2720 Β
317 2679 423 2720 ella
432 2693 454 2719 r
464 2678 594 2720 mini
631 2678 836 2730 definitio,
865 2679 947 2721 hac
973 2678 1081 2721 falsa
1108 2678 1260 2720 nititur
1288 2677 1531 2732 hypothesi,
1562 2678 1675 2731 quod

112 2752 273 2794 bonum
310 2750 481 2803 aliquod
515 2750 787 2793 excellentius
815 2751 858 2791 in
889 2750 1125 2803 Evangelio
1155 2749 1278 2790 nobis
1307 2764 1330 2790 a
1361 2747 1529 2791 Christo
1561 2763 1675 2791 com-

113 2822 346 2875 mendetur,
385 2837 512 2876 quam
549 2837 573 2864 a
606 2822 699 2865 Deo
736 2823 781 2864 in
808 2822 920 2876 Lege
946 2822 1183 2864 mandetur.
1214 2820 1340 2874 Cujus
1368 2820 1602 2863 falsitatem
1630 2822 1675 2864 in

113 2895 407 2948 superioribus
428 2895 587 2937 nostris
607 2894 982 2949 Disputationibus
1004 2894 1053 2935 de
1070 2893 1183 2947 Lege
1199 2895 1240 2935 et
1256 2893 1492 2947 Evangelio
1509 2893 1674 2935 abunde

113 2966 507 3010 demonstravimus.
