1931 3224
615 125 679 167 DE
709 123 840 168 GOENA
869 124 1032 166 DOMINI.
1529 123 1608 165 523

44 253 171 304 atque
208 250 325 292 illam
360 252 453 292 toto
484 249 719 302 enunciato,
748 248 857 290 hane
886 263 988 290 voce
1017 248 1176 290 definit.
1207 247 1288 291 Sed
1318 261 1413 290 cum
1438 247 1597 300 Logica

43 322 198 365 mentis
251 325 293 364 et
333 322 525 364 internae
566 320 757 372 rationis,
798 335 885 362 non
927 320 1132 362 sermonis
1176 320 1243 372 sit,
1289 320 1381 373 ejus
1420 320 1605 373 figurata

44 393 306 447 praedicatio
334 393 450 434 nulla
479 394 554 443 est,
585 392 658 434 sed
690 391 828 444 figura
859 391 1116 433 Rhetoricae
1146 391 1398 432 elocutionis
1427 393 1607 432 tantum.

44 464 102 507 Et
131 464 323 518 quamvis
354 464 441 517 ejus
472 477 597 504 causa
626 463 678 505 ab
710 463 991 504 attributione
1017 462 1084 514 sit,
1111 462 1227 503 sedes
1252 465 1395 504 tamen
1418 462 1464 504 in
1487 464 1610 516 parte

46 535 190 588 aliqua
219 537 260 576 et
290 536 405 576 certa
435 536 509 575 est.

99 605 248 648 LXIX.
288 606 376 647 Alii
414 620 516 659 ergo
555 608 750 647 statuunt
787 608 963 659 tropum
1000 606 1044 647 in
1084 606 1286 659 subjecto,
1326 621 1399 648 seu
1436 607 1480 647 in
1509 621 1611 649 voce

49 676 382 719 demonstrativa
423 676 558 728 Hoc,
601 679 649 718 ut
687 677 887 729 Bucerus,
925 677 986 719 ita
1023 680 1071 719 ut
1110 692 1158 719 eo
1199 678 1462 731 significetur
1490 677 1613 731 panis

47 763 143 790 cum
181 763 373 801 corpore,
413 750 454 789 et
491 748 637 790 vinum
666 763 761 790 cum
790 748 1007 802 sanguine,
1038 751 1217 802 propter
1246 749 1446 791 unionem
1476 764 1614 791 sacra-

47 820 288 872 mentalem,
329 834 412 872 qua
450 822 593 861 tamen
629 834 716 862 non
744 835 912 862 necesse
941 820 996 861 sit
1026 822 1254 873 utrumque
1284 835 1484 873 praesens
1513 821 1612 862 sub-

46 891 303 933 stantialiter
343 891 557 944 constitui,
599 892 671 933 sed
708 891 880 933 realiter
917 893 1105 941 tantum;
1145 891 1206 932 ita
1243 893 1291 932 ut
1321 891 1461 933 sensui
1490 892 1613 944 panis

46 966 87 1005 et
116 963 274 1015 vinum,
305 963 439 1005 menti
469 977 622 1016 corpus
652 964 694 1004 et
719 962 892 1016 sanguis
919 962 1093 1003 Domini
1120 962 1444 1004 demonstretur.
1468 962 1613 1015 Atque

44 1035 106 1076 ita
141 1035 233 1076 fieri
270 1035 390 1087 ajunt
428 1035 473 1075 in
514 1034 708 1076 omnibus
750 1033 1050 1085 locutionibus,
1091 1033 1244 1086 quibus
1284 1048 1358 1088 per
1397 1034 1519 1086 signa
1548 1049 1615 1076 res

45 1105 263 1147 insensiles
289 1108 364 1146 aut
392 1105 587 1146 absentes
610 1105 922 1157 promittuntur
947 1107 988 1145 et
1014 1104 1280 1146 exhibentur.
1299 1105 1446 1146 Fuerit
1460 1106 1606 1159 itaque

46 1191 214 1219 sensus:
254 1176 386 1227 Hoc,
418 1175 531 1229 quod
560 1175 613 1217 do
643 1175 763 1216 vobis
796 1175 878 1217 hoc
907 1175 1044 1228 signo,
1075 1178 1139 1217 est
1170 1190 1323 1228 corpus
1348 1191 1502 1228 meum,
1533 1178 1612 1218 etc.

44 1249 105 1290 At
133 1247 248 1289 nulla
287 1249 350 1288 est
389 1249 487 1288 ante
523 1246 636 1288 facta
675 1246 865 1300 corporis
904 1247 1078 1298 mentio,
1118 1249 1165 1288 ut
1194 1262 1270 1300 per
1298 1246 1413 1289 Hoc
1443 1248 1615 1289 demon-

47 1322 216 1371 stretur,
247 1322 289 1361 et
316 1319 485 1361 unionis
514 1318 627 1360 illius
658 1319 886 1361 declaratio
917 1333 994 1372 per
1021 1318 1127 1361 haec
1156 1318 1285 1360 verba
1315 1318 1499 1373 primum
1529 1320 1591 1361 fit.

100 1389 227 1432 LXX.
251 1389 342 1432 Alii
370 1390 415 1432 in
442 1404 545 1432 voce
572 1389 690 1442 Est,
718 1405 796 1443 pro
828 1389 1053 1444 significat,
1083 1392 1270 1443 sumpta;
1299 1391 1360 1432 ita
1390 1393 1488 1444 post
1518 1390 1609 1433 Ho-

47 1462 165 1504 nium
200 1461 412 1503 Batavum
449 1461 516 1503 cui
552 1461 707 1514 praeiit
745 1461 798 1502 ad
834 1460 944 1502 hanc
981 1461 1235 1502 sententiam
1272 1461 1519 1516 Zwinglius.
1549 1462 1606 1504 Et

48 1549 158 1583 sane,
202 1536 304 1586 est,
348 1533 461 1574 inter
503 1532 607 1574 alias
648 1532 981 1586 significationes
1023 1546 1102 1585 pro
1141 1533 1356 1586 significat
1393 1548 1478 1575 non
1509 1548 1605 1576 raro

48 1605 270 1659 accipitur,
306 1606 354 1646 ut
392 1619 524 1657 quum
560 1603 767 1645 vocabula
805 1603 854 1645 de
891 1618 975 1644 una
1013 1603 1161 1656 lingua
1198 1603 1243 1645 in
1271 1604 1449 1646 alteram
1477 1604 1609 1647 inter—

48 1680 267 1732 pretantes
305 1677 494 1727 dicimus,
531 1675 582 1717 id
622 1677 724 1726 est,
765 1675 878 1727 quod
914 1675 1039 1726 valet,
1070 1674 1295 1728 significat,
1326 1674 1450 1716 Matt.
1479 1675 1515 1726 1,
1546 1675 1610 1716 23.

49 1749 107 1791 Et
146 1750 195 1791 de
230 1748 368 1800 rebus,
407 1746 625 1800 Septem
662 1747 848 1800 spicae
887 1748 929 1787 et
967 1748 1173 1799 septem
1209 1745 1373 1787 boves
1403 1748 1612 1799 septem

50 1819 175 1862 anni
214 1821 360 1870 sunt,
400 1817 501 1860 Gen.
529 1818 593 1870 40,
625 1818 686 1858 13.
718 1817 779 1858 19.
809 1819 850 1858 et
878 1817 942 1869 41,
974 1817 1037 1858 26.
1068 1816 1256 1859 Semen
1286 1819 1367 1859 est
1394 1817 1613 1859 verbum

49 1891 169 1943 Dei,
200 1904 328 1944 ager
353 1892 433 1932 est
470 1889 718 1941 mundus,
748 1888 870 1930 Matt.
903 1888 965 1939 13,
995 1888 1058 1930 37.
1082 1880 1149 1931 38ss
1173 1888 1390 1943 Septem
1416 1889 1613 1931 stellae

52 1963 177 2004 sunt
215 1964 426 2015 septem
462 1959 673 2013 Angeli.
705 1962 782 2002 etc.
813 1960 1002 2012 Aquae
1031 1959 1231 2001 multae
1264 1961 1347 2001 est
1375 1959 1613 2013 populus

51 2033 274 2084 multus,
303 2033 438 2086 Apoc.
470 2032 506 2083 1,
535 2032 603 2073 20.
633 2033 674 2073 et
705 2031 768 2082 17,
799 2032 860 2073 15.
893 2030 1002 2073 Item
1031 2045 1110 2085 pro
1140 2030 1267 2072 simili
1297 2045 1399 2084 esse,
1429 2033 1489 2082 ut,
1517 2030 1613 2084 Ego

52 2119 144 2146 sum
182 2104 304 2158 panis
339 2104 424 2155 ille,
452 2118 552 2144 vera
580 2103 693 2154 vitiS,
724 2103 892 2155 ostium,
923 2102 1143 2145 Johannes
1173 2106 1236 2145 est
1263 2102 1392 2154 Elias,
1424 2102 1615 2144 Herodes

53 2178 116 2217 est
152 2176 310 2230 vulpes.
348 2175 436 2218 Ubi
474 2175 726 2228 metaphora
764 2178 828 2216 est
866 2175 910 2216 in
939 2175 1197 2228 praedicato.
1229 2175 1321 2224 Quo
1352 2175 1480 2216 etiam
1510 2174 1617 2217 refe-

52 2249 152 2289 runt
195 2246 521 2289 sacramentales
560 2246 654 2287 illas
698 2246 947 2298 locutiones,
993 2244 1351 2288 Circumcisio
1391 2248 1471 2287 est
1511 2245 1617 2287 foe-

54 2316 170 2368 dus,
211 2316 396 2369 Agnus
435 2319 516 2358 est
543 2317 846 2370 transitus,
876 2317 1042 2359 Petra
1073 2319 1191 2359 erat
1220 2316 1501 2369 Christus,
1532 2316 1618 2358 Oa-

53 2387 130 2429 lix
181 2389 260 2429 est
311 2402 504 2429 novum
560 2387 982 2430 Testamentum.
1037 2388 1329 2430 Veruntamen
1379 2387 1483 2430 haec
1533 2402 1619 2430 non

53 2461 222 2501 tantum
261 2458 616 2512 significationem
652 2462 694 2501 et
731 2459 1061 2512 similitudinem,
1101 2459 1174 2501 sed
1212 2473 1382 2512 quoque
1420 2458 1620 2512 obsigna-

53 2531 228 2582 tionem,
268 2533 310 2572 et
347 2529 655 2572 exhibitionem
694 2531 888 2573 afferunt.
926 2531 998 2583 At,
1038 2533 1137 2583 est,
1174 2533 1266 2573 tum
1303 2531 1463 2584 partim
1499 2544 1621 2583 prae-

56 2602 196 2654 dicati,
234 2602 392 2655 partim
431 2602 607 2655 copulae
643 2601 855 2644 rationem
890 2602 1032 2654 habet,
1063 2604 1110 2644 ut
1141 2617 1191 2644 ex
1218 2601 1333 2644 vocis
1362 2601 1622 2643 resolutione

56 2676 189 2726 patet.

109 2744 257 2787 LXXI.
287 2744 375 2786 Alii
405 2744 584 2797 denique
613 2745 658 2786 in
686 2759 788 2787 voce
819 2745 1011 2798 corporis
1042 2747 1083 2786 et
1113 2744 1332 2797 sanguinis
1363 2759 1458 2787 cum
1487 2743 1619 2787 Oeco-

57 2817 285 2871 lampadio,
314 2819 488 2870 tropum
518 2815 742 2868 collocant,
769 2830 817 2857 ac
841 2818 944 2868 tum,
972 2818 1075 2867 est,
1099 2817 1268 2857 tantum
1292 2815 1373 2857 erit
1396 2815 1623 2867 vinculum,

60 2902 108 2930 ac
150 2902 295 2930 sensus
334 2887 426 2940 erit,
464 2887 587 2940 panis
617 2889 658 2928 et
686 2887 834 2928 vinum
864 2889 927 2928 est
956 2886 1209 2940 symbolum,
1239 2886 1520 2939 signaculum,
1551 2887 1624 2930 ob-

62 2959 260 3013 signatio,
290 2959 460 3013 pignus,
490 2958 686 3010 arrhabo,
718 2957 926 3000 exhibitio
957 2958 1148 3011 corporis
1179 2960 1220 3000 et
1249 2958 1482 3011 sanguinis.
1509 2958 1627 3008 Quae
