1931 3224
373 145 437 188 DE
467 145 621 189 MissAE
651 145 871 188 SAcmmom
902 157 1067 192 muscum
1098 158 1295 187 Assuslssus.
1540 144 1618 186 549

51 271 226 324 reliquis
277 285 432 325 corpus
482 270 598 324 quod
638 271 684 312 in
726 269 895 312 Christo
938 269 1155 322 habemus,
1199 269 1617 324 repraesentantibus

51 343 180 385 finem
216 343 380 397 imponi
417 343 566 396 voluit,
605 344 714 385 teste
754 341 979 395 Apostolo,
1019 341 1151 383 Hebr.
1186 342 1224 383 9.
1255 344 1349 382 tum
1379 340 1618 394 Magorum,

53 415 246 458 oratione
284 429 359 456 sua
392 414 445 456 ad
474 428 541 456 res
570 414 839 466 inanimatas,
872 413 1025 466 quibus
1055 413 1107 455 ad
1135 413 1341 455 fascinum
1373 413 1620 464 abutuntur,

50 487 301 541 plerumque
343 485 629 538 dirigentium,
675 488 724 526 ut
766 485 900 538 liquet
940 500 991 526 ex
1028 484 1094 526 his
1130 485 1270 526 verbis
1305 484 1531 526 sacrificuli
1559 484 1621 526 ita

51 558 152 600 thus
202 572 323 599 suum
372 556 652 609 alloquentis:
695 557 772 598 Ab
815 556 916 598 illo
960 556 1331 608 benedicaris,
1373 557 1427 598 in
1469 557 1621 610 cujus

51 630 311 671 honorem
362 627 714 679 cremaberis,
768 627 821 669 in
872 627 1088 670 nomine
1141 626 1352 679 Patris,
1395 626 1530 668 Filii
1572 630 1623 669 et

52 700 80 743 S
91 715 120 754 p
131 700 203 741 iri
214 702 270 741 tu
281 714 299 741 s
329 699 357 742 S
370 715 393 741 a
403 714 432 740 n
443 700 492 741 ct
503 699 530 740 i.
562 699 722 749 Quibus
751 699 891 741 verbis
919 699 1025 741 haec
1049 699 1102 741 ad
1117 698 1255 741 Deum
1271 699 1464 752 subjicit:
1491 699 1525 741 T
1537 715 1564 741 u
1577 715 1621 752 a,

53 785 395 824 quaesumus,
427 769 776 822 omnipotens
806 769 1141 823 sempiterne
1170 769 1208 811 D
1223 785 1332 822 eus,
1361 770 1621 812 immensa

51 841 367 894 Majestatis
404 841 628 883 dextera
665 840 799 882 hanc
825 843 1136 883 creaturam
1164 841 1378 883 incensi
1405 841 1622 883 benedi-

52 927 171 956 cere
215 914 265 954 et
303 912 632 954 sanctificar
647 927 668 954 e
707 911 973 965 digneris:
1013 914 1072 953 ut
1109 912 1162 953 in
1198 912 1413 953 virtute
1443 912 1622 953 sancti

50 984 286 1026 nominis
323 984 427 1036 tui,
467 998 648 1025 omnes
686 983 1081 1025 immundorum
1118 983 1417 1037 spirituum
1444 983 1621 1025 incur-

51 1070 138 1098 sus
178 1055 450 1109 effugare,
490 1069 782 1108 omnesque
819 1055 1060 1106 morbos,
1101 1054 1320 1096 reddita
1358 1055 1622 1107 sanitate,

52 1127 351 1181 depellere,
380 1125 690 1178 ubicunque
717 1125 893 1166 fumus
920 1126 1036 1178 ejus
1062 1125 1375 1177 afflaverit,
1402 1126 1622 1168 mirabi—

50 1198 181 1240 liter
213 1198 421 1252 possit,
452 1200 615 1251 atque
642 1197 749 1239 tibi
779 1196 1155 1250 omnipotenti
1183 1196 1221 1238 D
1237 1212 1294 1239 eo
1326 1198 1489 1239 odore
1518 1197 1622 1239 fra-

51 1270 407 1324 grantissimo
447 1271 715 1323 perpetua
753 1268 1034 1310 suavitate
1070 1268 1334 1311 redolere.
1363 1268 1519 1321 Item,
1548 1270 1623 1311 in-

50 1356 266 1384 censum
308 1341 449 1383 illud
487 1357 511 1383 a
547 1344 598 1384 te
637 1341 992 1383 benedictum
1032 1341 1294 1383 ascendat
1331 1342 1392 1384 ad
1420 1344 1491 1394 te,
1523 1341 1620 1384 Do-

48 1413 209 1465 mine,
249 1415 299 1455 et
339 1412 638 1455 descendat
676 1427 837 1465 super
877 1427 951 1454 me
978 1412 1366 1455 misericordia
1394 1415 1499 1455 tua.
1529 1413 1621 1463 Qua

48 1485 294 1540 precatione
333 1483 593 1526 sacrificulus
633 1483 771 1525 Deum
800 1484 918 1536 quasi
952 1483 1220 1537 constringit,
1250 1486 1298 1525 ut
1326 1484 1457 1526 talem
1485 1485 1620 1527 virtu-

49 1558 136 1598 tem
164 1555 342 1609 fugandi
372 1555 578 1597 Diabolos
607 1570 655 1597 ac
684 1554 859 1597 sanandi
893 1569 1044 1608 aegros
1074 1555 1191 1596 fumo
1216 1555 1375 1596 incensi
1401 1555 1467 1597 sui
1490 1555 1621 1603 indat,

50 1627 219 1680 qualem
246 1642 324 1669 nec
349 1626 606 1680 Prophetae,
633 1640 710 1668 nec
735 1625 935 1680 Apostoli
961 1626 1300 1668 extraordinario
1328 1626 1478 1668 edendi
1493 1627 1622 1668 mira-

50 1698 144 1740 cula
182 1698 293 1740 dono
331 1698 514 1752 praediti
553 1713 576 1739 a
614 1697 706 1740 Deo
736 1713 924 1751 unquam
954 1699 1182 1751 petierunt,
1214 1698 1347 1751 probe
1375 1697 1619 1751 intelligen-

49 1772 126 1821 tes,
154 1784 232 1811 nec
261 1784 285 1810 a
314 1784 369 1821 se,
401 1784 478 1811 nec
508 1769 560 1810 ab
592 1769 735 1822 aliqua
765 1771 959 1811 creatura
987 1769 1184 1821 humana,
1215 1769 1371 1811 nedum
1387 1784 1411 1811 a
1428 1771 1622 1812 creatura

48 1841 209 1884 incensi
247 1841 484 1893 inanimati,
524 1842 597 1883 sed
638 1856 662 1883 a
701 1841 791 1883 solo
822 1843 1024 1893 creatore,
1055 1841 1252 1894 precibus
1281 1841 1380 1883 fidei
1409 1841 1621 1893 invocato,

51 1913 288 1956 Daemonia
325 1927 374 1955 ac
402 1912 574 1954 morbos
605 1927 656 1954 ex
684 1912 930 1954 hominibus
961 1927 1084 1966 posse
1115 1912 1281 1967 expe-lli,
1311 1912 1435 1954 Matt.
1466 1913 1528 1964 17,
1557 1913 1621 1954 21.

51 1986 79 2029 J
81 2001 140 2028 ac.
173 1987 208 2038 1,
240 1986 301 2027 15.
760 1974 763 1975 ⁷

105 2057 234 2100 LVII.
259 2057 459 2099 Decimus
486 2057 640 2098 abusus
667 2059 742 2108 est,
774 2056 887 2109 quod
916 2056 1173 2098 sacrificulus
1204 2055 1435 2098 confundat
1464 2057 1622 2111 species

52 2130 304 2183 disparatas.
342 2129 457 2171 Nam
495 2129 648 2182 primo,
674 2143 829 2182 panem
858 2130 900 2170 et
927 2128 1074 2169 vinum
1103 2130 1202 2170 ante
1231 2128 1550 2170 conversionem
1576 2129 1621 2170 in

53 2216 206 2256 corpus
236 2216 285 2243 ac
314 2201 564 2254 sanguinem
593 2199 765 2252 Christi,
796 2215 843 2241 ac
872 2200 1051 2253 proinde
1082 2200 1203 2253 signa
1227 2201 1525 2242 tantummodo
1552 2216 1623 2242 ex-

51 2275 174 2316 terna
217 2272 409 2325 corporis
450 2273 491 2313 et
529 2271 748 2325 sanguinis
778 2271 949 2323 Christi,
981 2272 1109 2312 sumit
1138 2285 1217 2324 pro
1246 2271 1340 2325 ipso
1372 2285 1549 2324 corpore
1581 2273 1624 2312 et

53 2344 260 2397 sanguine
287 2343 458 2395 Christi,
484 2342 583 2384 dum
604 2342 727 2395 signa
742 2342 814 2383 illa
831 2344 1005 2384 externa
1022 2341 1284 2384 oblationem
1301 2341 1460 2384 Christi
1476 2342 1622 2396 appel-

51 2415 126 2457 lat.
151 2414 357 2466 Secundo,
384 2413 645 2456 oblationem
662 2412 881 2455 Missalem
896 2415 1020 2455 vocat
1040 2413 1269 2455 oblationis
1285 2413 1444 2455 Christi
1459 2428 1619 2456 memo-

53 2486 175 2528 riam.
201 2485 361 2538 Tertio,
386 2485 637 2527 memoriam
651 2484 861 2538 passionis
881 2483 1039 2526 Christi
1060 2485 1209 2526 miscet
1227 2500 1323 2527 cum
1337 2485 1541 2527 memoria
1556 2485 1621 2528 in-

54 2558 324 2610 carnationis,
339 2556 589 2608 nativitatis,
608 2556 952 2608 circumcisionis,
969 2556 1291 2599 resurrectionis
1311 2559 1353 2598 et
1364 2557 1621 2599 ascensionis

52 2628 81 2671 J
84 2643 157 2671 esu
181 2628 352 2680 Christi,
378 2630 526 2670 contra
544 2627 678 2681 ipsius
703 2626 860 2669 Christi
884 2628 1144 2679 mandatum,
1171 2627 1256 2680 qui,
1280 2630 1328 2668 ut
1342 2629 1488 2669 monet
1502 2627 1622 2681 Apo-

53 2700 189 2744 stolus
214 2701 235 2742 1
264 2699 356 2742 Cor.
383 2700 444 2751 11,
470 2700 534 2740 26.
558 2698 641 2740 hoc
665 2701 834 2740 tantum
856 2699 939 2740 fine
965 2713 1138 2741 coenam
1165 2713 1284 2740 suam
1298 2699 1499 2752 instituit,
1515 2701 1563 2740 ut
1578 2699 1623 2741 in

52 2772 126 2814 illa
149 2774 332 2814 mortem
354 2771 488 2826 ipsius
513 2771 829 2823 annunciemus,
854 2776 1033 2824 eumque
1056 2773 1105 2812 ut
1129 2770 1376 2812 crucifixum
1398 2771 1451 2813 ob
1468 2771 1622 2812 mentis

52 2847 224 2887 nostrae
250 2844 395 2886 oculos
419 2858 639 2899 ponamus.
665 2842 840 2894 Quarto,
865 2842 1094 2884 memoriae
1120 2841 1280 2883 Christi
1306 2841 1439 2884 assuit
1462 2857 1622 2885 memo-

52 2915 161 2957 riam
197 2914 390 2969 Virginis
432 2913 594 2955 Mariae
631 2916 674 2956 et
701 2914 881 2955 aliorum
912 2913 985 2966 qui
1014 2906 1176 2954 nullum
1207 2912 1459 2955 sacrificium
1488 2913 1622 2956 crucis

54 2986 340 3039 expiatorium
363 2985 455 3028 Deo
482 2999 560 3038 pro
585 2984 709 3027 nobis
730 2984 986 3026 obtulerunt.
1003 2984 1071 3027 Ad
1087 2985 1204 3037 cujus
1218 2984 1280 3026 rei
1295 2984 1422 3026 fidem
1438 2985 1621 3038 ipsamet
