1931 3224
312 131 376 173 DE
405 130 731 173 RESURRECTIONE
759 129 904 172 Omns
934 145 981 173 ΕΤ
1009 130 1169 173 (11101010
1202 145 1391 173 EXTREMO.
1554 133 1630 174 631

71 270 198 309 quam
236 255 350 297 facta
386 258 496 307 sunt,
533 257 607 297 aut
635 269 853 308 nunquam
880 255 996 308 fient,
1025 256 1098 298 sed
1128 271 1153 298 a
1180 255 1306 298 rebus
1334 256 1472 310 magis
1499 258 1626 308 notis,

74 327 140 369 vel
166 329 331 379 natura,
360 327 427 369 vel
453 327 534 369 fide
563 342 639 380 per
667 326 983 379 revelationem,
1013 330 1061 368 ut
1089 327 1169 368 1100
1197 327 1314 377 100ος
1344 330 1393 368 ut
1422 328 1478 369 sit
1507 342 1633 381 argu-

74 400 263 440 mentum
299 397 399 449 tale,
437 397 483 440 Si
511 398 625 451 apud
653 412 727 439 vos
758 398 814 439 sit
843 397 1017 440 indubia
1044 398 1146 439 fides
1174 398 1494 441 resurrectionis
1521 414 1634 441 mor-

73 471 257 521 tuorum,
295 469 339 510 in
376 483 459 521 qua
484 469 599 510 Deus
627 469 845 522 pulverem
875 469 1125 511 cadaverum
1154 469 1426 522 disjectorum
1455 470 1628 524 colliget

76 542 118 581 et
154 539 335 593 aptabit,
373 543 553 592 mortua,
593 540 710 581 arida
748 542 790 582 et
829 554 1004 582 exsucca
1034 555 1129 582 ossa
1157 540 1311 582 iterum
1337 543 1563 595 componet
1592 544 1634 583 et

74 611 326 653 vivificabit:
364 626 451 655 non
489 612 770 653 dubitandum
805 611 926 653 vobis
965 614 1028 653 est
1067 611 1118 652 de
1149 611 1429 664 promissione
1458 612 1633 654 restitu-

73 683 203 725 tionis
242 683 394 736 populi
432 682 524 735 Dei,
564 683 754 736 quamvis
793 683 989 725 exhausti
1028 683 1201 724 viribus.
1241 682 1323 732 Qui
1352 683 1463 725 enim
1493 684 1634 726 divina

74 754 232 796 virtute
271 768 358 806 sua,
389 769 570 808 corpora
597 755 642 796 in
671 755 854 797 cinerem
884 770 931 797 ac
960 755 1178 808 pulverem
1207 755 1388 808 redacta,
1419 755 1472 796 ad
1501 755 1633 796 vitam

75 825 302 879 aliquando
340 840 538 867 revocare
575 827 748 879 poterit,
787 826 822 867 is
860 827 989 868 etiam
1026 826 1186 880 poterit
1216 826 1369 876 exules,
1400 826 1473 879 qui
1503 825 1633 867 aridis

76 897 242 939 ossibus
279 911 364 938 non
402 899 499 938 sunt
536 897 762 949 absimiles,
800 897 844 938 in
878 898 1061 950 patriam
1092 897 1303 949 reducere,
1336 900 1377 939 et
1404 897 1634 951 pristinum

74 968 286 1011 libertatis
313 969 506 1021 vigorem
533 968 639 1022 ipsis
667 969 903 1011 restituere.

128 1040 180 1083 X.
211 1039 294 1083 Sed
318 1054 564 1092 expressum
589 1042 653 1082 est
676 1040 866 1082 Danielis
891 1040 1185 1082 testimonium
1210 1055 1299 1093 cap.
1328 1041 1388 1092 12,
1415 1040 1452 1081 2.
1475 1039 1634 1082 Multi

76 1114 135 1155 de
172 1113 242 1154 iis
272 1112 362 1165 qui
393 1112 669 1153 dormiunt
698 1111 747 1152 in
778 1112 1002 1166 pulvere
1032 1114 1234 1163 terrae,
1264 1111 1633 1164 evigilabunt,

74 1185 175 1227 alii
213 1185 264 1226 in
304 1184 816 1234 vitam-aeternam,
845 1183 944 1224 alii
973 1183 1026 1224 in
1055 1183 1414 1236 ignominiam
1444 1182 1634 1236 sempi-

74 1259 296 1298 ternam.
349 1254 441 1297 Nec
483 1254 812 1296 existimandum
856 1256 930 1306 est,
975 1253 1248 1307 prophetiam
1287 1253 1404 1295 illam
1446 1255 1498 1296 ad
1539 1255 1633 1296 uni-

75 1327 281 1370 versalem
318 1326 672 1369 resurrectionem
702 1340 788 1367 non
816 1325 1043 1379 pertinere,
1075 1325 1174 1378 quia
1204 1325 1254 1366 de
1282 1325 1439 1377 multis,
1468 1340 1554 1368 non
1583 1326 1634 1368 de

75 1400 283 1451 omnibus,
313 1399 356 1440 id
383 1398 665 1452 promittitur.
694 1396 809 1439 Nam
837 1398 871 1439 1.
903 1397 1026 1439 multi
1054 1397 1118 1438 illi
1144 1397 1412 1449 dormientes,
1437 1412 1516 1451 pro
1543 1412 1633 1439 om-

73 1471 200 1514 nibus
238 1470 544 1512 dormientibus
584 1469 720 1523 accipi
758 1471 949 1522 possunt,
988 1469 1061 1522 qui
1097 1472 1241 1511 tamen
1278 1469 1402 1510 multi
1437 1469 1635 1511 dicuntur

75 1545 331 1597 comparate,
357 1542 409 1584 ad
435 1556 505 1584 eos
530 1541 604 1595 qui
626 1541 712 1583 vivi
736 1541 1002 1594 reperientur
1025 1541 1070 1582 in
1095 1541 1161 1582 die
1185 1540 1503 1583 resurrectionis
1518 1556 1633 1583 mor—

73 1618 256 1657 tuorum.
286 1616 321 1656 2.
351 1616 494 1668 potest
521 1629 605 1656 vox
633 1613 813 1665 multi,
842 1627 928 1654 non
951 1613 1004 1655 ad
1029 1613 1210 1665 subjecti
1235 1612 1632 1655 determinationem

72 1686 232 1738 referri,
271 1686 343 1727 sed
371 1686 425 1727 ad
452 1688 679 1738 utrumque
706 1684 943 1726 membrum
974 1684 1285 1726 distributionis
1314 1685 1359 1725 in
1387 1684 1630 1737 praedicato

74 1758 337 1811 subjunctae,
376 1756 495 1810 quasi
533 1756 702 1807 diceret,
731 1755 888 1796 multi
917 1755 978 1797 ad
1006 1755 1195 1807 vitam,
1225 1754 1385 1796 multi
1414 1755 1474 1796 ad
1501 1769 1632 1797 mor-

73 1831 189 1871 tem.
231 1829 453 1880 Addimus,
496 1830 717 1883 praeterea
756 1842 911 1869 nomen
954 1826 1059 1868 illud
1096 1826 1365 1868 collectivum
1402 1826 1631 1879 aliquando

73 1900 370 1942 universaliter
410 1901 451 1941 et
489 1899 702 1941 extensive
740 1913 818 1952 pro
859 1898 1038 1940 omnib
1050 1912 1104 1938 05
1143 1898 1188 1939 in
1225 1897 1447 1951 Scriptura
1484 1898 1631 1951 accipi,

73 1973 122 2013 ut
149 1970 271 2013 Rom.
302 1971 338 2012 5.
365 1971 426 2012 19.
456 1970 530 2012 ubi
558 1970 740 2022 multi,
769 1969 851 2011 hoc
880 1972 954 2022 est,
986 1984 1129 2011 omnes
1160 1969 1232 2022 qui
1261 1972 1360 2010 sunt
1383 1970 1427 2010 in
1450 1969 1629 2022 Adamo,

74 2044 272 2086 dicuntur
309 2042 533 2084 constituti
566 2044 824 2095 peccatores.
854 2040 954 2083 Non
982 2056 1105 2096 posse
1134 2043 1276 2083 autem
1300 2040 1414 2082 hunc
1442 2040 1631 2083 Danielis

73 2116 226 2168 locum,
263 2118 311 2157 ut
349 2114 616 2169 Porphyrius
657 2115 950 2167 detorquebat,
981 2114 1033 2155 ad
1062 2117 1222 2155 statum
1251 2113 1432 2167 Reipub.
1462 2112 1631 2155 Israelis

73 2190 173 2242 post
207 2201 349 2229 caesos
385 2186 591 2229 Antiochi
630 2186 765 2236 duces,
804 2186 956 2240 aptari,
996 2188 1183 2227 constat:
1223 2186 1258 2227 1.
1286 2185 1353 2227 Ex
1380 2185 1464 2227 fine
1492 2199 1631 2227 resur-

73 2259 273 2301 rectionis
311 2259 436 2311 illius,
476 2258 565 2300 vita
602 2258 669 2300 vel
706 2257 943 2312 ignominia
981 2257 1252 2310 sempiterna.
1280 2257 1316 2297 2.
1344 2255 1411 2297 Ex
1439 2270 1488 2297 eo
1518 2256 1632 2309 quod

74 2330 124 2372 de
176 2330 485 2372 resurrectione
528 2328 731 2382 loquitur,
773 2329 817 2370 in
861 2343 944 2381 qua
986 2328 1155 2381 piorum
1197 2330 1238 2369 et
1279 2327 1510 2381 impiorum
1552 2326 1632 2369 erit

75 2403 225 2443 exacta
261 2401 472 2452 discretio,
511 2414 619 2452 quae
657 2402 768 2441 certe
807 2414 893 2441 non
931 2399 1025 2451 fuit,
1063 2401 1161 2452 post
1189 2398 1397 2441 redditam
1425 2397 1630 2440 Israelitis

73 2486 234 2525 pacem.
277 2472 315 2513 3.
355 2471 564 2513 Doctores
606 2470 819 2513 Ecclesiae
860 2469 1063 2512 Ju'daicae
1100 2485 1184 2512 non
1224 2471 1452 2525 coeperunt
1488 2469 1541 2510 ab
1579 2483 1628 2510 eo

73 2548 266 2598 tempore
302 2544 467 2598 fulgere
504 2546 553 2584 ut
588 2543 901 2584 firmamentum
929 2542 973 2583 in
1003 2545 1233 2594 aeternum,
1263 2541 1336 2594 qui
1364 2540 1508 2594 potius
1536 2540 1629 2594 lege

73 2616 305 2670 depravata
344 2618 386 2657 et
425 2615 579 2657 sensim
615 2615 852 2666 imminuta,
891 2614 1099 2667 paulatim
1129 2614 1180 2656 de
1208 2614 1343 2667 gradu
1372 2612 1629 2654 deciderunt.

73 2689 193 2732 Adde
237 2689 352 2741 quod
394 2687 626 2742 genuinum
666 2687 779 2729 hunc
806 2687 959 2738 locum,
1000 2687 1044 2727 in
1085 2686 1226 2727 verbis
1269 2684 1428 2726 Christi
1467 2683 1627 2736 haberi,

75 2761 228 2815 quibus
255 2760 478 2802 Danielem
504 2759 671 2801 videtur
700 2758 923 2811 explicare,
954 2757 1053 2800 Joh.
1082 2758 1118 2810 5,
1149 2757 1212 2799 28.
1243 2759 1284 2799 et
1311 2756 1374 2798 29.
1404 2755 1510 2798 bene
1538 2769 1629 2797 mo-

74 2835 170 2876 nuit
196 2834 380 2887 August.
409 2833 467 2874 de
496 2830 651 2874 Civit.
681 2830 800 2882 Dei,
829 2829 936 2871 Lib.
967 2830 1030 2872 20.
1059 2843 1166 2883 cap.
1197 2829 1259 2870 23.

127 2905 202 2948 XI.
231 2905 329 2948 Huc
351 2903 454 2946 facit
484 2903 612 2945 etiam
641 2901 772 2944 Oseae
800 2901 1060 2949 vaticinium,
1090 2900 1348 2942 Dominus
1376 2899 1628 2942 vivifica-

75 2977 157 3019 bit
183 2991 277 3019 nos
305 2978 432 3029 post
460 2975 590 3016 duos
620 2974 753 3025 dies,
783 2973 836 3014 in
866 2972 1042 3014 tertia
1071 2971 1154 3014 die
1183 2970 1482 3013 suscitabit
1508 2986 1626 3024 nos,
