1931 3224
549 129 613 172 DE
642 129 902 173 MAGISTRATU
930 130 1130 174 POLITICO.
1540 133 1618 174 609

58 254 151 294 est.
188 252 336 295 Unde
374 267 435 295 ne
474 268 574 307 qua
603 255 753 298 inter
780 255 987 298 fratres
1018 255 1315 307 dissensio,
1343 270 1514 309 neque
1544 256 1618 297 in-

56 324 141 364 ter
182 324 535 379 praepositos
575 328 625 368 et
663 327 950 380 subjectos
989 327 1102 369 sint
1138 327 1381 370 fomenta
1419 325 1620 368 discor-

59 392 198 446 diae,
237 394 289 436 in
317 411 476 438 unum
505 399 798 441 convenire
829 399 1158 442 Sacerdotes
1187 413 1408 442 necesse
1439 401 1540 450 est,
1565 401 1622 439 ut

59 466 107 506 et
150 464 208 507 de
244 466 622 510 incidentibus
661 470 841 512 causis
880 470 1245 524 disceptatio,
1285 472 1335 512 et
1372 470 1445 512 sit
1484 469 1622 511 salu-

58 535 172 579 bris
213 537 271 580 de
299 538 702 584 Ecclesiastica
732 542 1124 585 observatione
1154 542 1410 594 collatio,
1441 545 1622 596 quate-

58 623 155 650 nus
184 609 301 651 dum
329 625 423 663 per
452 610 552 654 hoc
582 614 631 654 et
654 613 966 667 praeterita
991 614 1368 667 corriguntur,
1396 616 1448 656 et
1470 629 1623 668 regu-

59 678 162 720 lam
207 679 393 722 futura
441 682 775 738 suscipiunt,
827 683 1187 738 Omnipotens
1224 683 1483 726 Dominus
1521 684 1624 726 fra-

59 752 200 792 trum
252 753 546 795 concordia
599 754 964 797 collaudetur.
1019 755 1180 809 Cujus
1233 756 1388 798 vobis
1439 756 1625 798 adesse

60 824 448 877 praesentiam,
487 826 522 867 si
558 825 640 868 hoc
679 826 1016 879 observaveritis,
1048 828 1272 880 scitote,
1304 828 1429 880 qu'ia
1458 827 1624 880 scrip-

60 895 170 934 tum
208 896 307 936 est:
346 894 449 937 Ubi
477 896 685 939 fuerint
716 899 1045 951 congregati
1076 899 1176 941 duo
1207 899 1290 940 vel
1320 900 1430 940 tres
1459 900 1512 940 in
1541 912 1625 939 no-

62 964 201 1007 mine
236 980 370 1018 meo,
409 966 487 1008 ibi
525 982 635 1009 sum
672 968 724 1010 in
763 969 938 1010 medio
970 984 1164 1011 eorum.
1196 968 1250 1011 Si
1280 983 1407 1023 ergo
1437 969 1626 1010 adesse

63 1037 323 1090 dignatur
351 1038 441 1080 ubi
471 1039 569 1081 duo
594 1040 680 1082 vel
703 1042 814 1082 tres
839 1041 1071 1092 fuerint,
1099 1043 1303 1093 quanto
1326 1040 1498 1093 magis
1522 1054 1626 1080 non

63 1107 258 1161 deerit,
288 1109 378 1150 ubi
406 1109 593 1163 plures
624 1111 988 1153 convenerint
1019 1111 1369 1163 Sacerdotes,
1401 1113 1479 1152 etc.

566 1519 1038 1568 DISPUTATIO
1078 1521 1130 1567 L.

823 1665 868 1686 DE

485 1766 866 1854 Magistratu
915 1766 1208 1835 Politico.

356 1921 555 1964 Praeside
584 1922 635 1964 D.
665 1921 693 1964 J
697 1921 946 1965 OHANNE
975 1920 1344 1964 POLYANDRO.

439 2041 714 2090 Respondente
743 2041 1019 2080 MICHAELE
1050 2054 1071 2079 a
1101 2039 1259 2079 GOGH.

730 2164 920 2207 THESIS
946 2164 978 2207 I.

225 2268 362 2295 UBLmA
390 2268 612 2296 munerum
641 2269 665 2296 a
693 2253 785 2296 Deo
815 2254 989 2308 Optimo
1018 2252 1207 2295 Maximo
1239 2253 1531 2295 ordinatorum
1560 2254 1633 2296 ad-

224 2324 497 2378 ministratio,
537 2327 610 2367 aut
648 2328 712 2367 est
748 2325 1061 2376 Ecclesiastica‚
1099 2327 1172 2366 aut
1209 2323 1403 2366 Politica.
1442 2324 1547 2366 Cmn
1585 2325 1634 2366 de

67 2396 142 2438 illa
171 2411 299 2450 supra
328 2399 470 2439 actum
497 2397 568 2449 sit,
598 2397 787 2451 postulat
817 2397 919 2440 ordo
950 2412 974 2439 a
1002 2396 1126 2439 nobis
1150 2396 1385 2449 institutus,
1410 2399 1458 2438 ut
1482 2397 1532 2439 de
1555 2397 1636 2439 hac

69 2482 239 2521 quoque
266 2467 349 2509 hoc
376 2468 469 2509 loco
500 2482 687 2521 agamus.

121 2537 176 2580 ΙΙ.
221 2537 404 2580 Politica
445 2553 587 2581 rerum
628 2538 939 2581 administratio
979 2540 1055 2590 est,
1097 2553 1204 2592 quae
1233 2539 1278 2580 in
1307 2538 1413 2592 Rep.
1443 2553 1467 2580 a
1495 2539 1634 2593 Magi-

69 2612 207 2652 stratu
244 2624 345 2664 erga
384 2610 521 2652 omnis
549 2610 714 2664 generis
744 2611 854 2652 cives
882 2612 1110 2662 exercetur,
1141 2624 1248 2662 quos
1276 2609 1391 2651 Deus
1418 2609 1502 2662 ipsi
1533 2625 1636 2663 qua—

71 2682 168 2724 dam
195 2682 362 2724 ratione
391 2682 602 2735 subjectos
632 2696 720 2724 esse
751 2682 898 2724 voluit.

122 2753 199 2795 III.
229 2752 451 2796 Summum
480 2753 592 2795 enim
620 2755 662 2795 et
690 2752 932 2795 absolutum
958 2752 1004 2793 in
1033 2755 1247 2794 creaturas
1270 2751 1477 2794 humanas
1500 2752 1635 2805 impe-

70 2825 181 2867 rium
221 2824 353 2866 habet
395 2824 508 2867 solus
544 2824 681 2874 Deus3
723 2823 1045 2866 subordinatum
1082 2839 1182 2866 vero
1215 2826 1256 2866 et
1285 2823 1634 2876 conditionatum,

70 2899 361 2954 Magistratus,
392 2898 612 2949 quatenus,
643 2895 814 2947 scilicet,
841 2894 1034 2936 subditos
1058 2894 1156 2936 fidei
1180 2909 1228 2936 ac
1254 2908 1377 2936 curae
1400 2909 1500 2936 suae
1523 2909 1637 2936 com-

71 2969 225 3011 missos
255 2967 483 3011 secundum
510 2967 618 3020 legis
648 2966 815 3008 divinae
844 2980 892 3007 ac
920 2967 1059 3006 rectae
1083 2964 1260 3007 rationis
1286 2965 1475 3008 omnium
1499 2966 1638 3007 homi-

1426 3039 1460 3064 39
