1931 3224
278 161 341 203 DE
370 161 697 205 Rasnmomom
727 162 872 205 CARNIS
908 178 954 205 ΕΤ
984 163 1142 206 Jumcm
1171 178 1360 206 EXTREMO.
1526 163 1610 205 627

43 285 166 338 dicta,
197 299 304 339 quae
330 287 533 340 corporis,
563 302 640 341 per
666 289 848 330 mortem
877 303 898 330 0
910 303 934 330 3
945 288 1007 330 da
1017 304 1043 331 v
1055 304 1076 330 e
1087 304 1107 330 r
1138 289 1254 342 facti,
1279 288 1606 339 restitutionem,

44 359 86 400 et
124 357 288 400 animae
326 374 420 401 cum
450 359 597 401 eodem
624 360 871 402 reunionem
899 360 1124 414 significat,
1154 375 1339 414 agemus.
1368 358 1470 402 Non
1498 359 1609 401 enim

42 428 278 482 refugimus
309 445 330 472 0
343 445 366 472 3
377 430 403 472 d
416 445 440 472 a
450 445 476 473 v
488 446 509 473 e
519 431 593 473 ris
621 446 776 474 nomen
806 431 872 485 (ut
898 432 941 474 id
970 432 1108 474 obiter
1137 431 1317 484 dicatur)
1345 431 1476 473 cuivis
1499 445 1612 473 mor-

43 502 119 542 tuo
145 502 327 555 corpori,
351 517 403 544 ne
431 503 600 555 quidem
626 505 802 557 excepto
829 502 988 545 Christi
1014 517 1204 557 corpore,
1228 503 1272 544 in
1287 503 1438 545 mortis
1454 503 1608 555 triduo,

47 572 279 615 attribuere
292 589 300 624 3
318 574 396 616 etsi
412 575 455 616 id
471 575 767 629 blasphemum
781 575 975 617 videatur
991 574 1273 617 Feuardentio
1290 574 1324 615 T
1337 574 1366 615 h
1378 589 1398 616 e
1411 589 1435 616 o
1448 589 1490 615 m
1501 589 1525 616 a
1539 589 1559 616 c
1570 574 1611 616 h.

44 642 153 684 Lib.
193 645 229 685 6.
269 659 385 699 pag.
418 646 505 687 176.
537 649 578 688 et
608 646 805 699 Cottono,
835 645 1082 688 Genevae
1111 645 1257 698 Plag.
1287 645 1350 687 ad
1378 646 1473 687 loc.
1502 646 1612 687 Act.

44 715 81 767 2,
121 715 184 756 27.
224 714 346 764 Quod
379 718 521 758 tamen
547 717 631 770 ipsi
661 717 829 759 Christo
860 717 1077 770 Chrysost.
1105 718 1292 759 tribuere
1320 731 1405 759 non
1432 719 1613 769 veretur,

45 784 238 827 Homil.
262 787 327 828 42.
351 788 407 828 in
436 789 457 829 1
485 788 546 830 ad
571 788 601 830 C
615 804 683 831 or.
710 792 862 840 πτῶμα(
889 790 1021 831 καλῶν
1042 789 1086 831 τὸ
1116 792 1235 840 σῶμα
1255 788 1323 831 διὰ
1341 789 1403 831 τὸν
1421 788 1613 831 θάνατον.

46 856 105 899 Et
140 857 297 911 probat
334 857 509 912 Gregor.
548 860 598 901 de
635 859 805 902 Valent.
846 860 966 903 Tom.
995 862 1031 902 4.
1062 861 1105 902 in
1134 860 1285 902 Thom.
1317 860 1421 914 disp.
1450 876 1476 901 1.
1507 876 1546 912 q.
1576 861 1614 901 4.

46 931 189 982 punct.
227 944 253 970 1.
290 928 349 971 In
386 931 572 973 triduo
613 933 808 974 mortis
838 932 1049 974 Christi
1079 947 1167 974 car
1183 947 1220 984 o,
1250 932 1352 974 imo
1382 930 1615 973 CADAVER

47 999 338 1053 (quatenus
371 1003 452 1042 est
481 1004 677 1044 natura
705 1002 1073 1054 irrationalis,
1104 1002 1474 1055 insensibilis)
1509 1016 1615 1043 sus-

46 1071 360 1113 tentabitur
388 1071 746 1125 hypostatice
776 1088 800 1114 a
827 1074 1005 1115 verbo.

100 1143 176 1185 Ill.
201 1143 284 1185 Hic
310 1143 514 1185 articulus
538 1144 764 1186 discrimen
788 1145 891 1186 facit
914 1146 1025 1187 inter
1045 1145 1253 1187 Ethnicos
1271 1148 1313 1187 et
1329 1144 1591 1187 Christianos
1604 1160 1613 1195 ;

49 1217 169 1257 extra
207 1217 478 1269 conspectum
508 1215 621 1256 enim
650 1215 828 1257 rationis
857 1216 1057 1269 positum,
1087 1216 1263 1270 propria
1292 1216 1506 1258 Ecclesiae
1534 1232 1617 1259 vox

49 1290 124 1339 est,
163 1289 212 1329 ut
243 1287 397 1329 merito
436 1286 721 1329 Tertullianus
758 1287 924 1339 dixerit,
962 1286 996 1328 F
1008 1287 1022 1329 i
1034 1288 1059 1329 d
1070 1302 1097 1328 11
1112 1287 1155 1329 01
1167 1303 1190 1329 3
1201 1302 1244 1328 111
1274 1286 1304 1328 C
1315 1287 1344 1328 h
1354 1288 1430 1329 ris
1441 1288 1483 1328 ti
1496 1304 1519 1329 a
1531 1303 1557 1329 n
1571 1303 1616 1329 o-

47 1374 160 1401 rum
189 1374 302 1402 esse
330 1360 793 1401 resurrectionem
821 1374 861 1400 m
875 1362 1170 1411 ortuoruni,
1202 1359 1292 1401 Lib.
1319 1359 1368 1400 de
1392 1362 1612 1401 resurrect.

49 1431 199 1472 carnis.
238 1431 297 1472 Et
333 1431 447 1484 quod
477 1432 527 1473 de
557 1431 696 1485 capite
724 1431 1004 1484 Augustinus,
1037 1432 1089 1473 ad
1118 1432 1260 1473 omnia
1289 1432 1479 1473 membra
1506 1432 1614 1474 refe-

49 1502 226 1544 rendum
253 1502 329 1544 sit:
359 1502 630 1544 Mortuum
660 1518 777 1545 esse
805 1502 1095 1555 Christum,
1124 1502 1334 1556 Pagani
1363 1503 1616 1545 3011111111-

50 1573 97 1615 ci
135 1575 250 1627 ejus
286 1574 536 1624 credunt3
569 1575 943 1617 resurrexisse
972 1577 1148 1616 autem
1178 1573 1469 1626 Christum,
1500 1589 1616 1627 pro—

51 1645 173 1698 pria
210 1644 288 1686 fid
301 1660 352 1687 es
393 1648 474 1687 est
513 1645 970 1687 Christianorum.
1009 1645 1078 1688 Sic
1116 1646 1246 1687 morti
1284 1645 1492 1688 obnoxios
1529 1661 1617 1688 esse

51 1729 196 1757 omnes
232 1716 438 1769 homines,
471 1716 645 1758 Ethnici
673 1716 818 1758 vident
847 1716 876 1758 &
907 1716 1140 1759 concedunt
1154 1731 1162 1757 z
1193 1719 1236 1757 at
1266 1732 1361 1758 cum
1394 1717 1446 1758 ad
1478 1731 1616 1758 resur-

48 1787 281 1829 rectionem
310 1790 483 1830 ventum
513 1791 589 1840 est,
619 1787 786 1836 videtur
819 1788 987 1841 ληρώδης
1016 1787 1147 1839 λόγος,
1175 1787 1270 1829 Act.
1296 1788 1357 1839 17,
1384 1788 1449 1829 32.
1474 1787 1615 1829 Plinio

50 1856 141 1899 Lib.
167 1859 203 1900 2.
233 1860 372 1900 natur.
400 1858 512 1901 Hist.
543 1874 634 1913 cap.
665 1860 700 1901 7.
732 1861 773 1901 et
797 1858 886 1900 Lib.
913 1860 948 1901 7.
975 1874 1064 1912 cap.
1091 1859 1153 1900 55.
1179 1874 1206 1912 p
1218 1874 1246 1900 u
1259 1874 1279 1900 e
1291 1874 1311 1900 r
1322 1859 1336 1900 i
1348 1859 1361 1899 l
1373 1874 1394 1900 e
1419 1859 1443 1900 d
1456 1874 1477 1900 e
1488 1859 1529 1900 li
1540 1874 1560 1900 1
1572 1874 1616 1900 a-

53 1944 95 1970 m
106 1944 127 1971 e
137 1944 165 1971 n
175 1932 194 1971 t
203 1945 230 1971 u
241 1945 296 1972 m.
336 1929 405 1973 Sic
443 1930 648 1972 Coecilius
678 1931 792 1984 apud
820 1930 1054 1973 Minucium
1082 1931 1127 1972 in
1156 1929 1332 1972 Octavio
1346 1944 1354 1971 ε
1385 1928 1454 1971 Ch
1466 1945 1487 1971 r
1497 1930 1512 1971 i
1523 1944 1541 1971 s
1553 1932 1571 1971 t
1582 1930 1616 1971 i-

53 1999 140 2041 ani
177 2001 352 2043 aniles
390 2001 609 2043 fabulas
647 2003 912 2054 astruunt,
953 2002 1167 2043 renasci
1197 2016 1249 2043 se
1277 2001 1464 2043 ferunt
1493 2003 1618 2054 post

51 2072 289 2123 mortem,
328 2073 379 2113 et
418 2071 631 2113 cineres
674 2074 724 2113 et
762 2072 998 2123 favillas,
1039 2075 1089 2114 et
1126 2072 1312 2114 nescio
1353 2087 1453 2124 qua
1480 2071 1618 2113 fidu-

53 2140 146 2193 cia,
184 2142 481 2184 mendaciis
519 2144 630 2185 suis
664 2143 903 2185 credunt.
937 2143 1034 2185 Uno
1062 2143 1206 2195 verbo,
1236 2142 1306 2185 Ut
1336 2143 1515 2185 carnis
1544 2158 1619 2185 re-

52 2212 327 2255 surrectio
365 2216 609 2267 negetur,
648 2214 707 2256 de
744 2230 845 2256 una
883 2215 1115 2256 omnium
1148 2214 1619 2268 Philosophorum

54 2299 72 2326 s
85 2299 106 2326 c
115 2283 145 2325 h
157 2284 208 2326 ol
220 2299 244 2326 3
273 2300 291 2326 s
302 2301 330 2326 u
340 2286 407 2326 mi
418 2287 475 2327 tu
485 2301 517 2327 r.
548 2285 725 2328 Tertull.
756 2287 806 2328 de
835 2286 1085 2339 praescript.
1115 2301 1205 2339 cap.
1230 2286 1266 2327 8.
1291 2285 1404 2328 Hinc
1428 2287 1617 2340 Aposto-

52 2356 117 2397 lus
156 2357 206 2398 de
246 2356 485 2400 Gentilibus
522 2358 567 2400 in
605 2373 770 2412 genere,
809 2358 920 2400 circa
958 2357 1310 2399 resurrectionem
1337 2360 1616 2410 mortuorum,

53 2428 202 2470 scribit
233 2443 305 2471 eos
334 2444 423 2472 esse
452 2430 509 2481 μὴ
541 2430 716 2483 ἔχοντ-αις
743 2430 863 2472 {an-1¹3
867 2446 908 2479 cc,
944 2431 964 2471 1
995 2429 1141 2471 Thess.
1170 2430 1208 2480 4,
1239 2430 1302 2470 13.

107 2498 180 2540 IV.
225 2499 330 2541 Cum
373 2503 514 2542 autem
555 2500 961 2543 haereticorum
1002 2500 1222 2542 Patriar
1235 2500 1363 2542 chae
1404 2501 1617 2543 fuerint

54 2568 215 2612 Philo
228 2585 246 2612 s
260 2585 323 2624 op
335 2571 401 2623 hi,
427 2571 586 2613 Tertul.
613 2572 773 2613 advers.
799 2570 1002 2625 Hermog.
1027 2586 1113 2613 non
1137 2571 1292 2613 mirum
1318 2573 1393 2623 est,
1420 2571 1456 2613 si
1480 2571 1532 2612 ab
1560 2572 1618 2613 eis

57 2641 185 2683 etiam
214 2642 407 2684 Ecclesia
436 2642 534 2684 inde
566 2642 618 2684 ab
647 2642 771 2684 initio
802 2657 927 2696 passa
956 2643 1011 2684 sit
1040 2642 1419 2685 contradictionem
1446 2643 1491 2683 in
1520 2643 1618 2685 doc-

57 2712 170 2755 trina
209 2714 258 2755 de
295 2713 613 2756 resurrectione.
653 2713 843 2766 judaica,
883 2729 907 2756 a
944 2713 1210 2764 Sadducaeis,
1251 2712 1324 2765 qui
1363 2713 1388 2755 d
1399 2713 1414 2754 i
1424 2727 1446 2754 0
1457 2727 1478 2755 e
1488 2713 1516 2754 b
1528 2728 1552 2754 a
1562 2717 1619 2755 nt

55 2798 159 2826 non
201 2800 252 2827 es
265 2800 316 2827 se
355 2785 834 2837 resurrectionem,
874 2784 1028 2827 Matth.
1066 2786 1129 2837 22,
1167 2785 1232 2826 23.
1271 2783 1525 2837 Christiana,
1564 2785 1617 2826 ab

56 2853 306 2908 Hymenaeo
346 2858 388 2898 et
425 2856 608 2909 Phileto,
647 2856 897 2899 docentibus
929 2857 982 2909 ja
992 2872 1036 2898 m
1072 2856 1123 2898 fa
1135 2871 1154 2897 0
1165 2858 1184 2898 t
1195 2871 1219 2898 a
1229 2871 1272 2898 m
1301 2870 1321 2897 e
1334 2870 1352 2897 s
1364 2871 1382 2897 s
1395 2871 1416 2897 e
1445 2871 1466 2897 r
1477 2871 1498 2898 e
1510 2871 1529 2898 s
1540 2871 1567 2897 u
1578 2872 1619 2898 r-

56 2940 78 2966 r
90 2940 112 2968 e
123 2941 144 2968 c
153 2926 197 2968 ti
210 2941 234 2969 o
245 2942 274 2969 n
285 2942 306 2969 e
318 2942 382 2980 m,
421 2928 445 2968 2
483 2927 591 2970 Tim.
622 2928 658 2979 2,
689 2928 750 2969 18.
780 2942 933 2982 nempe
961 2927 1182 2981 propriam
1211 2928 1480 2981 negantibus,
1509 2928 1619 2983 figu-

56 2998 194 3039 ratam
230 2998 366 3041 solum
404 2999 742 3041 concedentibus.
781 2998 908 3054 Apud
946 2998 1189 3041 Corinthios
1218 3014 1242 3041 a
1270 3000 1431 3053 multis,
1464 3001 1537 3053 qui
1565 3002 1618 3042 ab
