<?xml version="1.0" encoding="UTF-8"?>
<!DOCTYPE html PUBLIC "-//W3C//DTD XHTML 1.0 Transitional//EN"
    "http://www.w3.org/TR/xhtml1/DTD/xhtml1-transitional.dtd">
<html xmlns="http://www.w3.org/1999/xhtml" xml:lang="en" lang="en">
 <head>
  <title>
</title>
<meta http-equiv="Content-Type" content="text/html;charset=utf-8" />
  <meta name='ocr-system' content='tesseract 3.04.00' />
  <meta name='ocr-capabilities' content='ocr_page ocr_carea ocr_par ocr_line ocrx_word'/>
</head>
<body>
  <div class='ocr_page' id='page_1' title='image "./synopsispurioris00poly_0015.png"; bbox 0 0 1931 3224; ppageno 0'>
   <div class='ocr_carea' id='block_1_1' title="bbox 678 1111 1140 1159">
    <p class='ocr_par' dir='ltr' id='par_1_1' title="bbox 678 1111 1140 1159">
     <span class='ocr_line' id='line_1_1' title="bbox 678 1111 1140 1159; baseline 0.002 -2"><span class='ocrx_word' id='word_1_1' title='bbox 678 1111 1140 1159; x_wconf 76' lang='lat' dir='ltr'><strong>PRAEFATIO</strong></span> 
     </span>
    </p>
   </div>
   <div class='ocr_carea' id='block_1_2' title="bbox 890 1246 934 1269">
    <p class='ocr_par' dir='ltr' id='par_1_2' title="bbox 890 1246 934 1269">
     <span class='ocr_line' id='line_1_2' title="bbox 890 1246 934 1269; baseline 0 0"><span class='ocrx_word' id='word_1_2' title='bbox 890 1246 934 1269; x_wconf 86' lang='grc' dir='ltr'>ΑΙ)</span> 
     </span>
    </p>
   </div>
   <div class='ocr_carea' id='block_1_3' title="bbox 406 1357 1415 1407">
    <p class='ocr_par' dir='ltr' id='par_1_3' title="bbox 406 1357 1415 1407">
     <span class='ocr_line' id='line_1_3' title="bbox 406 1357 1415 1407; baseline -0.001 -10"><span class='ocrx_word' id='word_1_3' title='bbox 406 1357 852 1407; x_wconf 74' lang='lat' dir='ltr'>ILLUSTRISSIMOS,</span> <span class='ocrx_word' id='word_1_4' title='bbox 891 1357 1415 1407; x_wconf 70' lang='lat' dir='ltr'><strong>POTENTISSIMOSQUE</strong></span> 
     </span>
    </p>
   </div>
   <div class='ocr_carea' id='block_1_4' title="bbox 223 1506 1601 1563">
    <p class='ocr_par' dir='ltr' id='par_1_4' title="bbox 223 1506 1601 1563">
     <span class='ocr_line' id='line_1_4' title="bbox 223 1506 1601 1563; baseline -0.003 -6"><span class='ocrx_word' id='word_1_5' title='bbox 223 1507 648 1557; x_wconf 87' lang='lat' dir='ltr'><strong>HOLLANDIAE</strong></span> <span class='ocrx_word' id='word_1_6' title='bbox 686 1506 1271 1563; x_wconf 78' lang='lat' dir='ltr'>WEST-FRISIAEQUE</span> <span class='ocrx_word' id='word_1_7' title='bbox 1312 1507 1601 1555; x_wconf 74' lang='lat' dir='ltr'><strong>ORDINES.</strong></span> 
     </span>
    </p>
   </div>
   <div class='ocr_carea' id='block_1_5' title="bbox 458 1690 1362 1736">
    <p class='ocr_par' dir='ltr' id='par_1_5' title="bbox 458 1690 1362 1736">
     <span class='ocr_line' id='line_1_5' title="bbox 458 1690 1362 1736; baseline -0.002 -6"><span class='ocrx_word' id='word_1_8' title='bbox 458 1691 714 1731; x_wconf 84' lang='lat' dir='ltr'>Illustrissimi</span> <span class='ocrx_word' id='word_1_9' title='bbox 741 1701 785 1730; x_wconf 86' lang='lat' dir='ltr'>ac</span> <span class='ocrx_word' id='word_1_10' title='bbox 811 1691 1067 1730; x_wconf 83' lang='lat' dir='ltr'>Potentissimi</span> <span class='ocrx_word' id='word_1_11' title='bbox 1093 1691 1165 1729; x_wconf 88' lang='lat' dir='ltr'>DD.</span> <span class='ocrx_word' id='word_1_12' title='bbox 1191 1690 1362 1736; x_wconf 82' lang='lat' dir='ltr'>Ordines,</span> 
     </span>
    </p>
   </div>
   <div class='ocr_carea' id='block_1_6' title="bbox 135 1801 1695 2934">
    <p class='ocr_par' dir='ltr' id='par_1_6' title="bbox 135 1801 1695 2934">
     <span class='ocr_line' id='line_1_6' title="bbox 188 1801 1694 1857; baseline 0 -11"><span class='ocrx_word' id='word_1_13' title='bbox 188 1803 284 1846; x_wconf 90' lang='lat' dir='ltr'>Duo</span> <span class='ocrx_word' id='word_1_14' title='bbox 323 1806 420 1846; x_wconf 90' lang='lat' dir='ltr'>sunt</span> <span class='ocrx_word' id='word_1_15' title='bbox 456 1803 731 1857; x_wconf 82' lang='lat' dir='ltr'>Reipublicae</span> <span class='ocrx_word' id='word_1_16' title='bbox 769 1801 1033 1845; x_wconf 71' lang='lat' dir='ltr'>Christianae</span> <span class='ocrx_word' id='word_1_17' title='bbox 1069 1802 1348 1855; x_wconf 86' lang='lat' dir='ltr'>firmamenta,</span> <span class='ocrx_word' id='word_1_18' title='bbox 1387 1802 1613 1846; x_wconf 86' lang='lat' dir='ltr'>Veritas</span> <span class='ocrx_word' id='word_1_19' title='bbox 1652 1807 1694 1846; x_wconf 87' lang='lat' dir='ltr'>et</span> 
     </span>
     <span class='ocr_line' id='line_1_7' title="bbox 135 1891 1694 1946; baseline -0.001 -11"><span class='ocrx_word' id='word_1_20' title='bbox 135 1892 264 1935; x_wconf 86' lang='lat' dir='ltr'>Pax:</span> <span class='ocrx_word' id='word_1_21' title='bbox 303 1907 481 1946; x_wconf 87' lang='lat' dir='ltr'>quarum</span> <span class='ocrx_word' id='word_1_22' title='bbox 518 1892 591 1934; x_wconf 86' lang='lat' dir='ltr'>illa</span> <span class='ocrx_word' id='word_1_23' title='bbox 629 1892 862 1945; x_wconf 87' lang='lat' dir='ltr'>spiritualis</span> <span class='ocrx_word' id='word_1_24' title='bbox 899 1894 1046 1935; x_wconf 87' lang='lat' dir='ltr'>nostra</span> <span class='ocrx_word' id='word_1_25' title='bbox 1085 1907 1179 1935; x_wconf 89' lang='lat' dir='ltr'>cum</span> <span class='ocrx_word' id='word_1_26' title='bbox 1209 1891 1300 1935; x_wconf 94' lang='lat' dir='ltr'>Deo</span> <span class='ocrx_word' id='word_1_27' title='bbox 1332 1892 1584 1946; x_wconf 86' lang='lat' dir='ltr'>communio,</span> <span class='ocrx_word' id='word_1_28' title='bbox 1613 1892 1694 1935; x_wconf 87' lang='lat' dir='ltr'>hac</span> 
     </span>
     <span class='ocr_line' id='line_1_8' title="bbox 135 1981 1694 2026; baseline 0.001 -2"><span class='ocrx_word' id='word_1_29' title='bbox 135 1984 282 2024; x_wconf 84' lang='lat' dir='ltr'>mutua</span> <span class='ocrx_word' id='word_1_30' title='bbox 320 1997 414 2024; x_wconf 88' lang='lat' dir='ltr'>cum</span> <span class='ocrx_word' id='word_1_31' title='bbox 449 1981 693 2023; x_wconf 88' lang='lat' dir='ltr'>hominibus</span> <span class='ocrx_word' id='word_1_32' title='bbox 722 1982 900 2024; x_wconf 88' lang='lat' dir='ltr'>societas</span> <span class='ocrx_word' id='word_1_33' title='bbox 931 1982 975 2023; x_wconf 92' lang='lat' dir='ltr'>in</span> <span class='ocrx_word' id='word_1_34' title='bbox 1003 1982 1070 2023; x_wconf 90' lang='lat' dir='ltr'>his</span> <span class='ocrx_word' id='word_1_35' title='bbox 1098 1982 1223 2024; x_wconf 88' lang='lat' dir='ltr'>terris</span> <span class='ocrx_word' id='word_1_36' title='bbox 1253 1983 1481 2025; x_wconf 89' lang='lat' dir='ltr'>stabilitur.</span> <span class='ocrx_word' id='word_1_37' title='bbox 1509 1982 1694 2026; x_wconf 85' lang='lat' dir='ltr'>Veritati</span> 
     </span>
     <span class='ocr_line' id='line_1_9' title="bbox 135 2071 1695 2127; baseline 0.001 -13"><span class='ocrx_word' id='word_1_38' title='bbox 135 2071 356 2126; x_wconf 86' lang='lat' dir='ltr'>Propheta</span> <span class='ocrx_word' id='word_1_39' title='bbox 392 2071 631 2123; x_wconf 78' lang='lat' dir='ltr'>Zacharias,</span> <span class='ocrx_word' id='word_1_40' title='bbox 669 2073 717 2112; x_wconf 89' lang='lat' dir='ltr'>ut</span> <span class='ocrx_word' id='word_1_41' title='bbox 747 2071 842 2113; x_wconf 88' lang='lat' dir='ltr'>duci</span> <span class='ocrx_word' id='word_1_42' title='bbox 871 2074 913 2113; x_wconf 88' lang='lat' dir='ltr'>et</span> <span class='ocrx_word' id='word_1_43' title='bbox 942 2073 1184 2125; x_wconf 81' lang='lat' dir='ltr'>magistrae,</span> <span class='ocrx_word' id='word_1_44' title='bbox 1214 2073 1473 2127; x_wconf 64' lang='lat' dir='ltr'>principem,</span> <span class='ocrx_word' id='word_1_45' title='bbox 1502 2073 1616 2126; x_wconf 83' lang='lat' dir='ltr'>Paci,</span> <span class='ocrx_word' id='word_1_46' title='bbox 1647 2076 1695 2115; x_wconf 90' lang='lat' dir='ltr'>ut</span> 
     </span>
     <span class='ocr_line' id='line_1_10' title="bbox 135 2152 1694 2216; baseline 0 -11"><span class='ocrx_word' id='word_1_47' title='bbox 135 2152 423 2216; x_wconf 69' lang='lat' dir='ltr'>pedissequae,</span> <span class='ocrx_word' id='word_1_48' title='bbox 462 2162 704 2216; x_wconf 84' lang='lat' dir='ltr'>proximum</span> <span class='ocrx_word' id='word_1_49' title='bbox 741 2162 880 2204; x_wconf 90' lang='lat' dir='ltr'>locum</span> <span class='ocrx_word' id='word_1_50' title='bbox 907 2161 1060 2204; x_wconf 89' lang='lat' dir='ltr'>merito</span> <span class='ocrx_word' id='word_1_51' title='bbox 1090 2162 1290 2216; x_wconf 86' lang='lat' dir='ltr'>assignat,</span> <span class='ocrx_word' id='word_1_52' title='bbox 1321 2176 1414 2204; x_wconf 88' lang='lat' dir='ltr'>cum</span> <span class='ocrx_word' id='word_1_53' title='bbox 1443 2177 1521 2204; x_wconf 91' lang='lat' dir='ltr'>nos</span> <span class='ocrx_word' id='word_1_54' title='bbox 1549 2163 1694 2205; x_wconf 87' lang='lat' dir='ltr'>admo-</span> 
     </span>
     <span class='ocr_line' id='line_1_11' title="bbox 136 2251 1695 2305; baseline 0.001 -12"><span class='ocrx_word' id='word_1_55' title='bbox 136 2253 220 2304; x_wconf 90' lang='lat' dir='ltr'>net,</span> <span class='ocrx_word' id='word_1_56' title='bbox 258 2254 306 2293; x_wconf 89' lang='lat' dir='ltr'>ut</span> <span class='ocrx_word' id='word_1_57' title='bbox 342 2251 567 2294; x_wconf 86' lang='lat' dir='ltr'>veritatem</span> <span class='ocrx_word' id='word_1_58' title='bbox 606 2254 648 2293; x_wconf 88' lang='lat' dir='ltr'>et</span> <span class='ocrx_word' id='word_1_59' title='bbox 684 2266 833 2305; x_wconf 87' lang='lat' dir='ltr'>pacem</span> <span class='ocrx_word' id='word_1_60' title='bbox 871 2251 1111 2305; x_wconf 83' lang='lat' dir='ltr'>diligamus.</span> <span class='ocrx_word' id='word_1_61' title='bbox 1149 2251 1319 2294; x_wconf 88' lang='lat' dir='ltr'>Veritas</span> <span class='ocrx_word' id='word_1_62' title='bbox 1359 2253 1516 2295; x_wconf 89' lang='lat' dir='ltr'>etenim</span> <span class='ocrx_word' id='word_1_63' title='bbox 1542 2254 1695 2295; x_wconf 87' lang='lat' dir='ltr'>natura</span> 
     </span>
     <span class='ocr_line' id='line_1_12' title="bbox 137 2339 1693 2395; baseline 0.002 -13"><span class='ocrx_word' id='word_1_64' title='bbox 137 2355 212 2383; x_wconf 89' lang='lat' dir='ltr'>sua</span> <span class='ocrx_word' id='word_1_65' title='bbox 248 2342 456 2394; x_wconf 85' lang='lat' dir='ltr'>perpetuo</span> <span class='ocrx_word' id='word_1_66' title='bbox 487 2343 550 2383; x_wconf 91' lang='lat' dir='ltr'>est</span> <span class='ocrx_word' id='word_1_67' title='bbox 573 2342 701 2394; x_wconf 84' lang='lat' dir='ltr'>justa,</span> <span class='ocrx_word' id='word_1_68' title='bbox 731 2339 823 2383; x_wconf 91' lang='lat' dir='ltr'>Deo</span> <span class='ocrx_word' id='word_1_69' title='bbox 855 2343 990 2394; x_wconf 88' lang='lat' dir='ltr'>grata,</span> <span class='ocrx_word' id='word_1_70' title='bbox 1021 2356 1198 2394; x_wconf 86' lang='lat' dir='ltr'>eamque</span> <span class='ocrx_word' id='word_1_71' title='bbox 1227 2341 1446 2395; x_wconf 89' lang='lat' dir='ltr'>profitenti</span> <span class='ocrx_word' id='word_1_72' title='bbox 1475 2342 1693 2386; x_wconf 85' lang='lat' dir='ltr'>salutaris:</span> 
     </span>
     <span class='ocr_line' id='line_1_13' title="bbox 136 2429 1693 2484; baseline 0.003 -13"><span class='ocrx_word' id='word_1_73' title='bbox 136 2430 227 2472; x_wconf 87' lang='lat' dir='ltr'>Pax</span> <span class='ocrx_word' id='word_1_74' title='bbox 277 2444 390 2482; x_wconf 87' lang='lat' dir='ltr'>vero,</span> <span class='ocrx_word' id='word_1_75' title='bbox 442 2429 477 2470; x_wconf 86' lang='lat' dir='ltr'>si</span> <span class='ocrx_word' id='word_1_76' title='bbox 521 2444 546 2471; x_wconf 87' lang='lat' dir='ltr'>a</span> <span class='ocrx_word' id='word_1_77' title='bbox 586 2429 780 2472; x_wconf 87' lang='lat' dir='ltr'>veritatis</span> <span class='ocrx_word' id='word_1_78' title='bbox 823 2430 995 2472; x_wconf 87' lang='lat' dir='ltr'>tramite</span> <span class='ocrx_word' id='word_1_79' title='bbox 1039 2430 1247 2483; x_wconf 84' lang='lat' dir='ltr'>deflectat,</span> <span class='ocrx_word' id='word_1_80' title='bbox 1289 2430 1338 2472; x_wconf 91' lang='lat' dir='ltr'>fit</span> <span class='ocrx_word' id='word_1_81' title='bbox 1383 2431 1554 2484; x_wconf 85' lang='lat' dir='ltr'>injusta,</span> <span class='ocrx_word' id='word_1_82' title='bbox 1602 2432 1693 2475; x_wconf 89' lang='lat' dir='ltr'>Deo</span> 
     </span>
     <span class='ocr_line' id='line_1_14' title="bbox 139 2519 1694 2574; baseline 0.003 -13"><span class='ocrx_word' id='word_1_83' title='bbox 139 2534 277 2572; x_wconf 79' lang='lat' dir='ltr'>exosa,</span> <span class='ocrx_word' id='word_1_84' title='bbox 307 2522 348 2562; x_wconf 82' lang='lat' dir='ltr'>et</span> <span class='ocrx_word' id='word_1_85' title='bbox 377 2519 550 2562; x_wconf 88' lang='lat' dir='ltr'>cuilibet</span> <span class='ocrx_word' id='word_1_86' title='bbox 579 2533 671 2561; x_wconf 88' lang='lat' dir='ltr'>eam</span> <span class='ocrx_word' id='word_1_87' title='bbox 700 2520 879 2562; x_wconf 87' lang='lat' dir='ltr'>sectanti</span> <span class='ocrx_word' id='word_1_88' title='bbox 909 2519 1103 2562; x_wconf 83' lang='lat' dir='ltr'>exitialis.</span> <span class='ocrx_word' id='word_1_89' title='bbox 1133 2519 1246 2562; x_wconf 86' lang='lat' dir='ltr'>Hinc</span> <span class='ocrx_word' id='word_1_90' title='bbox 1273 2520 1508 2574; x_wconf 88' lang='lat' dir='ltr'>Apostolus</span> <span class='ocrx_word' id='word_1_91' title='bbox 1537 2522 1694 2566; x_wconf 87' lang='lat' dir='ltr'>Paulus</span> 
     </span>
     <span class='ocr_line' id='line_1_15' title="bbox 138 2607 1694 2664; baseline 0.003 -14"><span class='ocrx_word' id='word_1_92' title='bbox 138 2608 350 2662; x_wconf 88' lang='lat' dir='ltr'>quoslibet</span> <span class='ocrx_word' id='word_1_93' title='bbox 379 2607 640 2651; x_wconf 81' lang='lat' dir='ltr'>Christianos</span> <span class='ocrx_word' id='word_1_94' title='bbox 669 2610 934 2664; x_wconf 80' lang='lat' dir='ltr'>adhortatur,</span> <span class='ocrx_word' id='word_1_95' title='bbox 963 2614 1011 2652; x_wconf 88' lang='lat' dir='ltr'>ut</span> <span class='ocrx_word' id='word_1_96' title='bbox 1041 2626 1136 2653; x_wconf 90' lang='lat' dir='ltr'>cum</span> <span class='ocrx_word' id='word_1_97' title='bbox 1164 2612 1359 2654; x_wconf 88' lang='lat' dir='ltr'>omnibus</span> <span class='ocrx_word' id='word_1_98' title='bbox 1384 2611 1626 2655; x_wconf 90' lang='lat' dir='ltr'>hominibus</span> <span class='ocrx_word' id='word_1_99' title='bbox 1650 2613 1694 2656; x_wconf 90' lang='lat' dir='ltr'>in</span> 
     </span>
     <span class='ocr_line' id='line_1_16' title="bbox 137 2698 1694 2756; baseline 0.004 -17"><span class='ocrx_word' id='word_1_100' title='bbox 137 2712 240 2752; x_wconf 90' lang='lat' dir='ltr'>pace</span> <span class='ocrx_word' id='word_1_101' title='bbox 277 2698 435 2751; x_wconf 82' lang='lat' dir='ltr'>vivant,</span> <span class='ocrx_word' id='word_1_102' title='bbox 474 2698 550 2740; x_wconf 91' lang='lat' dir='ltr'>sub</span> <span class='ocrx_word' id='word_1_103' title='bbox 589 2698 668 2740; x_wconf 81' lang='lat' dir='ltr'>hac</span> <span class='ocrx_word' id='word_1_104' title='bbox 705 2698 862 2753; x_wconf 89' lang='lat' dir='ltr'>duplici</span> <span class='ocrx_word' id='word_1_105' title='bbox 901 2699 1155 2752; x_wconf 89' lang='lat' dir='ltr'>conditione,</span> <span class='ocrx_word' id='word_1_106' title='bbox 1186 2703 1447 2754; x_wconf 87' lang='lat' dir='ltr'>quantum</span> <span class='ocrx_word' id='word_1_107' title='bbox 1474 2701 1526 2743; x_wconf 89' lang='lat' dir='ltr'>in</span> <span class='ocrx_word' id='word_1_108' title='bbox 1555 2703 1694 2756; x_wconf 86' lang='lat' dir='ltr'>ipsis</span> 
     </span>
     <span class='ocr_line' id='line_1_17' title="bbox 139 2788 1694 2846; baseline 0.003 -16"><span class='ocrx_word' id='word_1_109' title='bbox 139 2791 241 2837; x_wconf 80' lang='lat' dir='ltr'>est,</span> <span class='ocrx_word' id='word_1_110' title='bbox 281 2791 335 2841; x_wconf 92' lang='lat' dir='ltr'>et,</span> <span class='ocrx_word' id='word_1_111' title='bbox 373 2788 417 2830; x_wconf 90' lang='lat' dir='ltr'>si</span> <span class='ocrx_word' id='word_1_112' title='bbox 454 2789 584 2831; x_wconf 84' lang='lat' dir='ltr'>fieri</span> <span class='ocrx_word' id='word_1_113' title='bbox 621 2792 828 2842; x_wconf 81' lang='lat' dir='ltr'>potest:</span> <span class='ocrx_word' id='word_1_114' title='bbox 868 2790 983 2832; x_wconf 89' lang='lat' dir='ltr'>salva</span> <span class='ocrx_word' id='word_1_115' title='bbox 1019 2804 1172 2844; x_wconf 89' lang='lat' dir='ltr'>nempe</span> <span class='ocrx_word' id='word_1_116' title='bbox 1198 2790 1390 2834; x_wconf 86' lang='lat' dir='ltr'>veritatis</span> <span class='ocrx_word' id='word_1_117' title='bbox 1419 2791 1694 2846; x_wconf 82' lang='lat' dir='ltr'>professione.</span> 
     </span>
     <span class='ocr_line' id='line_1_18' title="bbox 140 2877 1694 2934; baseline 0.003 -15"><span class='ocrx_word' id='word_1_118' title='bbox 140 2877 262 2927; x_wconf 79' lang='lat' dir='ltr'>Quod</span> <span class='ocrx_word' id='word_1_119' title='bbox 297 2877 328 2919; x_wconf 86' lang='lat' dir='ltr'>ii</span> <span class='ocrx_word' id='word_1_120' title='bbox 356 2881 469 2920; x_wconf 84' lang='lat' dir='ltr'>recte</span> <span class='ocrx_word' id='word_1_121' title='bbox 497 2878 805 2932; x_wconf 88' lang='lat' dir='ltr'>perpendentes</span> <span class='ocrx_word' id='word_1_122' title='bbox 835 2879 988 2932; x_wconf 85' lang='lat' dir='ltr'>quibus</span> <span class='ocrx_word' id='word_1_123' title='bbox 1016 2894 1092 2921; x_wconf 85' lang='lat' dir='ltr'>vos</span> <span class='ocrx_word' id='word_1_124' title='bbox 1120 2879 1165 2920; x_wconf 91' lang='lat' dir='ltr'>in</span> <span class='ocrx_word' id='word_1_125' title='bbox 1193 2879 1274 2921; x_wconf 88' lang='lat' dir='ltr'>hac</span> <span class='ocrx_word' id='word_1_126' title='bbox 1300 2879 1457 2922; x_wconf 88' lang='lat' dir='ltr'>illustri</span> <span class='ocrx_word' id='word_1_127' title='bbox 1486 2880 1694 2934; x_wconf 85' lang='lat' dir='ltr'>dignitate</span> 
     </span>
    </p>
   </div>
   <div class='ocr_carea' id='block_1_7' title="bbox 139 2967 1695 3022">
    <p class='ocr_par' dir='ltr' id='par_1_7' title="bbox 139 2967 1695 3022">
     <span class='ocr_line' id='line_1_19' title="bbox 139 2967 1695 3022; baseline 0.003 -14"><span class='ocrx_word' id='word_1_128' title='bbox 139 2967 409 3020; x_wconf 84' lang='lat' dir='ltr'>successistis,</span> <span class='ocrx_word' id='word_1_129' title='bbox 445 2982 591 3022; x_wconf 87' lang='lat' dir='ltr'>pacem</span> <span class='ocrx_word' id='word_1_130' title='bbox 630 2968 800 3021; x_wconf 86' lang='lat' dir='ltr'>quidem</span> <span class='ocrx_word' id='word_1_131' title='bbox 838 2968 953 3010; x_wconf 89' lang='lat' dir='ltr'>omni</span> <span class='ocrx_word' id='word_1_132' title='bbox 980 2969 1145 3011; x_wconf 84' lang='lat' dir='ltr'>ratione</span> <span class='ocrx_word' id='word_1_133' title='bbox 1174 2968 1311 3011; x_wconf 90' lang='lat' dir='ltr'>colere</span> <span class='ocrx_word' id='word_1_134' title='bbox 1338 2969 1496 3022; x_wconf 87' lang='lat' dir='ltr'>ubique</span> <span class='ocrx_word' id='word_1_135' title='bbox 1524 2969 1695 3013; x_wconf 85' lang='lat' dir='ltr'>studue-</span> 
     </span>
    </p>
   </div>
  </div>
 </body>
</html>
