<?xml version="1.0" encoding="UTF-8"?>
<!DOCTYPE html PUBLIC "-//W3C//DTD XHTML 1.0 Transitional//EN"
    "http://www.w3.org/TR/xhtml1/DTD/xhtml1-transitional.dtd">
<html xmlns="http://www.w3.org/1999/xhtml" xml:lang="en" lang="en">
 <head>
  <title>
</title>
<meta http-equiv="Content-Type" content="text/html;charset=utf-8" />
  <meta name='ocr-system' content='tesseract 3.04.00' />
  <meta name='ocr-capabilities' content='ocr_page ocr_carea ocr_par ocr_line ocrx_word'/>
</head>
<body>
  <div class='ocr_page' id='page_1' title='image "./synopsispurioris00poly_0436.png"; bbox 0 0 1931 3224; ppageno 0'>
   <div class='ocr_carea' id='block_1_1' title="bbox 282 136 1297 180">
    <p class='ocr_par' dir='ltr' id='par_1_1' title="bbox 282 136 1297 180">
     <span class='ocr_line' id='line_1_1' title="bbox 282 136 1297 180; baseline 0.002 -3"><span class='ocrx_word' id='word_1_1' title='bbox 282 136 360 177; x_wconf 87' lang='grc'>416</span> <span class='ocrx_word' id='word_1_2' title='bbox 830 136 1070 180; x_wconf 81' lang='lat' dir='ltr'>DISPUTATIO</span> <span class='ocrx_word' id='word_1_3' title='bbox 1099 137 1297 179; x_wconf 90' lang='lat' dir='ltr'>XXXIX.</span> 
     </span>
    </p>
   </div>
   <div class='ocr_carea' id='block_1_2' title="bbox 278 261 1846 3027">
    <p class='ocr_par' dir='ltr' id='par_1_2' title="bbox 280 261 1844 1157">
     <span class='ocr_line' id='line_1_2' title="bbox 282 261 1843 316; baseline 0.003 -14"><span class='ocrx_word' id='word_1_4' title='bbox 282 276 398 313; x_wconf 89' lang='lat' dir='ltr'>nae,</span> <span class='ocrx_word' id='word_1_5' title='bbox 452 261 690 313; x_wconf 89' lang='lat' dir='ltr'>aliquam</span> <span class='ocrx_word' id='word_1_6' title='bbox 741 276 965 314; x_wconf 89' lang='lat' dir='ltr'>poenam</span> <span class='ocrx_word' id='word_1_7' title='bbox 1016 262 1371 316; x_wconf 71' lang='lat' dir='ltr'>temporalem</span> <span class='ocrx_word' id='word_1_8' title='bbox 1416 266 1631 305; x_wconf 88' lang='lat' dir='ltr'>exstare</span> <span class='ocrx_word' id='word_1_9' title='bbox 1674 266 1843 307; x_wconf 87' lang='lat' dir='ltr'>exsol-</span> 
     </span>
     <span class='ocr_line' id='line_1_3' title="bbox 282 331 1842 387; baseline 0.003 -14"><span class='ocrx_word' id='word_1_10' title='bbox 282 332 527 383; x_wconf 87' lang='lat' dir='ltr'>vendam,</span> <span class='ocrx_word' id='word_1_11' title='bbox 565 331 648 372; x_wconf 88' lang='lat' dir='ltr'>vel</span> <span class='ocrx_word' id='word_1_12' title='bbox 684 332 736 372; x_wconf 89' lang='lat' dir='ltr'>in</span> <span class='ocrx_word' id='word_1_13' title='bbox 760 332 858 374; x_wconf 88' lang='lat' dir='ltr'>hac</span> <span class='ocrx_word' id='word_1_14' title='bbox 886 332 1002 374; x_wconf 86' lang='lat' dir='ltr'>vita</span> <span class='ocrx_word' id='word_1_15' title='bbox 1033 333 1293 386; x_wconf 79' lang='lat' dir='ltr'>operibus</span> <span class='ocrx_word' id='word_1_16' title='bbox 1323 334 1654 387; x_wconf 89' lang='lat' dir='ltr'>poenalibus</span> <span class='ocrx_word' id='word_1_17' title='bbox 1682 336 1842 377; x_wconf 88' lang='lat' dir='ltr'>satis-</span> 
     </span>
     <span class='ocr_line' id='line_1_4' title="bbox 281 402 1841 459; baseline 0.003 -16"><span class='ocrx_word' id='word_1_18' title='bbox 281 402 563 454; x_wconf 86' lang='lat' dir='ltr'>factoriis,</span> <span class='ocrx_word' id='word_1_19' title='bbox 593 403 676 444; x_wconf 89' lang='lat' dir='ltr'>vel</span> <span class='ocrx_word' id='word_1_20' title='bbox 705 405 828 455; x_wconf 88' lang='lat' dir='ltr'>post</span> <span class='ocrx_word' id='word_1_21' title='bbox 855 403 1011 456; x_wconf 88' lang='lat' dir='ltr'>hanc,</span> <span class='ocrx_word' id='word_1_22' title='bbox 1043 404 1094 445; x_wconf 92' lang='lat' dir='ltr'>in</span> <span class='ocrx_word' id='word_1_23' title='bbox 1124 404 1311 457; x_wconf 88' lang='lat' dir='ltr'>aliquo</span> <span class='ocrx_word' id='word_1_24' title='bbox 1341 404 1468 458; x_wconf 87' lang='lat' dir='ltr'>igne</span> <span class='ocrx_word' id='word_1_25' title='bbox 1498 406 1841 459; x_wconf 83' lang='lat' dir='ltr'>purgatorio.</span> 
     </span>
     <span class='ocr_line' id='line_1_5' title="bbox 282 473 1841 530; baseline 0.003 -16"><span class='ocrx_word' id='word_1_26' title='bbox 282 473 400 515; x_wconf 89' lang='lat' dir='ltr'>Haec</span> <span class='ocrx_word' id='word_1_27' title='bbox 442 474 554 515; x_wconf 87' lang='lat' dir='ltr'>enim</span> <span class='ocrx_word' id='word_1_28' title='bbox 596 476 844 528; x_wconf 87' lang='lat' dir='ltr'>supponunt</span> <span class='ocrx_word' id='word_1_29' title='bbox 887 474 1051 527; x_wconf 88' lang='lat' dir='ltr'>aliquas</span> <span class='ocrx_word' id='word_1_30' title='bbox 1091 490 1179 517; x_wconf 89' lang='lat' dir='ltr'>esse</span> <span class='ocrx_word' id='word_1_31' title='bbox 1218 475 1530 518; x_wconf 68' lang='lat' dir='ltr'>satisfactiones</span> <span class='ocrx_word' id='word_1_32' title='bbox 1559 491 1638 529; x_wconf 91' lang='lat' dir='ltr'>pro</span> <span class='ocrx_word' id='word_1_33' title='bbox 1668 480 1841 530; x_wconf 86' lang='lat' dir='ltr'>peccato</span> 
     </span>
     <span class='ocr_line' id='line_1_6' title="bbox 282 544 1843 600; baseline 0.003 -14"><span class='ocrx_word' id='word_1_34' title='bbox 282 547 451 597; x_wconf 88' lang='lat' dir='ltr'>praeter</span> <span class='ocrx_word' id='word_1_35' title='bbox 488 544 823 587; x_wconf 81' lang='lat' dir='ltr'>satisfactionem</span> <span class='ocrx_word' id='word_1_36' title='bbox 861 544 1031 598; x_wconf 78' lang='lat' dir='ltr'>Christi,</span> <span class='ocrx_word' id='word_1_37' title='bbox 1072 546 1187 599; x_wconf 85' lang='lat' dir='ltr'>quod</span> <span class='ocrx_word' id='word_1_38' title='bbox 1220 547 1375 600; x_wconf 81' lang='lat' dir='ltr'>dogma</span> <span class='ocrx_word' id='word_1_39' title='bbox 1405 547 1632 589; x_wconf 88' lang='lat' dir='ltr'>absurdum</span> <span class='ocrx_word' id='word_1_40' title='bbox 1661 550 1702 590; x_wconf 91' lang='lat' dir='ltr'>et</span> <span class='ocrx_word' id='word_1_41' title='bbox 1729 547 1843 590; x_wconf 86' lang='lat' dir='ltr'>blas-</span> 
     </span>
     <span class='ocr_line' id='line_1_7' title="bbox 282 614 1842 672; baseline 0.004 -17"><span class='ocrx_word' id='word_1_42' title='bbox 282 614 484 668; x_wconf 88' lang='lat' dir='ltr'>phemum</span> <span class='ocrx_word' id='word_1_43' title='bbox 517 630 619 667; x_wconf 89' lang='lat' dir='ltr'>esse,</span> <span class='ocrx_word' id='word_1_44' title='bbox 649 616 752 657; x_wconf 88' lang='lat' dir='ltr'>satis</span> <span class='ocrx_word' id='word_1_45' title='bbox 782 617 1010 658; x_wconf 89' lang='lat' dir='ltr'>ostendunt</span> <span class='ocrx_word' id='word_1_46' title='bbox 1040 618 1366 671; x_wconf 79' lang='lat' dir='ltr'>consequentiae</span> <span class='ocrx_word' id='word_1_47' title='bbox 1398 633 1502 671; x_wconf 86' lang='lat' dir='ltr'>quas</span> <span class='ocrx_word' id='word_1_48' title='bbox 1530 619 1627 660; x_wconf 87' lang='lat' dir='ltr'>inde</span> <span class='ocrx_word' id='word_1_49' title='bbox 1654 621 1842 672; x_wconf 90' lang='lat' dir='ltr'>nectunt,</span> 
     </span>
     <span class='ocr_line' id='line_1_8' title="bbox 281 686 1843 743; baseline 0.003 -16"><span class='ocrx_word' id='word_1_50' title='bbox 281 701 466 740; x_wconf 85' lang='lat' dir='ltr'>nempe</span> <span class='ocrx_word' id='word_1_51' title='bbox 506 686 717 728; x_wconf 86' lang='lat' dir='ltr'>Christi</span> <span class='ocrx_word' id='word_1_52' title='bbox 754 688 1004 730; x_wconf 88' lang='lat' dir='ltr'>meritum</span> <span class='ocrx_word' id='word_1_53' title='bbox 1040 692 1148 731; x_wconf 90' lang='lat' dir='ltr'>tum</span> <span class='ocrx_word' id='word_1_54' title='bbox 1185 689 1466 743; x_wconf 84' lang='lat' dir='ltr'>perfectae</span> <span class='ocrx_word' id='word_1_55' title='bbox 1500 689 1843 732; x_wconf 88' lang='lat' dir='ltr'>satisfactio-</span> 
     </span>
     <span class='ocr_line' id='line_1_9' title="bbox 280 757 1842 815; baseline 0.003 -17"><span class='ocrx_word' id='word_1_56' title='bbox 280 757 363 798; x_wconf 89' lang='lat' dir='ltr'>nis</span> <span class='ocrx_word' id='word_1_57' title='bbox 405 772 594 800; x_wconf 88' lang='lat' dir='ltr'>nomen</span> <span class='ocrx_word' id='word_1_58' title='bbox 637 773 740 800; x_wconf 88' lang='lat' dir='ltr'>non</span> <span class='ocrx_word' id='word_1_59' title='bbox 782 760 1000 811; x_wconf 86' lang='lat' dir='ltr'>mereri,</span> <span class='ocrx_word' id='word_1_60' title='bbox 1041 775 1149 813; x_wconf 86' lang='lat' dir='ltr'>quae</span> <span class='ocrx_word' id='word_1_61' title='bbox 1186 761 1316 803; x_wconf 86' lang='lat' dir='ltr'>verba</span> <span class='ocrx_word' id='word_1_62' title='bbox 1345 763 1443 802; x_wconf 88' lang='lat' dir='ltr'>sunt</span> <span class='ocrx_word' id='word_1_63' title='bbox 1472 760 1660 815; x_wconf 89' lang='lat' dir='ltr'>Tapperi</span> <span class='ocrx_word' id='word_1_64' title='bbox 1687 760 1842 804; x_wconf 85' lang='lat' dir='ltr'>Lovan.</span> 
     </span>
     <span class='ocr_line' id='line_1_10' title="bbox 282 828 1843 886; baseline 0.003 -17"><span class='ocrx_word' id='word_1_65' title='bbox 282 828 429 870; x_wconf 89' lang='lat' dir='ltr'>Theol.</span> <span class='ocrx_word' id='word_1_66' title='bbox 459 829 503 870; x_wconf 89' lang='lat' dir='ltr'>in</span> <span class='ocrx_word' id='word_1_67' title='bbox 533 829 641 882; x_wconf 89' lang='lat' dir='ltr'>expl.</span> <span class='ocrx_word' id='word_1_68' title='bbox 668 832 746 872; x_wconf 89' lang='lat' dir='ltr'>art.</span> <span class='ocrx_word' id='word_1_69' title='bbox 776 831 813 871; x_wconf 87' lang='grc'>6.</span> <span class='ocrx_word' id='word_1_70' title='bbox 843 829 942 872; x_wconf 88' lang='lat' dir='ltr'>Lov.</span> <span class='ocrx_word' id='word_1_71' title='bbox 974 830 1094 873; x_wconf 88' lang='lat' dir='ltr'>Tom.</span> <span class='ocrx_word' id='word_1_72' title='bbox 1123 833 1157 873; x_wconf 87' lang='lat'>1.</span> <span class='ocrx_word' id='word_1_73' title='bbox 1181 835 1330 874; x_wconf 85' lang='lat' dir='ltr'>contra</span> <span class='ocrx_word' id='word_1_74' title='bbox 1354 847 1573 886; x_wconf 86' lang='lat' dir='ltr'>expressas</span> <span class='ocrx_word' id='word_1_75' title='bbox 1597 831 1843 886; x_wconf 87' lang='lat' dir='ltr'>Scripturae</span> 
     </span>
     <span class='ocr_line' id='line_1_11' title="bbox 281 899 1844 957; baseline 0.003 -15"><span class='ocrx_word' id='word_1_76' title='bbox 281 899 433 942; x_wconf 80' lang='lat' dir='ltr'>Sacrae</span> <span class='ocrx_word' id='word_1_77' title='bbox 472 901 714 954; x_wconf 89' lang='lat' dir='ltr'>sententias,</span> <span class='ocrx_word' id='word_1_78' title='bbox 755 917 862 955; x_wconf 88' lang='lat' dir='ltr'>quae</span> <span class='ocrx_word' id='word_1_79' title='bbox 900 905 1124 956; x_wconf 84' lang='lat' dir='ltr'>testantur,</span> <span class='ocrx_word' id='word_1_80' title='bbox 1165 905 1378 957; x_wconf 87' lang='lat' dir='ltr'>conjectas</span> <span class='ocrx_word' id='word_1_81' title='bbox 1407 903 1536 946; x_wconf 89' lang='lat' dir='ltr'>fuisse</span> <span class='ocrx_word' id='word_1_82' title='bbox 1565 904 1610 945; x_wconf 90' lang='lat' dir='ltr'>in</span> <span class='ocrx_word' id='word_1_83' title='bbox 1639 919 1734 946; x_wconf 88' lang='lat' dir='ltr'>eum</span> <span class='ocrx_word' id='word_1_84' title='bbox 1763 903 1844 945; x_wconf 88' lang='lat' dir='ltr'>ini-</span> 
     </span>
     <span class='ocr_line' id='line_1_12' title="bbox 282 973 1844 1028; baseline 0.003 -15"><span class='ocrx_word' id='word_1_85' title='bbox 282 973 467 1024; x_wconf 87' lang='lat' dir='ltr'>quitates</span> <span class='ocrx_word' id='word_1_86' title='bbox 511 973 700 1015; x_wconf 89' lang='lat' dir='ltr'>omnium</span> <span class='ocrx_word' id='word_1_87' title='bbox 741 976 998 1027; x_wconf 88' lang='lat' dir='ltr'>nostrorum,</span> <span class='ocrx_word' id='word_1_88' title='bbox 1043 990 1222 1028; x_wconf 89' lang='lat' dir='ltr'>eumque</span> <span class='ocrx_word' id='word_1_89' title='bbox 1264 990 1342 1018; x_wconf 89' lang='lat' dir='ltr'>nos</span> <span class='ocrx_word' id='word_1_90' title='bbox 1381 975 1434 1016; x_wconf 90' lang='lat' dir='ltr'>ab</span> <span class='ocrx_word' id='word_1_91' title='bbox 1474 975 1589 1017; x_wconf 89' lang='lat' dir='ltr'>omni</span> <span class='ocrx_word' id='word_1_92' title='bbox 1617 975 1844 1028; x_wconf 88' lang='lat' dir='ltr'>iniquitate</span> 
     </span>
     <span class='ocr_line' id='line_1_13' title="bbox 281 1044 1844 1099; baseline 0.001 -14"><span class='ocrx_word' id='word_1_93' title='bbox 281 1044 517 1098; x_wconf 78' lang='lat' dir='ltr'>redemisse,</span> <span class='ocrx_word' id='word_1_94' title='bbox 557 1048 634 1087; x_wconf 91' lang='lat' dir='ltr'>etc.</span> <span class='ocrx_word' id='word_1_95' title='bbox 673 1044 770 1088; x_wconf 88' lang='lat' dir='ltr'>Esa.</span> <span class='ocrx_word' id='word_1_96' title='bbox 805 1046 868 1098; x_wconf 83' lang='lat'>53,</span> <span class='ocrx_word' id='word_1_97' title='bbox 906 1047 943 1088; x_wconf 81' lang='lat'>6.</span> <span class='ocrx_word' id='word_1_98' title='bbox 982 1046 1065 1088; x_wconf 87' lang='lat' dir='ltr'>Tit.</span> <span class='ocrx_word' id='word_1_99' title='bbox 1104 1048 1140 1099; x_wconf 82' lang='lat'>2,</span> <span class='ocrx_word' id='word_1_100' title='bbox 1184 1046 1247 1089; x_wconf 85' lang='grc'>14.</span> <span class='ocrx_word' id='word_1_101' title='bbox 1277 1047 1299 1088; x_wconf 93' lang='grc'><strong>1</strong></span> <span class='ocrx_word' id='word_1_102' title='bbox 1329 1046 1427 1089; x_wconf 83' lang='lat' dir='ltr'>Joh.</span> <span class='ocrx_word' id='word_1_103' title='bbox 1461 1047 1496 1099; x_wconf 89' lang='lat'>1,</span> <span class='ocrx_word' id='word_1_104' title='bbox 1527 1047 1562 1089; x_wconf 86' lang='lat'>7.</span> <span class='ocrx_word' id='word_1_105' title='bbox 1594 1049 1636 1089; x_wconf 90' lang='lat' dir='ltr'>et</span> <span class='ocrx_word' id='word_1_106' title='bbox 1666 1045 1844 1088; x_wconf 89' lang='lat' dir='ltr'>infinitis</span> 
     </span>
     <span class='ocr_line' id='line_1_14' title="bbox 281 1115 591 1157; baseline 0.003 -1"><span class='ocrx_word' id='word_1_107' title='bbox 281 1115 375 1156; x_wconf 88' lang='lat' dir='ltr'>aliis</span> <span class='ocrx_word' id='word_1_108' title='bbox 403 1115 448 1156; x_wconf 89' lang='lat' dir='ltr'>in</span> <span class='ocrx_word' id='word_1_109' title='bbox 475 1115 591 1157; x_wconf 92' lang='lat' dir='ltr'>locis.</span> 
     </span>
    </p>

    <p class='ocr_par' dir='ltr' id='par_1_3' title="bbox 279 1186 1846 2314">
     <span class='ocr_line' id='line_1_15' title="bbox 334 1186 1844 1242; baseline 0.002 -14"><span class='ocrx_word' id='word_1_110' title='bbox 334 1186 472 1229; x_wconf 84' lang='lat' dir='ltr'>XXII.</span> <span class='ocrx_word' id='word_1_111' title='bbox 517 1187 679 1237; x_wconf 79' lang='lat' dir='ltr'>Quibus</span> <span class='ocrx_word' id='word_1_112' title='bbox 721 1189 978 1231; x_wconf 74' lang='lat' dir='ltr'>testimoniis</span> <span class='ocrx_word' id='word_1_113' title='bbox 1019 1189 1216 1242; x_wconf 84' lang='lat' dir='ltr'>convicti,</span> <span class='ocrx_word' id='word_1_114' title='bbox 1262 1190 1340 1231; x_wconf 88' lang='lat' dir='ltr'>etsi</span> <span class='ocrx_word' id='word_1_115' title='bbox 1382 1189 1574 1231; x_wconf 89' lang='lat' dir='ltr'>nonnulli</span> <span class='ocrx_word' id='word_1_116' title='bbox 1616 1189 1844 1241; x_wconf 79' lang='lat' dir='ltr'>fateantur,</span> 
     </span>
     <span class='ocr_line' id='line_1_16' title="bbox 283 1257 1845 1315; baseline 0.002 -16"><span class='ocrx_word' id='word_1_117' title='bbox 283 1257 558 1300; x_wconf 84' lang='lat' dir='ltr'>Christum</span> <span class='ocrx_word' id='word_1_118' title='bbox 596 1260 916 1315; x_wconf 88' lang='lat' dir='ltr'>plenissime</span> <span class='ocrx_word' id='word_1_119' title='bbox 955 1261 1304 1303; x_wconf 85' lang='lat' dir='ltr'>satisfecisse</span> <span class='ocrx_word' id='word_1_120' title='bbox 1341 1276 1438 1314; x_wconf 90' lang='lat' dir='ltr'>pro</span> <span class='ocrx_word' id='word_1_121' title='bbox 1467 1263 1624 1303; x_wconf 86' lang='lat' dir='ltr'>reatu</span> <span class='ocrx_word' id='word_1_122' title='bbox 1654 1261 1845 1314; x_wconf 90' lang='lat' dir='ltr'>culpae</span> 
     </span>
     <span class='ocr_line' id='line_1_17' title="bbox 283 1333 1846 1387; baseline 0.001 -17"><span class='ocrx_word' id='word_1_123' title='bbox 283 1343 340 1371; x_wconf 88' lang='lat' dir='ltr'>ac</span> <span class='ocrx_word' id='word_1_124' title='bbox 381 1344 588 1383; x_wconf 88' lang='lat' dir='ltr'>poenae</span> <span class='ocrx_word' id='word_1_125' title='bbox 628 1333 952 1387; x_wconf 85' lang='lat' dir='ltr'>temporalis</span> <span class='ocrx_word' id='word_1_126' title='bbox 996 1335 1046 1375; x_wconf 90' lang='lat' dir='ltr'>et</span> <span class='ocrx_word' id='word_1_127' title='bbox 1090 1335 1344 1375; x_wconf 87' lang='lat' dir='ltr'>aeternae</span> <span class='ocrx_word' id='word_1_128' title='bbox 1388 1333 1621 1375; x_wconf 90' lang='lat' dir='ltr'>omnium</span> <span class='ocrx_word' id='word_1_129' title='bbox 1662 1346 1846 1387; x_wconf 87' lang='lat' dir='ltr'>pecca-</span> 
     </span>
     <span class='ocr_line' id='line_1_18' title="bbox 281 1401 1845 1458; baseline 0.001 -16"><span class='ocrx_word' id='word_1_130' title='bbox 281 1403 479 1454; x_wconf 87' lang='lat' dir='ltr'>torum,</span> <span class='ocrx_word' id='word_1_131' title='bbox 517 1401 763 1445; x_wconf 86' lang='lat' dir='ltr'>Bellarmin.</span> <span class='ocrx_word' id='word_1_132' title='bbox 801 1403 890 1445; x_wconf 87' lang='lat' dir='ltr'>Lib.</span> <span class='ocrx_word' id='word_1_133' title='bbox 929 1406 966 1445; x_wconf 80' lang='lat'>2.</span> <span class='ocrx_word' id='word_1_134' title='bbox 1004 1405 1054 1446; x_wconf 91' lang='lat' dir='ltr'>de</span> <span class='ocrx_word' id='word_1_135' title='bbox 1086 1404 1255 1458; x_wconf 85' lang='lat' dir='ltr'>Indulg.</span> <span class='ocrx_word' id='word_1_136' title='bbox 1286 1419 1376 1457; x_wconf 85' lang='lat' dir='ltr'>cap.</span> <span class='ocrx_word' id='word_1_137' title='bbox 1407 1405 1470 1447; x_wconf 85' lang='lat'>10.</span> <span class='ocrx_word' id='word_1_138' title='bbox 1500 1405 1660 1446; x_wconf 89' lang='lat' dir='ltr'>addunt</span> <span class='ocrx_word' id='word_1_139' title='bbox 1687 1407 1845 1454; x_wconf 89' lang='lat' dir='ltr'>tamen,</span> 
     </span>
     <span class='ocr_line' id='line_1_19' title="bbox 282 1473 1844 1530; baseline 0.001 -16"><span class='ocrx_word' id='word_1_140' title='bbox 282 1473 436 1525; x_wconf 87' lang='lat' dir='ltr'>quibus</span> <span class='ocrx_word' id='word_1_141' title='bbox 489 1475 602 1527; x_wconf 88' lang='lat' dir='ltr'>quod</span> <span class='ocrx_word' id='word_1_142' title='bbox 647 1475 788 1517; x_wconf 89' lang='lat' dir='ltr'>verbis</span> <span class='ocrx_word' id='word_1_143' title='bbox 831 1476 1079 1528; x_wconf 89' lang='lat' dir='ltr'>concedunt,</span> <span class='ocrx_word' id='word_1_144' title='bbox 1122 1476 1264 1530; x_wconf 90' lang='lat' dir='ltr'>reipsa</span> <span class='ocrx_word' id='word_1_145' title='bbox 1305 1477 1521 1526; x_wconf 88' lang='lat' dir='ltr'>auferunt;</span> <span class='ocrx_word' id='word_1_146' title='bbox 1566 1475 1666 1529; x_wconf 89' lang='lat' dir='ltr'>quia</span> <span class='ocrx_word' id='word_1_147' title='bbox 1705 1475 1844 1517; x_wconf 86' lang='lat' dir='ltr'>nullas</span> 
     </span>
     <span class='ocr_line' id='line_1_20' title="bbox 281 1544 1845 1601; baseline 0.003 -16"><span class='ocrx_word' id='word_1_148' title='bbox 281 1544 592 1587; x_wconf 86' lang='lat' dir='ltr'>satisfactiones</span> <span class='ocrx_word' id='word_1_149' title='bbox 632 1545 792 1588; x_wconf 87' lang='lat' dir='ltr'>Christi</span> <span class='ocrx_word' id='word_1_150' title='bbox 827 1546 879 1588; x_wconf 91' lang='lat' dir='ltr'>iis</span> <span class='ocrx_word' id='word_1_151' title='bbox 917 1547 989 1600; x_wconf 90' lang='lat' dir='ltr'>qui</span> <span class='ocrx_word' id='word_1_152' title='bbox 1026 1549 1125 1600; x_wconf 88' lang='lat' dir='ltr'>post</span> <span class='ocrx_word' id='word_1_153' title='bbox 1153 1547 1426 1601; x_wconf 89' lang='lat' dir='ltr'>Baptismum</span> <span class='ocrx_word' id='word_1_154' title='bbox 1454 1547 1645 1589; x_wconf 90' lang='lat' dir='ltr'>incidunt</span> <span class='ocrx_word' id='word_1_155' title='bbox 1672 1546 1717 1588; x_wconf 90' lang='lat' dir='ltr'>in</span> <span class='ocrx_word' id='word_1_156' title='bbox 1746 1561 1845 1600; x_wconf 91' lang='lat' dir='ltr'>pec-</span> 
     </span>
     <span class='ocr_line' id='line_1_21' title="bbox 281 1616 1845 1672; baseline 0.002 -15"><span class='ocrx_word' id='word_1_157' title='bbox 281 1618 388 1668; x_wconf 90' lang='lat' dir='ltr'>cata,</span> <span class='ocrx_word' id='word_1_158' title='bbox 439 1616 589 1658; x_wconf 86' lang='lat' dir='ltr'>volunt</span> <span class='ocrx_word' id='word_1_159' title='bbox 635 1617 846 1671; x_wconf 82' lang='lat' dir='ltr'>prodesse,</span> <span class='ocrx_word' id='word_1_160' title='bbox 887 1618 970 1660; x_wconf 87' lang='lat' dir='ltr'>nisi</span> <span class='ocrx_word' id='word_1_161' title='bbox 1011 1617 1094 1672; x_wconf 88' lang='lat' dir='ltr'>ipsi</span> <span class='ocrx_word' id='word_1_162' title='bbox 1136 1618 1221 1660; x_wconf 90' lang='lat' dir='ltr'>suis</span> <span class='ocrx_word' id='word_1_163' title='bbox 1264 1618 1627 1661; x_wconf 87' lang='lat' dir='ltr'>satisfactionibus</span> <span class='ocrx_word' id='word_1_164' title='bbox 1669 1620 1845 1672; x_wconf 88' lang='lat' dir='ltr'>peccata</span> 
     </span>
     <span class='ocr_line' id='line_1_22' title="bbox 280 1687 1843 1743; baseline 0.003 -16"><span class='ocrx_word' id='word_1_165' title='bbox 280 1701 354 1728; x_wconf 89' lang='lat' dir='ltr'>sua</span> <span class='ocrx_word' id='word_1_166' title='bbox 406 1687 592 1740; x_wconf 73' lang='lat' dir='ltr'>diluant,</span> <span class='ocrx_word' id='word_1_167' title='bbox 619 1728 622 1730; x_wconf 79' lang='grc'><strong>.</strong></span> <span class='ocrx_word' id='word_1_168' title='bbox 645 1704 694 1731; x_wconf 91' lang='lat' dir='ltr'>ac</span> <span class='ocrx_word' id='word_1_169' title='bbox 746 1689 780 1730; x_wconf 91' lang='lat' dir='ltr'>si</span> <span class='ocrx_word' id='word_1_170' title='bbox 831 1689 1067 1731; x_wconf 88' lang='lat' dir='ltr'>satisfactio</span> <span class='ocrx_word' id='word_1_171' title='bbox 1121 1689 1279 1731; x_wconf 89' lang='lat' dir='ltr'>Christi</span> <span class='ocrx_word' id='word_1_172' title='bbox 1329 1690 1424 1732; x_wconf 90' lang='lat' dir='ltr'>ideo</span> <span class='ocrx_word' id='word_1_173' title='bbox 1469 1690 1676 1743; x_wconf 87' lang='lat' dir='ltr'>praestita</span> <span class='ocrx_word' id='word_1_174' title='bbox 1721 1691 1843 1741; x_wconf 88' lang='lat' dir='ltr'>esset,</span> 
     </span>
     <span class='ocr_line' id='line_1_23' title="bbox 281 1759 1844 1814; baseline 0.002 -16"><span class='ocrx_word' id='word_1_175' title='bbox 281 1759 328 1799; x_wconf 90' lang='lat' dir='ltr'>ut</span> <span class='ocrx_word' id='word_1_176' title='bbox 370 1772 447 1800; x_wconf 88' lang='lat' dir='ltr'>nos</span> <span class='ocrx_word' id='word_1_177' title='bbox 489 1759 572 1812; x_wconf 87' lang='lat' dir='ltr'>ipsi</span> <span class='ocrx_word' id='word_1_178' title='bbox 614 1775 692 1814; x_wconf 84' lang='lat' dir='ltr'>pro</span> <span class='ocrx_word' id='word_1_179' title='bbox 736 1760 922 1814; x_wconf 88' lang='lat' dir='ltr'>peccatis</span> <span class='ocrx_word' id='word_1_180' title='bbox 958 1761 1116 1803; x_wconf 89' lang='lat' dir='ltr'>nostris</span> <span class='ocrx_word' id='word_1_181' title='bbox 1154 1760 1511 1812; x_wconf 81' lang='lat' dir='ltr'>satisfaceremus3</span> <span class='ocrx_word' id='word_1_182' title='bbox 1555 1776 1639 1814; x_wconf 90' lang='lat' dir='ltr'>qua</span> <span class='ocrx_word' id='word_1_183' title='bbox 1679 1759 1844 1802; x_wconf 89' lang='lat' dir='ltr'>ratione</span> 
     </span>
     <span class='ocr_line' id='line_1_24' title="bbox 281 1830 1843 1885; baseline 0.002 -14"><span class='ocrx_word' id='word_1_184' title='bbox 281 1830 462 1872; x_wconf 88' lang='lat' dir='ltr'>absurde</span> <span class='ocrx_word' id='word_1_185' title='bbox 500 1831 661 1884; x_wconf 79' lang='lat' dir='ltr'>volunt,</span> <span class='ocrx_word' id='word_1_186' title='bbox 699 1847 775 1885; x_wconf 91' lang='lat' dir='ltr'>per</span> <span class='ocrx_word' id='word_1_187' title='bbox 813 1832 1124 1874; x_wconf 89' lang='lat' dir='ltr'>satisfactiones</span> <span class='ocrx_word' id='word_1_188' title='bbox 1158 1835 1326 1875; x_wconf 88' lang='lat' dir='ltr'>nostras</span> <span class='ocrx_word' id='word_1_189' title='bbox 1355 1833 1478 1875; x_wconf 89' lang='lat' dir='ltr'>nobis</span> <span class='ocrx_word' id='word_1_190' title='bbox 1507 1832 1843 1874; x_wconf 89' lang='lat' dir='ltr'>satisfactionem</span> 
     </span>
     <span class='ocr_line' id='line_1_25' title="bbox 282 1899 1842 1959; baseline 0.003 -18"><span class='ocrx_word' id='word_1_191' title='bbox 282 1899 440 1942; x_wconf 88' lang='lat' dir='ltr'>Christi</span> <span class='ocrx_word' id='word_1_192' title='bbox 478 1902 707 1956; x_wconf 88' lang='lat' dir='ltr'>applicari;</span> <span class='ocrx_word' id='word_1_193' title='bbox 746 1918 872 1956; x_wconf 90' lang='lat' dir='ltr'>quem</span> <span class='ocrx_word' id='word_1_194' title='bbox 909 1903 1150 1959; x_wconf 89' lang='lat' dir='ltr'>applicandi</span> <span class='ocrx_word' id='word_1_195' title='bbox 1179 1904 1363 1957; x_wconf 88' lang='lat' dir='ltr'>modum,</span> <span class='ocrx_word' id='word_1_196' title='bbox 1395 1907 1516 1946; x_wconf 85' lang='lat' dir='ltr'>extra</span> <span class='ocrx_word' id='word_1_197' title='bbox 1542 1904 1668 1945; x_wconf 90' lang='lat' dir='ltr'>fidem</span> <span class='ocrx_word' id='word_1_198' title='bbox 1697 1906 1738 1946; x_wconf 90' lang='lat' dir='ltr'>et</span> <span class='ocrx_word' id='word_1_199' title='bbox 1766 1902 1842 1946; x_wconf 86' lang='lat' dir='ltr'>Sa-</span> 
     </span>
     <span class='ocr_line' id='line_1_26' title="bbox 281 1974 1843 2029; baseline 0.003 -16"><span class='ocrx_word' id='word_1_200' title='bbox 281 1976 507 2026; x_wconf 88' lang='lat' dir='ltr'>cramenta,</span> <span class='ocrx_word' id='word_1_201' title='bbox 550 1974 722 2028; x_wconf 84' lang='lat' dir='ltr'>ignorat</span> <span class='ocrx_word' id='word_1_202' title='bbox 765 1974 998 2029; x_wconf 83' lang='lat' dir='ltr'>Scriptura,</span> <span class='ocrx_word' id='word_1_203' title='bbox 1044 1977 1085 2017; x_wconf 91' lang='lat' dir='ltr'>et</span> <span class='ocrx_word' id='word_1_204' title='bbox 1127 1975 1179 2016; x_wconf 90' lang='lat' dir='ltr'>ab</span> <span class='ocrx_word' id='word_1_205' title='bbox 1222 1990 1270 2017; x_wconf 89' lang='lat' dir='ltr'>eo</span> <span class='ocrx_word' id='word_1_206' title='bbox 1314 1975 1518 2017; x_wconf 88' lang='lat' dir='ltr'>abhorret</span> <span class='ocrx_word' id='word_1_207' title='bbox 1559 1978 1676 2017; x_wconf 89' lang='lat' dir='ltr'>recta</span> <span class='ocrx_word' id='word_1_208' title='bbox 1717 1975 1843 2017; x_wconf 89' lang='lat' dir='ltr'>ratio.</span> 
     </span>
     <span class='ocr_line' id='line_1_27' title="bbox 282 2043 1844 2099; baseline 0.001 -13"><span class='ocrx_word' id='word_1_209' title='bbox 282 2043 384 2093; x_wconf 81' lang='lat' dir='ltr'>Quis</span> <span class='ocrx_word' id='word_1_210' title='bbox 423 2045 534 2087; x_wconf 90' lang='lat' dir='ltr'>enim</span> <span class='ocrx_word' id='word_1_211' title='bbox 571 2061 760 2098; x_wconf 83' lang='lat' dir='ltr'>unquam</span> <span class='ocrx_word' id='word_1_212' title='bbox 798 2046 972 2098; x_wconf 85' lang='lat' dir='ltr'>audivit,</span> <span class='ocrx_word' id='word_1_213' title='bbox 1001 2061 1186 2099; x_wconf 88' lang='lat' dir='ltr'>poenam</span> <span class='ocrx_word' id='word_1_214' title='bbox 1213 2060 1363 2099; x_wconf 88' lang='lat' dir='ltr'>poena,</span> <span class='ocrx_word' id='word_1_215' title='bbox 1395 2049 1437 2088; x_wconf 93' lang='lat' dir='ltr'>et</span> <span class='ocrx_word' id='word_1_216' title='bbox 1466 2046 1624 2088; x_wconf 88' lang='lat' dir='ltr'>Christi</span> <span class='ocrx_word' id='word_1_217' title='bbox 1651 2046 1844 2088; x_wconf 89' lang='lat' dir='ltr'>satisfac-</span> 
     </span>
     <span class='ocr_line' id='line_1_28' title="bbox 279 2115 1843 2171; baseline 0.003 -15"><span class='ocrx_word' id='word_1_218' title='bbox 279 2115 441 2158; x_wconf 89' lang='lat' dir='ltr'>tionem</span> <span class='ocrx_word' id='word_1_219' title='bbox 477 2117 717 2159; x_wconf 88' lang='lat' dir='ltr'>ustionibus</span> <span class='ocrx_word' id='word_1_220' title='bbox 756 2120 797 2159; x_wconf 90' lang='lat' dir='ltr'>et</span> <span class='ocrx_word' id='word_1_221' title='bbox 835 2117 1060 2159; x_wconf 85' lang='lat' dir='ltr'>tormentis</span> <span class='ocrx_word' id='word_1_222' title='bbox 1094 2117 1331 2171; x_wconf 81' lang='lat' dir='ltr'>applicari?</span> <span class='ocrx_word' id='word_1_223' title='bbox 1361 2118 1575 2171; x_wconf 86' lang='lat' dir='ltr'>quomodo</span> <span class='ocrx_word' id='word_1_224' title='bbox 1603 2118 1843 2160; x_wconf 87' lang='lat' dir='ltr'>misericor-</span> 
     </span>
     <span class='ocr_line' id='line_1_29' title="bbox 280 2186 1842 2244; baseline 0.002 -17"><span class='ocrx_word' id='word_1_225' title='bbox 280 2186 349 2228; x_wconf 89' lang='lat' dir='ltr'>dia</span> <span class='ocrx_word' id='word_1_226' title='bbox 391 2202 468 2240; x_wconf 90' lang='lat' dir='ltr'>per</span> <span class='ocrx_word' id='word_1_227' title='bbox 511 2188 802 2230; x_wconf 83' lang='lat' dir='ltr'>executionem</span> <span class='ocrx_word' id='word_1_228' title='bbox 839 2188 1033 2241; x_wconf 84' lang='lat' dir='ltr'>justitiae</span> <span class='ocrx_word' id='word_1_229' title='bbox 1069 2188 1112 2229; x_wconf 90' lang='lat' dir='ltr'>in</span> <span class='ocrx_word' id='word_1_230' title='bbox 1150 2189 1273 2231; x_wconf 90' lang='lat' dir='ltr'>nobis</span> <span class='ocrx_word' id='word_1_231' title='bbox 1310 2189 1612 2244; x_wconf 88' lang='lat' dir='ltr'>applicaretur,</span> <span class='ocrx_word' id='word_1_232' title='bbox 1649 2189 1842 2231; x_wconf 88' lang='lat' dir='ltr'>remissio</span> 
     </span>
     <span class='ocr_line' id='line_1_30' title="bbox 280 2256 1596 2314; baseline 0.004 -16"><span class='ocrx_word' id='word_1_233' title='bbox 280 2256 521 2301; x_wconf 89' lang='lat' dir='ltr'>debitorum</span> <span class='ocrx_word' id='word_1_234' title='bbox 550 2274 626 2313; x_wconf 89' lang='lat' dir='ltr'>per</span> <span class='ocrx_word' id='word_1_235' title='bbox 656 2259 919 2302; x_wconf 83' lang='lat' dir='ltr'>exactionem</span> <span class='ocrx_word' id='word_1_236' title='bbox 948 2259 1092 2312; x_wconf 89' lang='lat' dir='ltr'>debiti,</span> <span class='ocrx_word' id='word_1_237' title='bbox 1123 2263 1165 2301; x_wconf 93' lang='lat' dir='ltr'>et</span> <span class='ocrx_word' id='word_1_238' title='bbox 1192 2261 1315 2303; x_wconf 87' lang='lat' dir='ltr'>venia</span> <span class='ocrx_word' id='word_1_239' title='bbox 1342 2261 1596 2314; x_wconf 80' lang='lat' dir='ltr'>punitione?</span> 
     </span>
    </p>

    <p class='ocr_par' dir='ltr' id='par_1_4' title="bbox 278 2329 1843 3027">
     <span class='ocr_line' id='line_1_31' title="bbox 333 2329 1843 2385; baseline 0.001 -13"><span class='ocrx_word' id='word_1_240' title='bbox 333 2329 492 2372; x_wconf 81' lang='lat' dir='ltr'>XXIII.</span> <span class='ocrx_word' id='word_1_241' title='bbox 527 2330 786 2385; x_wconf 87' lang='lat' dir='ltr'>Perpetuam</span> <span class='ocrx_word' id='word_1_242' title='bbox 816 2331 1028 2373; x_wconf 87' lang='lat' dir='ltr'>fallaciam</span> <span class='ocrx_word' id='word_1_243' title='bbox 1058 2331 1111 2373; x_wconf 89' lang='lat' dir='ltr'>ab</span> <span class='ocrx_word' id='word_1_244' title='bbox 1140 2331 1412 2385; x_wconf 81' lang='lat' dir='ltr'>ignoratione</span> <span class='ocrx_word' id='word_1_245' title='bbox 1440 2332 1619 2374; x_wconf 87' lang='lat' dir='ltr'>Elenchi</span> <span class='ocrx_word' id='word_1_246' title='bbox 1649 2332 1843 2374; x_wconf 87' lang='lat' dir='ltr'>commit—</span> 
     </span>
     <span class='ocr_line' id='line_1_32' title="bbox 278 2402 1843 2458; baseline 0.001 -16"><span class='ocrx_word' id='word_1_247' title='bbox 278 2404 387 2454; x_wconf 89' lang='lat' dir='ltr'>tunt,</span> <span class='ocrx_word' id='word_1_248' title='bbox 418 2417 513 2444; x_wconf 87' lang='lat' dir='ltr'>cum</span> <span class='ocrx_word' id='word_1_249' title='bbox 541 2403 688 2444; x_wconf 91' lang='lat' dir='ltr'>multis</span> <span class='ocrx_word' id='word_1_250' title='bbox 717 2403 979 2456; x_wconf 85' lang='lat' dir='ltr'>argumentis</span> <span class='ocrx_word' id='word_1_251' title='bbox 1010 2418 1061 2444; x_wconf 86' lang='lat' dir='ltr'>ex</span> <span class='ocrx_word' id='word_1_252' title='bbox 1091 2402 1310 2457; x_wconf 78' lang='lat' dir='ltr'>Scriptura</span> <span class='ocrx_word' id='word_1_253' title='bbox 1340 2406 1381 2446; x_wconf 91' lang='lat' dir='ltr'>et</span> <span class='ocrx_word' id='word_1_254' title='bbox 1411 2403 1673 2458; x_wconf 83' lang='lat' dir='ltr'>experientia</span> <span class='ocrx_word' id='word_1_255' title='bbox 1695 2403 1843 2457; x_wconf 89' lang='lat' dir='ltr'>petitis</span> 
     </span>
     <span class='ocr_line' id='line_1_33' title="bbox 281 2466 1843 2529; baseline 0.001 -15"><span class='ocrx_word' id='word_1_256' title='bbox 281 2473 465 2526; x_wconf 89' lang='lat' dir='ltr'>probare</span> <span class='ocrx_word' id='word_1_257' title='bbox 503 2477 720 2527; x_wconf 84' lang='lat' dir='ltr'>conantur,</span> <span class='ocrx_word' id='word_1_258' title='bbox 759 2477 859 2528; x_wconf 88' lang='lat' dir='ltr'>post</span> <span class='ocrx_word' id='word_1_259' title='bbox 896 2473 1061 2529; x_wconf 87' lang='lat' dir='ltr'>culpam</span> <span class='ocrx_word' id='word_1_260' title='bbox 1099 2466 1332 2516; x_wconf 64' lang='lat' dir='ltr'>remissam‘</span> <span class='ocrx_word' id='word_1_261' title='bbox 1357 2475 1453 2528; x_wconf 88' lang='lat' dir='ltr'>pios</span> <span class='ocrx_word' id='word_1_262' title='bbox 1489 2474 1616 2516; x_wconf 87' lang='lat' dir='ltr'>variis</span> <span class='ocrx_word' id='word_1_263' title='bbox 1653 2474 1789 2516; x_wconf 88' lang='lat' dir='ltr'>modis</span> <span class='ocrx_word' id='word_1_264' title='bbox 1819 2489 1843 2515; x_wconf 90' lang='lat' dir='ltr'>a</span> 
     </span>
     <span class='ocr_line' id='line_1_34' title="bbox 280 2544 1843 2600; baseline 0.001 -14"><span class='ocrx_word' id='word_1_265' title='bbox 280 2544 372 2587; x_wconf 88' lang='lat' dir='ltr'>Deo</span> <span class='ocrx_word' id='word_1_266' title='bbox 414 2545 562 2600; x_wconf 81' lang='lat' dir='ltr'>affligi,</span> <span class='ocrx_word' id='word_1_267' title='bbox 605 2546 734 2588; x_wconf 86' lang='lat' dir='ltr'>etiam</span> <span class='ocrx_word' id='word_1_268' title='bbox 774 2548 953 2600; x_wconf 87' lang='lat' dir='ltr'>propter</span> <span class='ocrx_word' id='word_1_269' title='bbox 995 2549 1169 2600; x_wconf 87' lang='lat' dir='ltr'>peccata</span> <span class='ocrx_word' id='word_1_270' title='bbox 1210 2546 1393 2588; x_wconf 86' lang='lat' dir='ltr'>admissa</span> <span class='ocrx_word' id='word_1_271' title='bbox 1435 2550 1476 2589; x_wconf 90' lang='lat' dir='ltr'>et</span> <span class='ocrx_word' id='word_1_272' title='bbox 1517 2546 1704 2589; x_wconf 86' lang='lat' dir='ltr'>remissa.</span> <span class='ocrx_word' id='word_1_273' title='bbox 1742 2545 1843 2588; x_wconf 91' lang='lat' dir='ltr'>Non</span> 
     </span>
     <span class='ocr_line' id='line_1_35' title="bbox 282 2616 1843 2671; baseline 0.001 -14"><span class='ocrx_word' id='word_1_274' title='bbox 282 2616 393 2658; x_wconf 91' lang='lat' dir='ltr'>enim</span> <span class='ocrx_word' id='word_1_275' title='bbox 426 2617 469 2658; x_wconf 89' lang='lat' dir='ltr'>id</span> <span class='ocrx_word' id='word_1_276' title='bbox 498 2618 679 2659; x_wconf 88' lang='lat' dir='ltr'>vertitur</span> <span class='ocrx_word' id='word_1_277' title='bbox 707 2617 750 2658; x_wconf 89' lang='lat' dir='ltr'>in</span> <span class='ocrx_word' id='word_1_278' title='bbox 781 2617 975 2668; x_wconf 80' lang='lat' dir='ltr'>dubiu1n3</span> <span class='ocrx_word' id='word_1_279' title='bbox 1006 2617 1077 2659; x_wconf 91' lang='lat' dir='ltr'>sed</span> <span class='ocrx_word' id='word_1_280' title='bbox 1103 2617 1147 2659; x_wconf 87' lang='lat' dir='ltr'>in</span> <span class='ocrx_word' id='word_1_281' title='bbox 1178 2633 1226 2660; x_wconf 92' lang='lat' dir='ltr'>eo</span> <span class='ocrx_word' id='word_1_282' title='bbox 1256 2620 1319 2661; x_wconf 90' lang='lat' dir='ltr'>est</span> <span class='ocrx_word' id='word_1_283' title='bbox 1347 2618 1391 2661; x_wconf 81' lang='grc' dir='ltr'>τὸ</span> <span class='ocrx_word' id='word_1_284' title='bbox 1407 2618 1632 2671; x_wconf 73' lang='grc' dir='ltr'>κρινόμενον,</span> <span class='ocrx_word' id='word_1_285' title='bbox 1659 2633 1714 2659; x_wconf 91' lang='lat' dir='ltr'>an</span> <span class='ocrx_word' id='word_1_286' title='bbox 1737 2617 1843 2659; x_wconf 89' lang='lat' dir='ltr'>tales</span> 
     </span>
     <span class='ocr_line' id='line_1_36' title="bbox 281 2688 1842 2744; baseline 0 -14"><span class='ocrx_word' id='word_1_287' title='bbox 281 2703 445 2741; x_wconf 87' lang='lat' dir='ltr'>poenae</span> <span class='ocrx_word' id='word_1_288' title='bbox 486 2689 744 2744; x_wconf 86' lang='lat' dir='ltr'>temporales</span> <span class='ocrx_word' id='word_1_289' title='bbox 784 2688 1034 2742; x_wconf 84' lang='lat' dir='ltr'>infligantur</span> <span class='ocrx_word' id='word_1_290' title='bbox 1077 2705 1101 2731; x_wconf 89' lang='lat' dir='ltr'>a</span> <span class='ocrx_word' id='word_1_291' title='bbox 1141 2689 1246 2742; x_wconf 91' lang='lat' dir='ltr'>Deo,</span> <span class='ocrx_word' id='word_1_292' title='bbox 1290 2689 1343 2731; x_wconf 85' lang='lat' dir='ltr'>ad</span> <span class='ocrx_word' id='word_1_293' title='bbox 1384 2689 1721 2731; x_wconf 87' lang='lat' dir='ltr'>satisfactionem</span> <span class='ocrx_word' id='word_1_294' title='bbox 1762 2703 1842 2742; x_wconf 89' lang='lat' dir='ltr'>pro</span> 
     </span>
     <span class='ocr_line' id='line_1_37' title="bbox 281 2760 1841 2814; baseline -0.001 -12"><span class='ocrx_word' id='word_1_295' title='bbox 281 2761 467 2813; x_wconf 87' lang='lat' dir='ltr'>peccatis</span> <span class='ocrx_word' id='word_1_296' title='bbox 504 2761 674 2813; x_wconf 87' lang='lat' dir='ltr'>nostris,</span> <span class='ocrx_word' id='word_1_297' title='bbox 712 2760 779 2802; x_wconf 88' lang='lat' dir='ltr'>vel</span> <span class='ocrx_word' id='word_1_298' title='bbox 817 2775 865 2802; x_wconf 84' lang='lat' dir='ltr'>ex</span> <span class='ocrx_word' id='word_1_299' title='bbox 905 2762 1012 2813; x_wconf 88' lang='lat' dir='ltr'>toto,</span> <span class='ocrx_word' id='word_1_300' title='bbox 1055 2761 1122 2802; x_wconf 89' lang='lat' dir='ltr'>vel</span> <span class='ocrx_word' id='word_1_301' title='bbox 1162 2776 1212 2803; x_wconf 89' lang='lat' dir='ltr'>ex</span> <span class='ocrx_word' id='word_1_302' title='bbox 1250 2763 1384 2814; x_wconf 90' lang='lat' dir='ltr'>parte,</span> <span class='ocrx_word' id='word_1_303' title='bbox 1424 2775 1510 2803; x_wconf 90' lang='lat' dir='ltr'>non</span> <span class='ocrx_word' id='word_1_304' title='bbox 1547 2775 1646 2802; x_wconf 86' lang='lat' dir='ltr'>vero</span> <span class='ocrx_word' id='word_1_305' title='bbox 1684 2760 1841 2813; x_wconf 90' lang='lat' dir='ltr'>potius,</span> 
     </span>
     <span class='ocr_line' id='line_1_38' title="bbox 282 2831 1842 2884; baseline 0 -12"><span class='ocrx_word' id='word_1_306' title='bbox 282 2832 334 2872; x_wconf 90' lang='lat' dir='ltr'>ad</span> <span class='ocrx_word' id='word_1_307' title='bbox 370 2831 900 2874; x_wconf 86' lang='lat' dir='ltr'>demonstrationem</span> <span class='ocrx_word' id='word_1_308' title='bbox 939 2831 1154 2874; x_wconf 89' lang='lat' dir='ltr'>debitae</span> <span class='ocrx_word' id='word_1_309' title='bbox 1189 2832 1463 2884; x_wconf 89' lang='lat' dir='ltr'>miseriae,</span> <span class='ocrx_word' id='word_1_310' title='bbox 1503 2831 1564 2873; x_wconf 90' lang='lat' dir='ltr'>ad</span> <span class='ocrx_word' id='word_1_311' title='bbox 1603 2831 1842 2873; x_wconf 87' lang='lat' dir='ltr'>emenda-</span> 
     </span>
     <span class='ocr_line' id='line_1_39' title="bbox 281 2901 1842 2955; baseline 0 -12"><span class='ocrx_word' id='word_1_312' title='bbox 281 2902 485 2944; x_wconf 87' lang='lat' dir='ltr'>tionem</span> <span class='ocrx_word' id='word_1_313' title='bbox 510 2903 707 2945; x_wconf 90' lang='lat' dir='ltr'>labilis</span> <span class='ocrx_word' id='word_1_314' title='bbox 731 2904 899 2955; x_wconf 86' lang='lat' dir='ltr'>vitae,</span> <span class='ocrx_word' id='word_1_315' title='bbox 926 2903 987 2944; x_wconf 92' lang='lat' dir='ltr'>ad</span> <span class='ocrx_word' id='word_1_316' title='bbox 1013 2902 1473 2945; x_wconf 88' lang='lat' dir='ltr'>exercitationem</span> <span class='ocrx_word' id='word_1_317' title='bbox 1496 2901 1842 2943; x_wconf 87' lang='lat' dir='ltr'>necessariae</span> 
     </span>
     <span class='ocr_line' id='line_1_40' title="bbox 280 2973 1841 3027; baseline 0 -13"><span class='ocrx_word' id='word_1_318' title='bbox 280 2973 600 3025; x_wconf 89' lang='lat' dir='ltr'>patientiae.</span> <span class='ocrx_word' id='word_1_319' title='bbox 638 2974 687 3016; x_wconf 92' lang='lat' dir='ltr'>Id</span> <span class='ocrx_word' id='word_1_320' title='bbox 722 2989 800 3017; x_wconf 90' lang='lat' dir='ltr'>nos</span> <span class='ocrx_word' id='word_1_321' title='bbox 838 2974 1145 3027; x_wconf 86' lang='lat' dir='ltr'>contendimus,</span> <span class='ocrx_word' id='word_1_322' title='bbox 1183 2974 1300 3016; x_wconf 89' lang='lat' dir='ltr'>aliud</span> <span class='ocrx_word' id='word_1_323' title='bbox 1333 2989 1357 3015; x_wconf 93' lang='lat' dir='ltr'>a</span> <span class='ocrx_word' id='word_1_324' title='bbox 1383 2973 1623 3016; x_wconf 88' lang='lat' dir='ltr'>Pontificiis</span> <span class='ocrx_word' id='word_1_325' title='bbox 1651 2975 1841 3015; x_wconf 87' lang='lat' dir='ltr'>assutum</span> 
     </span>
    </p>
   </div>
  </div>
 </body>
</html>
