1931 3224
517 84 580 126 DE
609 83 715 126 Nm.
744 83 823 126 Dm
851 99 898 126 ET
928 83 1062 127 D1v1N.
1091 84 1260 127 ATTRIB.
1616 88 1666 129 57

165 209 362 252 XXXIII.
407 208 496 252 Scit
534 210 676 250 autem
714 209 897 262 simplici
933 212 976 251 et
1005 223 1103 261 uno,
1132 209 1399 262 immutabili,
1430 210 1596 253 infinito
1627 213 1668 253 et

113 284 284 324 aeterno
329 283 446 323 actu:
489 281 532 322 id
574 283 648 333 est,
692 280 846 332 omnia,
886 295 1063 334 semper,
1108 280 1233 321 simul
1279 283 1320 322 et
1362 282 1501 334 semel,
1541 285 1668 335 atque

111 352 361 403 necessario,
390 352 504 393 Act.
535 352 597 403 15,
628 352 690 393 18.
720 351 845 393 Heb.
870 352 907 404 4,
935 352 996 393 13.
1020 351 1086 393 lta
1110 354 1157 392 ut
1180 351 1288 392 nihil
1312 351 1492 405 ignoret,
1523 353 1667 406 discat,

111 439 197 466 non
234 423 442 477 proficiat,
477 423 661 475 fallatur,
692 423 900 476 opinetur,
932 423 1219 474 obliviscatur,
1248 423 1552 476 reminiscatur,
1581 424 1667 466 imo

111 511 164 537 ne
202 495 414 550 praesciat
457 495 628 548 quidem
666 495 851 548 proprie,
890 494 968 536 Ps.
1005 496 1069 547 90,
1097 495 1135 536 4.
1173 496 1198 535 2
1228 493 1366 536 Petr.
1395 496 1432 547 3,
1462 496 1498 537 8.
1527 495 1668 537 Esai.

110 560 174 619 40,
206 567 267 608 14.
305 566 405 608 licet
431 569 627 620 respectu
654 581 795 608 rerum
822 566 1061 607 futurarum
1089 566 1313 619 praescire,
1343 567 1669 619 praeteritarum

111 639 363 691 meminisse,
390 638 678 692 praesentium
702 639 820 689 scire,
845 652 943 679 vere
969 637 1151 688 dicatum
1176 652 1262 679 non
1286 639 1516 681 successive
1539 654 1670 681 unum

111 713 210 764 post
253 711 445 761 alterum,
489 712 561 751 aut
602 724 732 751 unum
770 723 821 750 ex
863 709 995 751 altero
1032 724 1108 762 per
1146 710 1391 763 discursum,
1431 711 1502 752 sed
1539 726 1670 753 unum

112 797 207 823 cum
246 781 380 823 altero
418 781 633 834 intelligat
671 782 712 821 et
749 780 902 822 videat.
941 780 1065 823 Unde
1103 795 1189 822 non
1226 782 1353 823 modo
1389 782 1600 835 sapientia
1629 785 1670 824 et

111 852 394 906 intelligentia
434 852 472 894 ei
509 851 770 902 attribuitur,
801 850 940 892 Rom.
972 852 1035 903 11,
1064 852 1127 893 33.
1158 854 1199 893 et
1228 852 1452 906 sapiens
1480 857 1669 906 vocatur,

112 925 185 966 sed
215 925 327 977 apud
356 938 464 975 eum,
491 926 532 965 et
558 924 646 976 ejus
673 938 761 964 esse
790 923 1012 976 sapientia,
1044 923 1195 964 solus
1222 924 1466 977 sapiens,
1495 926 1515 966 1
1543 924 1668 967 Tim.

111 996 147 1047 1,
187 995 248 1036 17.
290 994 611 1045 omniscius,
652 994 980 1047 καρδιογνώστης,
1022 1008 1250 1035 noscens
1289 995 1472 1048 corda,
1503 995 1668 1048 dicitur,

112 1067 334 1119 omnisque
376 1065 611 1119 sapientiae
652 1064 747 1106 fons
791 1067 832 1106 et
870 1065 990 1118 origo
1021 1067 1096 1117 est,
1126 1065 1203 1107 Ps.
1235 1066 1322 1118 147,
1352 1067 1389 1107 4.
1421 1069 1514 1110 etc.
1543 1068 1669 1110 Dan.

110 1139 146 1190 2,
177 1138 240 1179 20.
272 1138 333 1178 21.
365 1137 428 1178 22.
459 1136 610 1178 Prov.
641 1137 677 1189 2,
708 1138 745 1179 6.
774 1137 887 1179 Act.
920 1138 981 1190 15,
1011 1139 1047 1179 8.

164 1207 360 1250 XXXIV.
400 1207 671 1250 Voluntas
709 1208 808 1251 Dei
848 1212 929 1250 est
967 1209 1100 1251 altera
1138 1210 1250 1252 vitae
1280 1209 1360 1252 Dei
1388 1211 1567 1253 facultas
1597 1226 1670 1254 seu

112 1284 230 1323 actus
266 1280 328 1322 illi
366 1281 602 1332 succedens,
643 1296 725 1334 quo
764 1281 878 1323 Deus
914 1282 1157 1335 intelligens
1195 1298 1250 1335 se,
1291 1285 1332 1325 et
1371 1283 1511 1325 omnia
1544 1283 1669 1335 bona,

113 1355 161 1394 ut
196 1355 373 1394 naturae
410 1355 452 1394 et
482 1352 619 1394 ordini
648 1354 800 1395 mentis
829 1368 927 1395 suae
960 1354 1280 1406 consentientia,
1309 1355 1401 1396 vult
1431 1357 1472 1396 et
1501 1354 1669 1408 probat,

113 1424 325 1466 contraria
363 1424 581 1477 improbat
617 1425 867 1476 necessario,
908 1440 1014 1477 quae
1052 1426 1311 1467 voluntas
1341 1427 1669 1479 Approbans

113 1495 288 1545 dicitur3
324 1497 365 1537 et
395 1510 445 1537 ex
472 1496 524 1537 iis
554 1511 661 1548 quae
692 1499 810 1538 extra
837 1511 880 1538 se
909 1496 1047 1538 facere
1076 1499 1231 1550 potest,
1263 1498 1471 1550 quaedam
1498 1498 1670 1551 praevia

113 1567 324 1620 sapientia
360 1567 493 1609 libere
520 1567 623 1619 vult,
656 1567 788 1620 eligit,
820 1570 860 1609 et
890 1568 1090 1620 decernit,
1123 1571 1164 1610 et
1192 1568 1306 1621 facit,
1336 1584 1444 1622 quae
1473 1569 1669 1611 voluntas

112 1638 407 1689 Efficiens3
448 1642 489 1680 et
528 1654 551 1680 a
590 1639 795 1680 creaturis
833 1640 945 1681 bona
984 1655 1007 1681 a
1045 1655 1088 1682 se
1118 1643 1348 1694 praecepta
1375 1641 1466 1682 fieri
1494 1641 1597 1693 vult,
1628 1643 1670 1682 et

114 1710 259 1764 exigit,
292 1725 398 1763 quae
427 1710 624 1752 voluntas
653 1709 1031 1763 praecipiens3
1062 1711 1173 1753 mala
1199 1726 1298 1753 vero
1325 1727 1431 1765 quae
1455 1712 1667 1765 prohibet,

114 1783 155 1822 et
192 1782 335 1822 tamen
364 1796 388 1822 a
417 1781 619 1823 creaturis
647 1781 766 1833 fiunt,
798 1784 914 1824 certo
944 1782 1120 1824 consilio
1150 1783 1242 1824 vult
1271 1784 1531 1837 permittere,
1562 1798 1670 1836 quae

112 1852 368 1894 voluntas
397 1852 731 1894 Permissiva
761 1856 948 1894 vocatur.

166 1922 340 1964 XXXV.
380 1923 497 1972 Quae
533 1938 662 1977 porro
701 1924 805 1976 vult,
843 1926 890 1965 ut
928 1924 1142 1967 liberrime
1179 1926 1282 1977 vult,
1311 1926 1383 1967 ita·
1401 1927 1453 1968 ab
1485 1928 1669 1978 aeterno,

114 1997 156 2036 et
191 1995 515 2037 immutabiliter
552 1995 656 2047 vult,
685 1995 764 2037 Es.
802 1996 866 2047 46,
900 1996 960 2037 10.
991 1996 1094 2037 Mal
1123 1998 1159 2047 3,
1189 1998 1226 2038 6.
1256 1997 1359 2039 adeo
1389 2013 1474 2039 non
1500 2001 1670 2040 coactus

114 2082 186 2108 seu
214 2067 372 2109 invitus
402 2067 493 2109 vult
524 2068 636 2120 quod
666 2067 768 2118 vult,
797 2068 986 2110 Matth.
1016 2069 1079 2121 20,
1112 2069 1172 2110 15.
1202 2084 1338 2122 neque
1362 2069 1415 2110 ab
1440 2069 1526 2110 ullo
1552 2068 1670 2122 prin-

114 2139 238 2191 cipio,
268 2153 340 2181 seu
369 2153 495 2181 causa
523 2139 665 2192 priore
693 2139 928 2193 impellitur
958 2154 1006 2181 ac
1033 2142 1228 2182 movetur
1257 2141 1309 2181 ad
1336 2140 1573 2192 volendum,
1599 2140 1670 2182 sed

115 2210 203 2263 ejus
241 2210 437 2252 voluntas
474 2213 537 2252 est
574 2213 615 2252 et
652 2211 791 2264 prima
830 2213 872 2252 et
910 2226 1107 2265 suprema
1136 2226 1275 2263 causa,
1304 2211 1433 2265 Eph.
1466 2212 1500 2263 1,
1531 2212 1593 2253 11.
1623 2213 1670 2252 ut

114 2281 188 2334 qui
225 2296 332 2334 quae
368 2281 472 2333 vult,
511 2297 535 2322 a
574 2297 630 2333 se,
669 2284 711 2323 et
748 2284 925 2335 propter
962 2297 1005 2324 se
1033 2283 1138 2334 vult,
1175 2298 1313 2335 neque
1350 2283 1564 2324 contraria
1597 2297 1670 2324 seu

114 2353 443 2395 contradictoria
484 2353 586 2404 vult,
629 2368 703 2394 seu
743 2353 855 2394 idem
895 2353 998 2404 vult,
1043 2355 1085 2394 et
1124 2368 1210 2394 non
1246 2354 1348 2402 vult,
1396 2352 1464 2394 Ps.
1503 2353 1566 2404 89,
1605 2353 1668 2394 35.

113 2438 249 2476 neque
281 2424 372 2476 jam
409 2423 511 2472 vult,
540 2426 613 2465 aut
640 2438 725 2465 non
753 2424 843 2465 vult
872 2424 986 2476 quod
1014 2426 1112 2465 ante
1142 2424 1391 2478 simpliciter
1418 2424 1568 2475 noluit,
1596 2426 1670 2465 aut

113 2494 260 2546 voluit,
289 2510 367 2536 nec
393 2495 517 2548 plura
546 2497 619 2536 aut
646 2495 847 2550 pauciora
870 2496 960 2548 jam
987 2495 1090 2547 vult,
1121 2510 1247 2547 quam
1278 2498 1402 2536 antea
1430 2495 1577 2546 voluit,
1592 2509 1670 2536 nec

115 2565 296 2619 denique
334 2567 422 2619 ejus
459 2566 656 2608 voluntas
685 2565 883 2620 impediri
911 2568 1066 2620 potest,
1099 2581 1183 2619 quo
1212 2566 1351 2608 minus
1380 2567 1423 2607 id
1453 2566 1566 2618 quod
1595 2566 1668 2608 ab·

114 2637 252 2679 solute
291 2637 440 2689 voluit,
483 2637 557 2679 fiat
600 2652 648 2679 ac
688 2638 928 2693 impleatur,
972 2637 1111 2681 Esai.
1153 2638 1216 2689 14,
1259 2638 1322 2678 27.
1360 2637 1500 2679 Rom.
1538 2638 1574 2689 9,
1607 2637 1668 2679 19.

115 2710 166 2750 et
195 2709 257 2760 11,
286 2709 350 2750 29.

166 2779 364 2823 XXXVI.
402 2781 588 2823 Tantum
616 2783 667 2825 de
694 2783 768 2825 illo
799 2783 1007 2825 attributo
1039 2783 1153 2836 quod
1180 2782 1427 2824 facultatem
1457 2784 1499 2823 et
1527 2783 1669 2824 actum

113 2851 415 2895 immanentem
453 2853 595 2896 habet.
633 2853 834 2907 Sequitur
873 2855 985 2907 quod
1023 2856 1288 2896 emanantem
1325 2853 1521 2905 declarat,
1563 2855 1669 2906 puta

114 2923 319 2976 potentia,
363 2938 470 2976 quae
512 2924 622 2966 circa
660 2939 725 2966 res
763 2927 957 2967 externas
998 2927 1191 2967 versatur
1232 2927 1274 2966 et
1317 2927 1546 2977 exercetur,
1586 2939 1668 2977 qua
