1931 3224
268 126 346 167 558
824 126 1066 169 DISPUTATIO
1093 126 1267 168 XLVII.

268 249 461 290 doctrina
489 248 769 299 Catechetica,
798 249 1049 303 priusquam
1076 250 1401 292 admitterentur
1425 251 1477 292 ad
1501 251 1665 294 Coenae
1689 254 1824 305 parti-

267 320 535 374 cipationem,
579 320 797 362 Ecclesiae
842 321 1113 373 sistebantur,
1157 321 1207 363 de
1249 320 1331 363 fide
1374 336 1449 363 sua
1490 323 1746 376 responsuri,
1777 315 1829 364 'et

267 391 463 444 precibus
503 390 594 432 Deo
635 392 1052 444 commendabantur,
1093 393 1258 445 adjecto
1296 393 1383 434 ritu
1422 408 1624 435 manuum
1654 394 1829 448 imposi-

266 461 408 512 tionis,
439 461 512 513 qui
541 464 687 514 gestus
718 465 808 504 erat
839 464 1066 515 orantium,
1097 466 1138 505 et
1167 464 1506 506 benedicentium
1528 468 1722 518 tempore
1746 464 1830 507 Pa-

266 531 549 573 triarcharum
601 534 794 586 usitatus,
848 537 889 576 et
941 535 1151 589 deinceps.
1197 535 1289 584 Quo
1333 537 1521 589 respexit
1561 537 1827 590 Augustinus

265 602 356 644 Lib.
385 603 420 644 5.
452 617 542 657 cap.
573 605 635 661 23.
667 604 717 646 de
745 604 983 658 Baptismo,
1014 620 1110 647 cum
1138 620 1384 648 manuum
1413 607 1830 661 impositionem
1862 631 1864 634 >

265 688 369 715 non
410 674 553 716 sicut
595 675 925 730 Baptismus,
970 692 1061 730 rep
1077 677 1152 718 eti
1195 692 1300 719 non
1337 693 1521 732 posse,
1562 680 1661 731 ait,
1704 680 1830 732 quia

265 745 406 786 nihil
444 748 524 787 est
563 746 735 797 aliud,
765 747 876 788 nisi
905 747 1090 790 oratio
1120 763 1280 801 super
1308 749 1593 792 hominem.
1622 749 1710 792 Ubi
1738 765 1829 792 1113-

264 816 466 858 nifestum
495 819 569 869 est,
600 817 893 871 Augustinum
919 819 964 860 in
995 834 1043 861 ea
1071 835 1116 862 re
1145 835 1230 862 non
1255 821 1433 862 sensisse
1459 836 1553 863 cum
1576 820 1826 873 Pontificiis,

266 888 338 940 qui
377 889 637 931 contendunt
667 904 750 941 eOS,
781 890 871 942 qui
899 890 983 931 bis
1013 905 1069 932 co
1082 906 1110 932 n
1122 890 1350 933 firmant
1384 894 1475 933 aut
1505 892 1732 934 confirm
1746 908 1828 934 an-

263 962 372 1011 tur,
426 975 589 1014 grave
642 961 984 1004 committere
1027 961 1414 1016 Sacrilegium,
1458 979 1611 1017 nempe
1651 967 1829 1019 propter

263 1030 586 1084 impressionem
613 1032 881 1075 characteris.
904 1032 998 1075 Hac
1023 1034 1216 1076 oratione
1241 1036 1283 1076 et
1307 1035 1672 1077 commendatione
1696 1036 1829 1078 adulti

263 1101 398 1143 fidelis
428 1103 480 1144 ad
507 1102 658 1156 Deum,
688 1107 786 1157 post
813 1104 1055 1158 legitimum
1083 1120 1258 1147 examen
1288 1107 1323 1148 si
1353 1107 1543 1148 contenti
1572 1110 1722 1159 essent,
1751 1121 1829 1149 nos

266 1172 393 1214 etiam
430 1173 613 1216 libenter
642 1175 1017 1229 acquiesceremus,
1047 1177 1094 1229 si,
1123 1177 1310 1230 inquam,
1341 1178 1449 1219 nihil
1477 1178 1592 1220 aliud
1620 1180 1827 1232 peterent,

264 1258 392 1296 quam
433 1245 563 1288 ritum
603 1247 738 1299 illum,
783 1263 907 1300 quem
950 1247 1147 1290 Calvinus
1188 1250 1434 1292 restitutum
1472 1251 1602 1305 cupit,
1638 1250 1827 1292 Institut.

264 1314 354 1357 Lib.
388 1317 426 1358 4.
467 1332 554 1372 cap.
594 1318 657 1359 19.
687 1321 785 1360 sect.
814 1319 852 1360 4.
881 1321 923 1361 et
953 1321 1070 1372 cujus
1100 1321 1338 1363 substantia
1365 1322 1407 1363 in
1438 1322 1640 1365 Ecclesiis
1669 1322 1828 1365 nostris

261 1386 461 1440 religiose
488 1391 691 1430 servatur.

762 1549 852 1596 ΡΟ
872 1549 1323 1598 ΕΝΙΤΕΝΤΙΑ.

315 1676 431 1719 XIV.
474 1678 693 1722 Hactenus
736 1681 786 1723 de
828 1682 1165 1724 confirmationis
1209 1698 1237 1736 p
1249 1697 1267 1724 s
1280 1697 1301 1724 e
1311 1698 1339 1723 u
1352 1683 1378 1724 d
1389 1697 1413 1725 o
1425 1698 1468 1724 m
1478 1697 1506 1737 y
1519 1686 1565 1726 st
1578 1699 1599 1726 e
1610 1684 1705 1727 110.
1750 1684 1825 1727 Se-

263 1748 408 1802 quitur
438 1749 472 1791 P
485 1765 508 1792 0
521 1765 542 1792 e
553 1752 631 1792 nit
643 1767 664 1793 e
675 1767 703 1793 n
714 1752 757 1793 ti
770 1767 793 1794 a
806 1785 814 1804 ,
846 1753 896 1795 de
926 1768 1010 1806 qua
1038 1754 1083 1794 in
1110 1753 1190 1795 hac
1220 1755 1509 1797 controversia
1533 1770 1618 1797 non
1644 1757 1822 1810 agimus,

263 1825 471 1874 quatenus
510 1825 572 1863 est
610 1823 828 1865 conversio
867 1840 891 1865 a
920 1839 1029 1866 vana
1058 1825 1379 1868 conversatione
1410 1826 1463 1868 ad
1490 1825 1629 1869 Deum
1656 1843 1802 1870 verum
1814 1845 1823 1880 ;

262 1907 346 1945 qua
377 1894 470 1946 quis
499 1894 623 1936 initio
648 1896 789 1936 totum
815 1898 1036 1938 anteactae
1059 1896 1172 1938 vitae
1197 1900 1339 1938 actum
1362 1898 1407 1938 111
1429 1898 1578 1939 111611118
1601 1899 1801 1941 immutat
1813 1915 1822 1950 ;

260 1964 359 2006 talis
389 1965 500 2006 enim
528 1965 795 2018 poenitentia
823 1967 1056 2019 requiritur
1084 1970 1182 2009 ante
1209 1967 1492 2021 Baptismum,
1520 1984 1602 2022 quo
1629 1972 1823 2024 tempore

260 2036 347 2076 vim
385 2035 649 2078 Sacramenti
684 2037 842 2079 habere
880 2053 966 2080 non
1003 2041 1159 2091 potest,
1199 2054 1249 2080 ex
1279 2038 1601 2081 Pontificiorum
1630 2041 1801 2094 placitis
1812 2057 1821 2092 3

261 2107 335 2159 qui
385 2108 535 2150 volunt
587 2109 991 2162 poenitentiam
1044 2125 1160 2152 esse
1204 2110 1613 2154 Sacramentum
1654 2128 1822 2156 novae

259 2177 402 2231 legis
441 2194 465 2221 a
495 2178 715 2222 Christo
745 2180 1070 2223 institutum
1100 2185 1225 2235 post
1253 2177 1741 2237 resurrectionem,
1769 2184 1821 2226 iis

259 2263 413 2303 nempe
453 2251 525 2303 qui
563 2253 663 2304 post
699 2250 971 2306 Baptismum
1001 2253 1111 2307 lapsi
1140 2256 1240 2295 sunt
1253 2269 1261 2303 ;
1293 2268 1469 2307 eamque
1496 2269 1523 2296 n
1535 2269 1558 2297 o
1570 2270 1598 2296 n
1627 2256 1709 2298 int
1722 2270 1743 2297 e
1755 2270 1776 2297 r
1786 2256 1821 2298 i-

260 2334 401 2362 orem
451 2324 723 2373 quatenus
773 2325 854 2364 est
889 2323 1064 2365 virtus
1101 2324 1323 2377 mentis,
1363 2325 1452 2367 sed
1490 2326 1821 2369 exteriorem

258 2392 485 2433 tantum.
513 2391 737 2435 Materiam
771 2394 886 2446 ejus
914 2395 1298 2448 propinquam,
1329 2410 1443 2438 esse
1476 2397 1820 2450 poenitentis

260 2464 459 2515 actum,
497 2466 783 2517 remotam,
820 2465 942 2518 ipsa
978 2468 1226 2520 peccata3
1264 2467 1459 2520 formam,
1495 2468 1608 2522 Ego
1645 2471 1698 2510 te
1736 2469 1819 2510 ab·

260 2548 279 2574 s
292 2547 315 2575 o
326 2533 340 2574 l
351 2549 376 2576 v
387 2549 411 2576 o
453 2534 507 2576 in
550 2551 577 2577 n
590 2550 614 2578 o
625 2536 729 2578 min
742 2551 763 2578 e
800 2536 835 2578 P
847 2537 985 2578 atris
999 2570 1007 2589 ,
1048 2540 1125 2580 etc.
1164 2537 1370 2581 Catechis.
1409 2539 1598 2582 Trident.
1636 2542 1744 2594 part.
1781 2541 1818 2581 2.

260 2619 350 2659 cap.
380 2606 417 2648 5.
447 2605 555 2649 Sect.
585 2608 621 2649 9.
655 2608 715 2650 10.
746 2608 808 2649 12.
839 2608 900 2650 13.

312 2675 405 2719 XV.
445 2677 674 2721 Rationem
711 2680 856 2733 itaque
893 2679 1158 2722 Sacramenti
1196 2681 1427 2724 consistere
1464 2682 1625 2734 volunt,
1662 2682 1706 2724 in
1737 2698 1759 2725 e
1770 2699 1818 2724 x-

260 2747 414 2790 terna
453 2750 827 2804 poenitentia,
868 2755 1138 2804 quatenus
1175 2752 1341 2794 habet
1380 2755 1638 2796 externas
1667 2768 1817 2806 quas-

261 2816 373 2859 dam
411 2834 494 2861 res
533 2836 551 2862 s
564 2822 784 2864 ensibus
823 2823 942 2876 subj
959 2838 980 2865 e
995 2826 1128 2876 ctas,
1159 2823 1314 2876 quibus
1344 2824 1547 2866 declarari
1574 2824 1724 2873 volunt
1755 2841 1814 2879 ea,

262 2901 326 2939 qu
339 2902 395 2930 ae
431 2891 637 2934 interiu
650 2907 669 2934 s
706 2894 760 2935 in
798 2894 973 2936 anima
1009 2894 1165 2937 fiunt.
1205 2895 1323 2949 Ergo
1353 2910 1439 2938 non
1469 2897 1813 2950 controvertitur,

261 2972 314 2999 an
352 2960 405 3001 ad
442 2963 732 3006 remissionem
761 2968 1033 3018 peccatorum
1061 2966 1304 3020 requiratur
1333 2967 1552 3010 conversio
1581 2968 1735 3011 mentis
1763 2969 1816 3010 ad
