1931 3224
518 147 581 189 DE
616 146 867 188 PURGATonm
896 160 943 187 ET
977 143 1268 186 INDULGENTHS.
1588 143 1665 185 427

107 272 361 315 infinitatem
415 287 535 313 suam
584 270 755 322 tollunt,
809 285 904 312 cum
955 285 1024 311 eas
1077 284 1101 310 a
1111 284 1138 323 p
1151 283 1178 322 p
1192 268 1230 309 li
1243 283 1264 310 c
1275 283 1299 309 a
1309 284 1337 310 11
1348 269 1374 310 d
1387 283 1410 310 a
1423 283 1441 309 s
1495 270 1666 309 censent

107 345 275 386 finito
315 343 489 395 modo,
529 345 584 384 ut
613 341 829 394 aliquid
850 341 998 395 ’ipsis
1027 355 1218 382 revera
1248 339 1666 393 superaddatur,

108 431 222 458 cum
278 430 305 468 p
320 414 566 456 assiones
624 412 950 455 Sanctorum
1005 412 1125 454 illis
1179 411 1264 464 adj
1278 413 1568 464 unguntur,
1620 412 1668 450 ut

106 487 297 540 loquitur
335 485 532 527 Bellarin.
573 485 622 526 de
659 483 825 537 Indulg.
854 483 943 525 Lib.
975 485 1010 525 1.
1041 498 1131 536 cap.
1162 483 1198 523 4.
1228 482 1276 523 Id
1307 485 1448 523 autem
1478 481 1667 532 dicimus,

108 573 196 600 esse
221 572 306 599 non
331 557 470 598 solum
492 556 660 597 infinito
684 556 853 597 finitum
879 555 1041 606 addere,
1072 555 1144 596 sed
1167 553 1249 595 toti
1274 553 1382 594 nihil
1394 570 1402 604 ;
1431 554 1530 605 quia
1556 552 1668 605 quod

108 630 158 671 de
204 628 472 682 passionibus
520 626 773 668 Sanctorum
821 627 978 678 dicunt,
1023 641 1091 668 eas
1133 640 1286 678 nempe
1328 625 1540 678 duplicem
1582 624 1665 665 vim

106 700 317 751 habuisse,
356 713 489 745 unam
520 699 717 739 merito
732 699 885 749 riam,
916 699 1044 739 aliam
1071 712 1170 739 vero
1201 712 1219 738 s
1232 697 1309 737 ati
1322 696 1402 737 ssa
1415 699 1500 737 cto
1513 695 1665 747 riam,

108 773 149 813 et
175 770 314 824 quoad
337 769 546 811 rationem
571 769 712 810 meriti
738 769 909 822 plenam
935 770 1145 822 accepisse
1162 767 1409 819 mercedem,
1425 782 1511 808 non
1527 768 1668 820 quoad

105 842 315 884 rationem
353 840 668 892 satisfactionis,
709 841 864 882 falsum
903 843 967 882 est
1006 843 1048 882 et
1086 841 1280 892 ineptum
1293 855 1301 889 ;
1332 841 1526 880 neutram
1557 840 1669 880 enim

106 913 265 955 habent
302 912 512 954 rationem
550 926 682 965 opera
720 911 985 964 Sanctorum,
1022 913 1093 954 sed
1122 911 1450 953 satisfactoriam
1477 926 1563 953 non
1591 911 1668 951 ha-

104 985 258 1036 buisse,
297 986 410 1025 recte
450 998 501 1025 ex
530 998 579 1025 eo
608 983 765 1036 probat
794 983 1033 1035 Durandus,
1063 984 1175 1036 quod
1205 983 1457 1025 Sanctorum
1486 982 1667 1024 intentio

105 1070 192 1097 non
218 1055 359 1106 fuerit,
389 1053 574 1095 fructum
605 1069 775 1095 suarum
804 1054 1052 1107 passionum
1081 1054 1126 1095 in
1158 1054 1262 1095 alios
1292 1054 1533 1105 transferre,
1562 1069 1669 1106 quae

105 1126 286 1168 intentio
315 1125 476 1178 [saltem
513 1124 750 1167 necessaria
787 1124 957 1175 fuisset3
998 1127 1041 1165 at
1079 1124 1179 1165 talis
1217 1124 1399 1166 intentio
1430 1124 1473 1165 in
1502 1124 1668 1167 Sanctis

107 1213 196 1240 esse
224 1213 310 1240 non
339 1197 492 1251 potuit,
523 1212 630 1250 quae
661 1210 865 1249 arrogans
893 1196 1043 1237 fuisset
1073 1198 1114 1237 et
1146 1195 1407 1249 blasphema.

157 1269 284 1318 XLV.
324 1269 369 1311 Si
407 1269 624 1323 passiones
659 1267 913 1310 Sanctorum
952 1270 1089 1309 essent
1128 1282 1206 1320 pro
1237 1267 1330 1309 aliis
1361 1267 1669 1310 satisfactoriae

106 1344 147 1384 et
177 1357 259 1383 una
290 1356 384 1383 cum
409 1340 615 1393 sanguine
639 1338 798 1381 Christi
823 1339 1073 1381 thesaurum
1098 1339 1418 1392 constituerent,
1447 1340 1669 1382 discrimen

103 1412 207 1455 illud
237 1412 289 1454 ab
318 1412 471 1466 Apost.
500 1411 602 1452 Ebr.
633 1411 696 1463 12,
726 1411 789 1452 24.
819 1410 930 1452 inter
960 1410 1209 1464 sanguinem
1239 1410 1396 1453 Christi
1427 1414 1468 1453 et
1499 1411 1669 1464 sangui-

103 1499 201 1526 nem
234 1484 379 1526 Abelis
407 1484 653 1525 institutum
681 1483 913 1535 tolleretur,
944 1497 1029 1524 non
1060 1497 1080 1524 e
1092 1483 1198 1523 nim
1227 1498 1268 1523 111
1282 1482 1353 1524 eli
1366 1497 1389 1524 0
1401 1498 1422 1524 1·
1434 1498 1458 1524 a
1485 1483 1534 1524 lo
1548 1497 1575 1535 q
1586 1497 1614 1523 u
1627 1497 1667 1524 e-

104 1559 256 1598 retur
286 1556 513 1609 sanguis
539 1554 751 1597 Christi
782 1569 937 1607 quam
968 1554 1195 1608 sanguis
1220 1553 1368 1606 Abel,
1395 1554 1502 1596 Heb.
1526 1555 1588 1605 12,
1604 1553 1668 1594 24.

103 1630 283 1681 uterque
312 1628 425 1669 enim
454 1642 617 1680 poenae
645 1628 918 1680 peccatorum
948 1626 1239 1668 remissionem
1266 1626 1529 1678 impetraret.
1563 1624 1669 1665 Fru-

105 1700 194 1739 stra
236 1697 472 1751 scripsisset
514 1697 729 1749 Salomon,
773 1697 827 1739 Si
869 1697 1091 1751 sapiens
1139 1697 1264 1748 eris,
1297 1697 1518 1738 tibimet
1561 1695 1670 1748 ipsi

107 1770 235 1820 eris3
275 1770 318 1811 si
358 1772 535 1811 autem
569 1769 792 1821 illusor,
823 1770 974 1811 solus
997 1769 1269 1822 portabis
1309 1768 1523 1820 malum,
1562 1767 1669 1809 Pro-

104 1841 217 1882 verb.
256 1842 319 1893 19,
359 1843 420 1883 12.
455 1840 600 1894 Nequi
635 1841 680 1882 in
708 1841 1008 1894 semetipso
1038 1843 1251 1882 tantum
1282 1840 1401 1893 quis
1432 1839 1669 1893 gloriam

104 1912 331 1954 haberet
366 1914 416 1954 et
443 1926 547 1954 non
575 1912 628 1953 in
657 1912 856 1964 altero,
890 1912 980 1954 Gal.
1010 1913 1046 1964 6,
1077 1913 1114 1954 4.
1145 1912 1237 1954 Nec
1265 1912 1351 1953 ulla
1382 1912 1491 1953 ratio
1520 1911 1671 1953 fuisset

106 1998 178 2025 cur
207 1983 257 2025 de
286 1982 478 2035 Noacho,
507 1982 686 2025 Daniele
717 1986 758 2025 et
790 1983 903 2026 Jobo
944 1983 1101 2025 diceret
1139 1983 1253 2024 Deus
1291 1998 1367 2036 per
1405 1982 1671 2025 Ezechielem

106 2070 196 2108 cap.
235 2056 295 2104 14,
321 2056 383 2097 20.
414 2055 555 2108 quod
582 2054 744 2096 filios
774 2069 899 2096 suos
930 2057 980 2096 et
1008 2054 1171 2096 filias
1205 2069 1308 2096 non
1338 2054 1670 2104 liberarent,

107 2127 199 2168 sed
229 2126 339 2180 ipsi
362 2126 597 2179 justitia
626 2141 717 2167 sua
744 2126 1058 2168 liberarent
1098 2126 1302 2167 animas
1341 2140 1474 2167 suas.
1514 2124 1671 2167 Nullus

106 2213 295 2251 unquam
323 2198 576 2240 Sanctorum
604 2197 698 2250 fuit,
728 2198 801 2251 qui
830 2213 915 2240 11011
945 2198 1226 2251 acquievisset
1251 2198 1513 2240 Tertulliano
1539 2198 1670 2239 inter-

106 2269 279 2322 roganti
303 2268 392 2311 Lib.
420 2269 469 2311 de
492 2269 638 2311 Pudic.
666 2284 756 2322 cap.
784 2270 845 2311 22.
878 2269 911 2318 Q
922 2270 1007 2310 uis
1046 2285 1069 2311 a
1082 2270 1120 2310 li
1134 2285 1155 2311 e
1166 2285 1194 2311 n
1206 2285 1229 2311 a
1240 2285 1283 2311 111
1319 2285 1362 2311 111
1376 2285 1399 2311 0
1413 2285 1433 2311 r
1444 2272 1462 2311 t
1475 2285 1496 2311 e
1506 2285 1550 2311 111
1578 2286 1596 2311 s
1608 2285 1635 2311 11
1648 2286 1671 2311 a

107 2341 302 2392 solvit,
354 2341 465 2382 nisi
514 2341 659 2382 solus
711 2341 810 2383 Dei
861 2341 1057 2383 filius?
1105 2342 1338 2394 proinde
1382 2341 1472 2394 qui
1512 2341 1671 2382 illum

108 2411 402 2453 aemularis
432 2411 681 2453 donando
712 2411 935 2464 delicta,
967 2412 1010 2453 si
1039 2412 1183 2453 nihil
1207 2413 1325 2466 ipse
1356 2412 1669 2465 deliquisti,

108 2485 298 2537 patere
327 2497 422 2536 pro
452 2498 545 2535 me3
576 2483 619 2524 si
644 2498 767 2525 vero
797 2486 1061 2536 peccator
1095 2498 1167 2534 es,
1199 2484 1465 2536 quomodo
1496 2483 1671 2525 oleum

107 2556 319 2597 faculae
356 2557 480 2596 tuae
515 2554 785 2596 sufficere
825 2558 876 2596 et
912 2555 1019 2596 tibi
1059 2556 1108 2596 et
1145 2554 1275 2596 mihi
1312 2555 1554 2608 poterit?
1583 2554 1671 2596 Aut

109 2626 182 2679 qui
218 2626 463 2679 Augustino
502 2641 674 2667 manum
709 2640 795 2666 non
824 2625 1017 2678 dedisset,
1048 2626 1204 2668 dicenti
1233 2626 1374 2668 Tract.
1405 2626 1468 2667 84.
1497 2627 1542 2668 in
1570 2625 1598 2668 J
1602 2627 1670 2668 oh.

109 2697 229 2739 Etsi
265 2697 472 2739 fratres
503 2712 599 2750 pro
628 2697 901 2739 fratribus
929 2713 970 2739 m
985 2698 1250 2750 oriantur,
1280 2701 1459 2739 tamen
1487 2698 1540 2739 in
1569 2698 1671 2739 fra-

109 2771 390 2811 ternorum
428 2767 779 2824 peccatorum
816 2769 1162 2821 remissione,
1204 2769 1412 2811 nullius
1443 2771 1670 2823 sanguis
1717 2764 1719 2766 ¹

109 2840 371 2894 martyris
399 2839 490 2881 fun
505 2839 663 2880 ditur.

162 2910 312 2953 XLVI.
348 2910 499 2963 Neque
529 2913 758 2972 propterea
785 2911 1058 2952 metuendum
1089 2911 1179 2963 erit,
1209 2926 1261 2952 ne
1291 2911 1510 2964 passiones
1540 2911 1670 2954 Sanc-

109 2983 251 3023 torum
288 2982 372 3024 sint
408 2983 566 3033 inanes,
606 2997 713 3034 quae
751 2982 856 3024 alios
893 2998 992 3024 usus
1031 2985 1073 3024 et
1099 2982 1202 3025 fines
1232 2982 1403 3036 habent,
1436 2983 1486 3025 de
1518 2983 1670 3037 quibus
