1931 3224
559 108 621 150 DE
650 108 785 151 mes
814 108 957 151 CANON.
987 123 1033 150 ET
1062 108 1211 150 Arocss.
1614 109 1664 149 19

159 234 210 276 Χ.
247 233 507 275 Authentica
539 248 668 287 porro
698 233 943 287 Scripturae
972 233 1101 276 editio
1133 248 1181 274 ea
1213 232 1418 274 censenda
1450 234 1525 283 est,
1557 247 1663 284 quae

109 304 392 359 κὺτογροὶφως,
431 304 474 345 id
512 307 587 356 est,
625 305 824 358 primitus
861 307 903 346 et
935 304 1212 358 originaliter,
1244 303 1385 344 divina
1413 302 1667 344 auctoritate

0 369 31 428 l,
108 379 171 418 est
212 376 344 418 edita:
390 390 497 428 quae
541 378 603 418 est
649 377 879 430 ἀρχέτυπον
922 376 1075 430 ipsum,
1117 375 1267 417 Deut.
1310 375 1374 426 31,
1418 375 1453 415 9.
1499 375 1561 416 24.
1605 376 1668 416 26.

107 448 132 488 2
161 447 284 502 Reg.
316 448 378 499 22,
408 448 445 489 8.
476 449 536 490 13.
568 450 592 489 2
624 447 799 490 Ρ3131.
828 448 892 500 34,
924 448 998 499 14„
1030 450 1103 489 aut
1133 448 1222 499 ejus
1253 446 1510 499 ἀπόγρκφσν,
1535 446 1668 498 idest,

108 520 336 573 exemplar,
374 519 526 561 Deut.
566 521 628 572 17,
669 521 743 572 18,,
782 535 934 573 nempe
972 519 1128 572 singuli
1160 518 1258 560 libri
1285 517 1336 559 V.
1369 517 1416 559 T.
1447 516 1670 569 Hebraice,

38 587 41 634 ζ
107 589 207 643 (nisi
244 591 358 643 quod
394 591 598 644 pauculae
638 606 774 642 voces,
813 591 1047 632 sententiae
1087 593 1128 632 et
1165 590 1305 643 capita
1334 588 1557 631 Ohaldaice
1586 589 1670 630 sint

17 654 38 664 Γ
107 661 284 715 scripta)
313 661 427 703 Novi
455 677 554 704 vero
586 662 756 713 Graece,
786 664 955 715 praeter
983 662 1164 715 paucula
1190 661 1400 703 Hebraice
1430 663 1471 702 et
1501 660 1670 714 Syriace

105 731 276 784 inserta,
308 749 355 775 ac
387 733 543 775 Graece
572 733 659 775 fere
691 733 877 783 reddita;
910 733 1024 785 quod
1055 748 1103 774 ea
1132 732 1278 785 lingua
1308 734 1409 773 tunc
1439 730 1603 772 Orienti
1628 733 1668 772 et

28 830 30 833 ν
108 801 327 846 Occidenti
379 804 722 846 communissima
777 807 899 855 esset,
953 803 1052 846 Cic.
1100 818 1196 857 pro
1241 803 1443 845 Archia
1484 805 1668 856 poeta:

107 874 219 928 stylo
249 878 393 917 tamen
421 876 580 929 partim
607 875 786 930 vulgari,
817 875 977 928 partim
1005 874 1392 927 Hebraeo—graeco,
1424 874 1669 915 Hellenistis

107 944 136 987 J
139 946 281 988 udaeis
310 947 480 1000 usitato.

159 1017 231 1060 XI.
275 1017 491 1071 Expressa
534 1033 584 1060 ex
628 1018 899 1069 Authentica,
943 1020 1006 1059 est
1050 1019 1092 1059 et
1134 1017 1228 1070 ipsa
1270 1016 1490 1070 Scriptura
1529 1016 1668 1068 Sacra,

108 1092 316 1142 quatenus
355 1105 403 1132 ea
440 1090 484 1131 in
523 1090 626 1132 alias
664 1090 831 1143 linguas
861 1089 1179 1143 religiosissime
1207 1089 1427 1139 translata,
1458 1103 1599 1143 presse
1629 1091 1669 1129 et

106 1161 230 1214 plene
272 1160 499 1214 (quantum
536 1161 706 1214 quidem
744 1162 831 1214 ejus
871 1161 961 1202 fieri
998 1160 1160 1213 potest)
1201 1160 1238 1201 ei
1275 1160 1524 1213 respondem
1556 1160 1669 1211 quod

106 1233 199 1274 fieri
234 1247 320 1274 non
357 1232 522 1274 licitum
559 1233 685 1275 modo
724 1233 902 1275 etutile
932 1232 1069 1285 (secus
1100 1246 1227 1284 quam
1256 1231 1427 1284 quidam
1455 1230 1670 1272 Pontificii

105 1303 272 1357 volunt)
316 1304 388 1346 sed
430 1304 601 1346 omnino
644 1304 928 1346 necessarium
971 1305 1046 1354 est,
1082 1303 1194 1344 Act.
1233 1303 1270 1353 2,
1308 1303 1345 1343 4.
1384 1303 1418 1343 6.
1452 1303 1512 1343 11.
1544 1300 1668 1342 Νο11.

106 1375 143 1427 8,
181 1376 217 1417 8.
247 1375 283 1416 9.
320 1375 381 1416 14.
420 1376 483 1426 18,
517 1378 565 1417 ut
595 1377 713 1429 cujus
741 1390 839 1416 usus
870 1378 933 1416 est
964 1374 1166 1425 omnium,
1196 1373 1347 1415 Deut.
1378 1374 1441 1423 31,
1473 1374 1534 1414 11.
1566 1372 1668 1414 Col.

105 1446 142 1498 3,
188 1447 249 1488 16.
292 1447 344 1489 ab
389 1447 583 1489 omnibus
627 1450 668 1489 et
712 1447 945 1499 quibusvis,
986 1446 1114 1487 etiam
1150 1445 1299 1496 Laicis,
1338 1444 1533 1497 intelligi,
1572 1444 1669 1497 legi,

106 1517 328 1570 audirique
364 1518 512 1571 possit,
547 1519 568 1559 1
601 1517 712 1560 Cor.
745 1518 807 1570 14,
838 1519 874 1559 9.
906 1518 969 1559 11.
1001 1519 1062 1559 19.
1093 1518 1155 1558 27.
1186 1516 1384 1571 Ineptum
1411 1518 1567 1565 tamen,
1597 1518 1670 1556 aut

107 1587 312 1644 Graecam
350 1590 401 1631 70
438 1588 738 1642 Interpretum,
775 1592 847 1630 aut
884 1588 1077 1630 Latinam
1116 1588 1334 1639 utriusque
1365 1586 1546 1628 Testam.
1577 1601 1669 1627 ver-

107 1658 281 1711 sionem,
322 1674 417 1701 cum
453 1659 601 1701 iisdem
629 1659 879 1711 Pontificiis,
911 1662 984 1701 aut
1011 1660 1141 1700 ullam
1171 1658 1309 1709 aliam,
1339 1673 1424 1699 11011
1453 1660 1669 1710 receptam

107 1730 395 1783 usitatamque
435 1731 575 1783 modo,
619 1731 691 1773 sed
733 1730 1049 1782 Authenticam,
1092 1730 1242 1772 facere.
1286 1729 1441 1771 Concil.
1481 1728 1669 1770 Trident.

107 1802 216 1844 Sess.
244 1802 283 1844 4.
313 1818 346 1844 c.
376 1804 412 1844 2.
1071 1809 1074 1812 ’

159 1873 253 1915 XII.
291 1873 409 1915 Haec
438 1874 487 1916 de
517 1874 747 1928 scriptione
777 1889 993 1916 sacrorum
1021 1874 1241 1916 librorum.
1268 1874 1459 1924 Συλλογῖι]
1488 1887 1561 1913 seu
1585 1872 1670 1913 col-

105 1946 232 1988 lectio
271 1948 312 1987 et
342 1945 523 1999 digestio
554 1961 712 1997 eorum,
742 1946 854 2003 facta
885 1949 947 1988 est
977 1948 1019 1988 et
1047 1946 1140 1999 ipsa
1169 1945 1384 1996 divinitus,
1415 1944 1541 1997 idque
1572 1959 1670 1997 par-

107 2017 186 2059 tim
227 2017 484 2069 immediate,
527 2017 684 2072 partim
726 2018 920 2060 mediate.
964 2016 1211 2058 Immediate
1254 2017 1424 2069 quidem
1466 2016 1671 2056 librorum

107 2088 290 2140 illorum,
331 2089 403 2142 qui
433 2104 457 2130 a
485 2088 773 2144 Scriptoribus
803 2089 971 2140 divinis,
1001 2091 1049 2130 ut
1078 2088 1217 2142 primo
1247 2088 1329 2129 toti
1358 2087 1571 2129 Ecclesiae
1601 2102 1673 2128 ex-

108 2159 228 2211 arati,
257 2160 320 2201 ita
349 2163 390 2202 et
421 2160 458 2202 ei
487 2161 701 2203 commissi
731 2163 772 2202 et
803 2160 1085 2203 commendati
1115 2162 1225 2211 sunt,
1256 2159 1397 2201 Rom.
1428 2160 1464 2210 3,
1495 2158 1671 2201 21113111

107 2229 160 2272 V.
190 2230 237 2273 T.
267 2231 365 2273 libri
394 2231 538 2283 Mosis‚
569 2232 661 2285 (qui
689 2232 732 2273 in
758 2231 999 2274 Sacrarium
1024 2232 1076 2274 ab
1100 2231 1195 2285 ipso
1221 2231 1341 2282 illati,
1364 2232 1488 2284 juxta
1506 2230 1671 2281 Arcam,

108 2302 250 2344 divino
280 2303 493 2354 mandato,
519 2304 650 2357 positi
673 2303 858 2356 fuerunt,
884 2304 1036 2346 Deut.
1061 2304 1124 2354 31,
1152 2302 1207 2354 2.)
1233 2306 1274 2344 et
1298 2303 1341 2343 in
1368 2301 1506 2352 Novo,
1532 2301 1672 2342 Evan-

110 2373 233 2426 gelia,
272 2389 390 2426 quae,
429 2376 476 2415 ut
514 2375 703 2428 subjecto
744 2376 994 2426 communia,
1025 2375 1085 2416 ita
1115 2375 1287 2424 nullam,
1319 2376 1494 2427 excepto
1524 2371 1671 2422 Lucae,

108 2445 410 2498 particularem
438 2445 759 2499 inscriptionem
783 2462 885 2500 prae
909 2462 952 2488 se
975 2446 1130 2488 ferunt.
1157 2445 1300 2498 Atque
1324 2445 1365 2485 in
1391 2444 1457 2485 liis
1481 2443 1672 2485 veritatis

109 2516 319 2558 salvificae
343 2516 664 2559 fundamentum
693 2520 768 2560 est.

161 2587 277 2629 XIII.
315 2588 499 2631 Mediate
540 2604 636 2631 vero
673 2590 855 2640 illorum,
897 2589 967 2642 qui
997 2590 1048 2631 ab
1078 2588 1337 2630 Auctoribus
1368 2587 1471 2640 ipsis
1501 2586 1670 2639 quidem

110 2659 162 2701 ad
189 2660 467 2713 particulares
497 2661 683 2714 primum
713 2660 881 2711 Gentes,
911 2661 1134 2711 Ecclesias,
1166 2674 1320 2712 easque
1349 2657 1672 2711 augustissimas

111 2732 152 2771 et
194 2731 464 2784 metropoles,
508 2732 574 2773 vel
617 2747 762 2773 earum
803 2732 1032 2774 Antistites
1076 2731 1220 2783 (idque
1261 2729 1509 2783 particulari
1547 2743 1671 2782 saepe

110 2802 341 2854 occasione,
381 2804 402 2844 1
442 2802 551 2844 Cor.
592 2804 628 2854 1,
667 2804 729 2845 11.
768 2806 809 2845 et
846 2803 882 2844 5.
917 2803 953 2844 6.
984 2804 1019 2844 ’7.
1050 2802 1086 2843 8.
1115 2803 1152 2843 9.
1184 2801 1480 2854 capitibus)
1510 2800 1669 2853 scripti,

110 2888 234 2915 usum
261 2874 447 2928 primum
474 2874 715 2916 habuerunt
738 2874 1059 2928 particularem;
1085 2876 1212 2925 atque
1238 2873 1290 2914 ab
1313 2872 1379 2913 his
1402 2887 1488 2913 non
1512 2874 1671 2913 temere

110 2959 181 2986 seu
221 2945 412 2998 fortuito,
453 2946 525 2988 sed
562 2945 768 2999 singulari
805 2946 885 2988 Dei
922 2944 1190 2999 providentia
1228 2943 1354 2996 (quae
1391 2943 1591 2986 Ecclesiis
1621 2943 1670 2983 de
