1931 3224
644 121 708 165 DE
738 121 869 166 GonNA
898 121 1062 166 Donum.
1558 126 1635 168 517

74 263 154 302 pus
183 250 226 289 61
253 247 426 301 sanguis
454 261 584 290 meus.
613 246 727 290 Nam
750 246 811 287 ita
834 246 1018 289 identica
1048 247 1177 289 fuerit
1204 263 1249 290 re
1278 247 1373 302 ipsa
1396 248 1636 290 enunciatio

75 321 118 361 et
160 318 272 372 signi
315 317 488 360 eversio.
532 318 638 360 Aut
681 317 850 360 etiam
891 318 943 360 id
987 319 1128 371 quod
1170 318 1328 372 panis
1367 321 1417 361 et
1456 319 1637 361 vinum

75 391 199 431 ante
229 389 349 430 fuit.
379 388 492 431 Nam
521 389 701 443 prolatis
732 389 901 431 demum
929 390 1082 441 verbis,
1114 405 1164 431 ex
1193 391 1358 444 vulgari
1387 391 1636 435 Pontificio-

73 475 168 502 rum
205 460 428 512 sententia,
467 460 588 514 panis
619 463 660 502 et
688 460 832 501 vinum
861 461 922 512 fit,
955 463 996 502 et
1026 461 1085 503 sic
1116 464 1178 503 est
1208 475 1362 516 corpus
1394 465 1436 504 et
1465 462 1636 517 sanguis

73 531 261 573 Domini.
305 530 396 573 Nec
435 531 615 584 denique
661 532 873 585 species
915 546 1005 573 seu
1047 533 1358 574 accidentia
1399 534 1554 586 panis
1586 536 1636 575 et

71 601 207 654 vini,
245 615 399 654 nempe
439 602 566 653 color,
606 603 722 654 odor,
763 617 902 656 sapor,
931 603 1166 656 figuraque,
1198 603 1287 646 sine
1316 604 1506 657 subjecto
1536 619 1637 658 pro—

71 672 166 726 prio
198 675 240 714 et
267 672 311 714 in
339 687 434 714 aere
461 673 657 726 pendula,
686 688 784 715 nam
813 674 856 715 id
883 689 1030 716 revera
1060 677 1136 726 est,
1166 674 1391 716 veritatem
1414 675 1635 729 signorum

71 745 220 787 tollere
250 746 291 785 et
320 743 592 797 phantastica
621 758 669 786 ac
698 744 906 786 delusoria
935 760 1186 799 supponere.

124 814 273 857 XLIX.
317 814 468 867 Neque
511 829 606 856 cum
648 814 1144 858 Consubstantiatoribus
1182 832 1254 859 seu
1292 816 1635 872 Impanatoribus

71 887 133 940 (in
163 901 290 940 quam
320 886 573 928 sententiam
597 885 850 929 Scholastici
876 887 1127 940 complures,
1153 890 1200 929 ut
1229 887 1381 930 Scotus
1406 891 1448 930 et
1470 888 1634 941 Aliaco,

72 960 150 1001 616.
180 957 397 1009 inclinant,
430 972 522 999 eam
551 957 787 1011 amplexuri
814 958 898 999 nisi
927 972 998 999 eos
1027 957 1321 1000 Lateranensis
1351 959 1524 1013 Synodi,
1556 960 1634 1002 ha-

71 1029 185 1070 bitae
222 1042 333 1070 anno
372 1028 488 1069 1215.
529 1029 761 1070 auctoritas
790 1028 1056 1079 1611111113361;
1087 1029 1195 1070 unde
1226 1031 1267 1070 et
1296 1044 1387 1071 eam
1415 1033 1632 1072 mutuatus

71 1102 133 1142 est
169 1098 399 1152 Lutherus)
440 1114 516 1152 per
544 1099 626 1141 hoc
655 1099 977 1152 significabitur,
1005 1099 1060 1151 in,
1091 1114 1198 1151 cum,
1230 1102 1303 1140 aut
1331 1100 1408 1141 sub
1438 1100 1531 1152 hoc,
1561 1115 1634 1142 seu

68 1170 175 1222 hic,
213 1171 257 1212 id
295 1173 370 1223 est,
408 1171 531 1224 panis
570 1173 611 1212 et
651 1185 816 1223 corpus,
854 1171 1001 1212 vinum
1041 1173 1082 1212 et
1119 1172 1312 1224 sanguis:
1353 1187 1483 1225 quum
1510 1173 1634 1226 panis

68 1257 154 1285 non
193 1242 247 1284 sit
285 1243 552 1296 suscipiendo
593 1243 761 1297 corpori
790 1242 978 1294 idoneus,
1007 1257 1145 1295 neque
1176 1257 1329 1296 corpus
1359 1243 1462 1285 illud
1492 1244 1632 1286 subire

69 1315 218 1368 possit,
246 1317 429 1368 utroque
460 1317 679 1369 compacto
710 1317 752 1356 et
780 1314 1007 1367 inaequali,
1040 1316 1081 1356 et
1109 1314 1254 1356 Vinum
1282 1329 1369 1356 non
1393 1314 1449 1356 sit
1473 1315 1632 1368 aliquid

68 1386 145 1428 sub
185 1400 268 1439 quo
307 1386 423 1428 aliud
451 1385 662 1439 liquidum
690 1386 822 1427 latere
852 1386 1000 1439 possit,
1030 1387 1213 1438 utroque
1244 1401 1319 1428 suo
1348 1386 1531 1428 termino
1561 1387 1631 1428 de-

67 1458 237 1509 fluente,
267 1460 309 1499 et
337 1472 427 1499 sese
456 1457 568 1499 i'nter
597 1472 640 1498 se
671 1457 980 1499 commiscente.
1012 1457 1124 1507 Quin
1154 1457 1267 1510 quod
1289 1456 1358 1498 hic
1382 1472 1468 1498 non
1492 1460 1631 1500 atten-

68 1530 193 1571 datur
228 1528 291 1570 rei
328 1528 405 1570 sub
443 1528 526 1570 alia
566 1528 900 1581 comprehensio,
939 1528 1010 1570 sed
1050 1528 1306 1582 significatio
1339 1530 1380 1569 et
1409 1528 1627 1580 exhibitio,

65 1600 111 1642 id
139 1602 214 1651 est,
243 1614 329 1642 non
357 1600 431 1641 ubi
459 1601 532 1641 aut
561 1599 638 1640 sub
669 1614 752 1652 quo
778 1600 834 1641 sit
859 1614 1012 1652 corpus
1038 1602 1080 1641 et
1106 1600 1278 1653 sanguis
1304 1599 1491 1651 Domini,
1517 1600 1630 1652 quod

68 1674 142 1723 est,
184 1686 234 1712 ex
271 1671 462 1723 subjecto
501 1669 793 1723 praedicatum
823 1672 864 1711 et
893 1670 983 1711 vice
1013 1685 1134 1711 versa
1162 1669 1313 1722 facere,
1344 1670 1416 1711 sed
1445 1670 1546 1723 quid
1575 1670 1629 1712 sit

65 1743 189 1797 panis
221 1745 262 1784 et
289 1742 435 1784 vinum
462 1741 577 1782 illud.

119 1814 164 1856 L.
194 1813 544 1855 Attributum
574 1814 637 1854 est
666 1827 862 1866 corpus
893 1815 943 1854 et
974 1812 1199 1866 sanguis
1224 1811 1460 1865 Christi,
1483 1812 1527 1855 id
1552 1816 1627 1866 est,

67 1886 155 1938 ejus
199 1899 296 1927 caro
340 1887 381 1927 61
425 1899 559 1935 611101,
604 1898 711 1936 quae
748 1885 846 1925 sunt
884 1884 1055 1935 mortui,
1093 1886 1141 1924 111
1180 1885 1244 1925 631
1282 1882 1381 1925 Joh.
1420 1885 1456 1925 6.
1496 1883 1628 1938 Syrus

65 1957 294 2010 utrobique
335 1957 475 1999 reddit
517 1964 664 2012 ΝἾᾸΞ,
708 1970 771 2009 pa
784 1970 900 2011 gra,
943 1955 987 1997 id
1029 1957 1104 2007 631,
1145 1954 1334 1996 cadaver.
1373 1955 1519 2008 Atque
1558 1956 1629 1998 hic

66 2028 237 2081 quidem
267 2028 434 2079 dicitur,
465 2027 805 2070 Testamenti
836 2042 909 2069 3611
936 2026 1210 2068 Foederis.
1240 2026 1514 2069 Testamento
1546 2043 1625 2081 pro

64 2099 232 2141 foedere
266 2114 317 2140 ex
344 2098 460 2141 LXX
487 2099 841 2153 interpretatione
866 2098 1019 2153 posito,
1045 2101 1092 2139 ut
1125 2098 1354 2151 conjugata
1382 2113 1464 2140 vox
1496 2100 1625 2142 διατί-

66 2169 223 2213 θεσθαι
256 2185 335 2223 1110
372 2171 530 2225 pacisci
558 2173 798 2224 usurpatur.
829 2169 927 2212 Luc.
960 2171 1021 2222 22,
1053 2171 1116 2221 29,
1147 2171 1210 2211 30.
1243 2170 1435 2222 quamvis
1463 2170 1533 2212 1116
1562 2170 1626 2211 in-

63 2242 285 2296 telligatur
321 2241 469 2283 foedus
507 2241 814 2292 testamentale,
847 2241 913 2282 cui
941 2240 1111 2293 utrique
1141 2255 1256 2281 111013
1285 2241 1338 2282 ad
1367 2240 1626 2283 confirmati-

65 2327 189 2354 onem
230 2312 451 2366 utriusque
493 2312 730 2365 intercedit,
777 2313 866 2354 illic
907 2312 1104 2354 victimae
1148 2311 1288 2365 (unde,
1332 2312 1456 2364 icere,
1500 2312 1626 2355 ferire

62 2384 211 2425 foedus
238 2383 409 2436 dicitur)
433 2383 503 2426 hic
529 2383 777 2436 Testatoris,
805 2398 888 2436 quo
913 2383 1063 2426 alludit
1086 2383 1321 2437 Apostolus
1345 2383 1476 2425 Hebr.
1503 2384 1540 2434 9,
1562 2384 1624 2425 16.

62 2454 130 2497 Ac
156 2455 303 2507 novi,
334 2455 468 2496 veteri
497 2455 535 2496 ei
564 2454 786 2508 opposito:
816 2455 891 2496 illo
919 2455 1177 2497 consistente
1207 2455 1378 2508 quidem
1405 2456 1450 2496 in
1478 2470 1625 2497 recon-

64 2526 289 2568 ciliatione
312 2526 394 2568 Dei
420 2526 522 2568 irati
550 2529 591 2568 et
618 2526 840 2568 hominum
868 2527 1132 2579 miserorum,
1163 2527 1530 2580 promissioneque
1559 2541 1625 2568 sa-

62 2598 244 2649 lutifera,
274 2613 350 2652 per
381 2597 537 2640 Christi
567 2598 747 2640 exhibiti
775 2598 998 2651 proprium
1030 2598 1290 2651 sanguinem,
1315 2612 1401 2639 non
1426 2597 1624 2650 alienum,

63 2674 112 2713 ut
150 2673 240 2712 erat
277 2669 447 2712 Veteris
486 2669 759 2711 Testamenti.
800 2668 983 2723 Sanguis
1023 2683 1124 2722 ergo
1154 2668 1269 2711 Novi
1300 2668 1414 2710 Test.
1445 2671 1508 2711 est
1539 2683 1623 2722 quo

62 2741 166 2783 illud
202 2743 377 2795 pactum
416 2741 710 2793 sancitnmque
746 2740 838 2782 fuit.
868 2740 952 2782 Vel
980 2739 1187 2783 Novum
1217 2739 1625 2782 Testamentum

62 2813 115 2854 in
154 2812 422 2866 sanguine
462 2810 691 2864 Christi,
729 2814 778 2853 ut
811 2811 944 2853 Lucas
984 2814 1025 2853 et
1062 2810 1218 2853 Paulus
1256 2811 1428 2863 habent,
1466 2811 1622 2863 eadem,

61 2883 106 2924 id
143 2886 218 2936 est,
256 2883 552 2926 Hebraeorum
586 2883 744 2924 usitata
780 2882 1008 2934 locutione,
1048 2882 1200 2935 quibus
1239 2882 1449 2935 particula
1477 2882 1530 2924 in
1558 2882 1623 2924 in-

64 2956 346 2997 strumentum
370 2955 627 3007 modumque
652 2956 786 3005 notat,
813 2953 974 2995 scilicet
998 2953 1204 3006 sanguine
1229 2953 1488 2995 stabilitum:
1515 2968 1622 3005 quae
