1931 3224
565 122 628 164 Dm
655 121 804 164 Diva
833 121 1235 163 PRAEDESTINATIONE.
1600 122 1673 162 231

120 251 182 292 ad
217 249 383 292 vitam
416 250 705 290 aeternam.
745 245 866 288 Rom.
905 246 942 298 8,
976 246 1040 287 29.
1080 245 1220 295 Quos
1249 244 1678 298 praecognovit,

121 335 208 362 eos
253 318 733 373 praedestinavit,
775 320 871 359 etc.
914 332 1046 370 quos
1084 316 1551 370 praedestinavit,
1592 330 1680 357 eos

120 391 350 433 vocavit.
390 389 500 432 Item
535 389 658 431 Rom.
686 389 723 442 9,
756 388 818 429 11.
847 387 1094 430 Nondum
1123 387 1270 428 natis
1298 388 1508 440 pueris,
1539 390 1681 429 ante-

121 476 275 515 quam
304 460 432 503 boni
461 462 551 502 aut
574 459 702 502 mali
728 459 1018 512 quicquam
1043 458 1327 510 fecissent,
1354 460 1449 500 etc.
1476 459 1535 500 sic
1558 458 1680 501 Rom.

121 534 183 586 11,
225 533 262 574 4.
306 532 608 574 Reservavi
645 531 777 573 mihi
817 533 1025 583 septem
1062 529 1261 582 millia,
1302 532 1343 571 et
1382 543 1487 571 vers.
1526 530 1563 571 5.
1601 529 1684 571 Ita

121 605 283 648 etiam
306 619 445 646 nunc
469 602 778 645 reservatio
805 601 1094 643 secundum
1119 600 1442 643 electionem
1469 601 1682 654 gratiae

119 678 266 721 iacta
304 679 405 728 est,
451 678 527 718 etc.
571 675 757 717 Electi
801 687 980 715 sumus
1021 673 1075 714 in
1114 672 1334 715 Christo
1374 676 1496 715 ante
1531 675 1683 726 jacta

119 748 470 791 fundamenta
508 745 690 788 mundi
729 747 1058 790 utesseinus
1097 744 1296 796 sancti,
1335 743 1446 797 Eph.
1487 744 1522 796 1,
1561 744 1600 786 4.
1642 747 1682 786 et

119 820 302 873 plurima
341 819 434 870 alia,
474 818 632 872 passim
668 817 712 857 in
751 806 919 869 scriptis
949 814 1219 868 Propheticis
1250 817 1292 857 et
1319 815 1581 869 Apostolicis
1611 830 1681 858 00-

119 889 351 940 currentia;
382 904 490 942 quae
519 888 645 930 nullis
676 886 996 940 exceptionibus
1026 888 1099 927 aut
1129 886 1484 939 explicationibus
1515 890 1681 930 contra-

117 962 190 1004 riis
240 962 444 1004 hactenus
486 959 735 1002 labefactari
778 960 1023 1012 potuerunt,
1069 957 1194 999 sicuti
1236 957 1358 999 facile
1400 957 1526 999 nobis
1571 960 1680 1000 esset

117 1033 418 1084 demonstrare,
457 1031 491 1072 si
529 1030 642 1072 intra
680 1030 884 1072 The-sium
920 1029 1095 1071 modum
1132 1043 1210 1071 nos
1249 1029 1467 1071 continere
1497 1044 1583 1071 non
1613 1044 1682 1071 00-

119 1118 327 1158 geremur.

170 1174 366 1216 XXXIX.
411 1173 649 1216 Statuimus
696 1187 798 1229 ergo
842 1188 892 1214 ex
931 1172 1084 1215 Sacrae
1122 1172 1369 1226 Scripturae
1406 1172 1602 1225 plurimis
1643 1175 1684 1214 et

118 1245 354 1288 manifestis
389 1245 504 1297 10013,
545 1259 716 1287 causam
754 1260 862 1298 quae
900 1244 1038 1286 Deum
1076 1244 1128 1286 ad
1162 1259 1239 1286 nos
1277 1259 1380 1298 prae
1419 1244 1570 1285 ceteris
1610 1245 1683 1286 eli-

118 1318 277 1374 gendos
316 1317 463 1369 movit,
503 1332 592 1359 esse
621 1317 758 1359 solum
788 1317 877 1370 ejus
906 1316 1223 1370 beneplacitum
1252 1318 1293 1357 et
1321 1315 1556 1357 indebitam
1586 1330 1683 1369 gra-

116 1391 234 1432 tiam.
277 1388 391 1431 Nam
430 1387 725 1429 miseretur
769 1388 921 1441 cujus
961 1387 1278 1438 miseretur,
1319 1389 1370 1428 et
1408 1387 1682 1428 commise-

116 1464 270 1504 ratur
311 1476 461 1514 quem
499 1459 917 1502 commiseratus
946 1458 1140 1510 fuerit,
1170 1457 1293 1500 Rom.
1322 1458 1358 1510 9,
1389 1458 1425 1500 9.
1456 1458 1519 1499 15.
1549 1460 1590 1500 et
1620 1458 1682 1500 16.

115 1532 233 1575 Non
287 1535 368 1574 est
422 1532 689 1582 volentis,
743 1545 836 1572 nec
888 1530 1186 1581 currentis,
1231 1529 1321 1571 sed
1362 1530 1680 1571 miserentis

115 1603 235 1657 Dei,
280 1606 322 1646 et
360 1604 496 1645 denuo
534 1617 641 1644 vers.
679 1602 741 1644 18.
781 1601 942 1655 Cujus
981 1601 1118 1653 vult,
1158 1601 1472 1652 miseretur,
1502 1601 1611 1643 unde
1641 1603 1682 1642 et

115 1690 222 1717 vers.
254 1676 315 1717 11.
346 1675 464 1724 dixit,
500 1674 850 1728 propositum
888 1673 988 1715 hoc
1026 1672 1315 1714 secundum
1355 1672 1681 1714 electionem

114 1761 352 1798 manere,
387 1761 491 1788 non
521 1761 580 1788 ex
610 1745 893 1798 operibus,
924 1745 1012 1786 sed
1041 1759 1100 1786 ex
1129 1745 1382 1796 vocante,
1412 1743 1455 1784 id
1485 1746 1560 1795 est,
1592 1744 1682 1785 sola

114 1817 307 1860 vocantis
342 1817 511 1873 εὐδοκίᾳ,
549 1816 674 1859 sicuti
711 1816 837 1869 hujus
875 1816 991 1857 vocis
1029 1830 1128 1857 usus
1162 1815 1321 1867 ubique
1349 1815 1552 1869 postulat.
1580 1814 1682 1857 Inde

116 1904 285 1943 quoque
314 1888 437 1931 Rom.
468 1889 529 1941 11,
561 1889 597 1930 5.
627 1888 732 1930 haec
762 1887 911 1930 electio
944 1887 1145 1929 electio
1176 1887 1394 1940 gratiae
1425 1886 1680 1940 appellatur,

115 1961 284 2015 etEph.
303 1962 338 2013 1,
355 1960 552 2002 5.Deus
583 1962 634 2001 et
660 1959 824 2001 Pater
848 1959 1068 2002 Domini
1098 1959 1279 2000 nostri
1304 1957 1433 2000 Jesu
1459 1958 1682 2010 Christi,

114 2047 209 2074 nos
246 2032 704 2086 praedestinasse
743 2031 910 2083 dicitur,
948 2031 1002 2072 in
1040 2030 1290 2073 filiorum
1328 2030 1682 2083 adoptionem

113 2118 208 2157 per
250 2102 435 2145 Jesum
470 2102 750 2144 Christum
787 2102 840 2144 in
879 2117 930 2144 se
967 2102 1162 2155 ipsum,
1203 2101 1492 2144 secundum
1528 2101 1683 2143 bene-

114 2175 384 2228 placitum
426 2174 737 2216 voluntatis
782 2189 920 2216 suae.

167 2246 253 2288 XL.
295 2246 387 2289 Nec
425 2249 653 2301 propterea
690 2246 895 2299 sequitur,
934 2245 1043 2287 hane
1084 2244 1164 2287 Dei
1204 2245 1380 2288 εὐδοκίοιν
1414 2245 1482 2287 vel
1508 2245 1683 2288 fatalem

115 2332 203 2359 esse
231 2317 298 2359 vel
326 2317 608 2370 temerariam,
637 2317 680 2358 id
710 2319 785 2369 est,
817 2318 905 2358 sine
936 2319 1050 2358 certa
1079 2316 1245 2358 ratione
1273 2317 1442 2369 iactam,
1474 2318 1572 2370 quia
1602 2317 1681 2359 Dei

113 2388 310 2430 voluntas
337 2403 554 2441 nunquam
586 2403 610 2430 a
639 2403 714 2430 sua
744 2388 965 2442 sapientia,
995 2403 1043 2429 ac
1073 2388 1250 2441 proinde
1278 2403 1355 2430 nec
1384 2403 1407 2430 a
1435 2391 1551 2430 recta
1579 2388 1681 2430 rati-

115 2475 194 2502 one
238 2462 301 2502 est
342 2461 544 2513 sejuncta,
584 2460 657 2502 sed
696 2475 792 2501 011111
829 2474 877 2500 ea
915 2474 1082 2513 semper
1118 2460 1347 2514 conspirat,
1378 2459 1456 2501 etsi
1485 2460 1608 2501 nobis
1637 2459 1681 2500 in

114 2530 204 2572 sola
233 2530 315 2572 Dei
342 2530 528 2584 benigna
557 2545 661 2587 erga
688 2546 766 2573 nos
794 2531 1014 2573 voluntate
1048 2531 1103 2572 sit
1133 2531 1495 2584 acquiescendum.
1526 2530 1681 2580 Quem-

114 2602 342 2644 admodum
383 2601 426 2643 id
467 2603 581 2643 recte
623 2602 675 2644 ab
720 2601 962 2655 Augustino
1010 2605 1207 2644 monetur
1254 2602 1376 2655 epist.
1417 2602 1503 2644 105.
1545 2602 1680 2651 Quia

113 2675 372 2716 universa
410 2673 526 2715 ista
563 2688 736 2715 massa
763 2675 961 2717 merito
992 2675 1245 2716 damnata
1275 2676 1374 2725 est,
1407 2675 1681 2716 contume-

114 2746 241 2787 liam
279 2744 522 2787 debitam
558 2744 742 2785 reddit
774 2746 1022 2797 justitia,
1052 2745 1313 2786 honorem
1342 2745 1507 2787 donat
1536 2745 1680 2787 inde-

112 2816 283 2858 bitum
333 2815 535 2869 gratia,
586 2828 689 2856 non
740 2815 924 2857 meriti
967 2815 1380 2869 praerogativa,
1421 2831 1530 2858 non
1573 2816 1678 2858 fati

113 2887 472 2939 necessitate,
523 2900 625 2928 non
679 2886 997 2928 temeritate
1038 2886 1312 2939 fortunae,
1356 2886 1445 2928 sed
1489 2887 1677 2929 altitu-

114 2960 237 3002 dine
276 2959 597 3002 divitiarum
637 2957 949 3011 sapientiae
988 2959 1038 3000 et
1074 2957 1345 2999 scientiae
1374 2957 1493 3014 Dei,
1526 2972 1676 3010 quam
