1931 3224
249 158 327 199 222
811 159 1053 202 DISPUTATIO
1081 159 1239 202 XXIV.

295 280 369 323 IV.
399 280 590 324 Sumitur
618 285 759 325 autem
787 283 892 325 haec
921 284 1321 337 praedestinationis
1353 299 1448 337 vox,
1476 285 1542 327 vel
1566 287 1804 339 generalius

245 353 294 395 de
323 353 561 395 actionibus
591 354 755 396 divinae
784 354 1089 407 providentiae,
1119 357 1208 396 tam
1238 355 1283 396 in
1311 355 1425 397 bono
1457 370 1584 409 quam
1611 356 1657 398 in
1679 358 1804 411 malo,

243 426 291 465 ut
333 424 474 465 videre
518 428 593 477 est,
636 425 732 467 Act.
774 426 812 477 4,
856 425 918 466 28.
964 428 1006 467 et
1049 427 1070 467 1
1103 425 1196 467 Cor.
1231 426 1267 478 2,
1298 426 1333 468 7.
1362 426 1429 468 vel
1459 427 1509 469 de
1539 427 1805 507 ordinatione

242 509 519 548 personarum
548 496 600 537 ad
632 499 793 538 certum
824 498 865 537 et
895 497 1262 550 supernaturalem
1291 497 1430 540 finem.

295 565 346 607 V.
376 565 610 608 Posteriori
638 567 762 609 modo
795 566 940 619 (sicuti
969 570 1010 609 et
1033 583 1110 610 nos
1136 568 1206 610 1110
1233 569 1456 622 sumimus)
1472 570 1689 612 intellecta
1705 585 1804 623 vox,

240 637 284 677 in
313 636 441 679 Sacra
466 637 688 691 Scriptura
716 636 830 679 Novi
860 637 1134 692 Testamenti,
1162 655 1248 681 non
1277 641 1360 682 nisi
1390 641 1440 682 de.
1474 642 1663 695 gratuito
1699 642 1805 684 elec-

240 708 369 749 tionis
408 708 574 750 decreto
612 712 853 762 usurpatur,
894 710 993 762 quia
1028 712 1168 752 totum
1198 711 1280 753 1100
1311 715 1699 765 quantumcumque
1728 716 1804 766 est,

240 778 327 819 sive
364 779 503 820 media
542 780 629 821 sive
666 779 793 821 finem
822 783 1073 833 spectemus,
1105 797 1128 823 a
1157 782 1287 824 solius
1314 781 1397 824 Dei
1426 783 1691 827 misericordi
1720 784 1804 827 dis-

239 850 452 902 positione
482 852 609 902 atque
635 850 822 892 efficacia
850 852 1018 904 pendet.

291 919 364 961 VI.
403 920 606 962 Fatemur
643 921 826 973 interim,
857 937 907 964 ex
937 924 1151 966 communi
1179 939 1259 965 usu
1287 924 1522 978 Augustini
1551 928 1592 967 et
1622 926 1803 969 aliorum

238 992 427 1032 veterum
468 992 737 1044 scriptorum,
783 995 910 1046 atque
955 995 1152 1048 analogia
1196 995 1278 1037 loci
1320 995 1416 1038 Act.
1459 998 1496 1049 4,
1541 998 1604 1039 28.
1649 1013 1804 1040 nomen

237 1063 636 1116 praedestinationis
674 1066 762 1105 tam
800 1065 849 1106 de
888 1066 1191 1119 reprobatione
1230 1082 1358 1120 quam
1382 1068 1432 1110 de
1462 1069 1664 1111 electione
1691 1072 1804 1112 recte

238 1135 455 1188 usurpari3
496 1149 583 1176 11011
624 1138 766 1177 tamen
808 1139 1029 1189 tamquam
1067 1153 1199 1192 genus
1228 1154 1305 1192 per
1335 1140 1476 1181 omnia
1506 1155 1802 1194 synonymum,

239 1205 311 1246 sed
340 1206 568 1260 analogum
596 1209 775 1259 tantum,
807 1208 906 1260 quia
936 1209 1036 1250 licet
1065 1210 1381 1264 reprobationis
1411 1213 1529 1253 actus
1560 1213 1616 1253 sit
1644 1226 1669 1252 a
1696 1211 1801 1264 Deo,

238 1279 380 1319 tamen
420 1278 562 1320 omnia
599 1279 708 1320 circa
746 1293 853 1332 quae
889 1279 1135 1332 reprobatio
1174 1284 1380 1334 versatur,
1420 1297 1471 1324 ex
1499 1283 1803 1336 reprobatione

238 1363 323 1390 non
352 1351 461 1400 sunt,
490 1351 538 1390 ut
565 1350 610 1391 in
640 1350 913 1403 sequentibus
943 1351 1095 1393 clarius
1124 1352 1348 1394 videbitur.

290 1418 385 1461 VII.
415 1419 533 1461 Haec
563 1420 705 1462 divina
735 1421 1070 1474 praedestinatio
1101 1423 1229 1464 etiam
1257 1424 1448 1477 Angelos
1478 1425 1666 1478 respicit,
1697 1440 1802 1478 quo-

236 1505 330 1532 rum
359 1491 491 1544 aliqui
521 1492 687 1534 electi
714 1495 932 1546 vocantur,
964 1494 985 1534 1
1018 1493 1126 1535 Tim.
1156 1495 1192 1546 5,
1223 1495 1286 1537 21.
1316 1495 1471 1548 reliqui
1499 1511 1599 1538 vero
1628 1498 1803 1538 aeter-

235 1562 317 1605 nis
358 1563 600 1604 vinculis
645 1563 706 1604 ad
743 1564 1012 1617 judicium
1052 1566 1232 1618 magni
1273 1566 1382 1607 diei
1426 1567 1519 1608 sub
1560 1566 1801 1620 caligine

237 1632 434 1674 dicuntur
459 1635 688 1687 servari,
717 1633 814 1677 Jud.
839 1651 876 1677 v.
902 1637 939 1677 6.
964 1635 1057 1678 Nos
1082 1651 1182 1678 vero
1207 1637 1257 1679 de
1271 1637 1494 1680 hominum
1509 1639 1801 1692 praedestina-

234 1704 351 1746 tione
387 1705 458 1746 hic
496 1708 664 1747 tantum
702 1722 888 1760 agemus,
926 1707 1026 1760 quia
1055 1707 1162 1750 haec
1190 1708 1426 1750 Ecclesiam
1453 1708 1612 1751 Christi
1640 1709 1800 1763 peculi-

236 1775 366 1816 ariter
412 1779 588 1830 spectat,
628 1780 670 1819 et
708 1777 837 1821 Sacra
875 1778 1097 1832 Scriptura
1136 1779 1186 1820 de
1223 1779 1297 1821 illa
1333 1779 1601 1833 frequentius
1642 1796 1690 1823 ac
1729 1795 1799 1823 co-

235 1846 398 1899 piosius
428 1848 530 1900 agit.

287 1916 403 1959 VIII.
433 1917 495 1960 Ut
524 1921 667 1961 autem
695 1922 787 1962 tota
813 1920 919 1962 haec
947 1921 1152 1974 doctrina,
1182 1925 1388 1975 quantum
1417 1923 1608 1965 sufficere
1634 1924 1798 1977 judica-

234 2002 339 2040 mUS,
379 2003 403 2029 a
438 1989 562 2031 nobis
599 1993 895 2044 pertractetur,
934 1992 1074 2045 primo
1105 1993 1325 2035 electionis
1354 1995 1546 2046 materia,
1576 1994 1724 2036 deinde
1754 1997 1796 2036 et

234 2059 548 2112 reprobationis
576 2063 800 2116 negotium
829 2078 852 2104 a
879 2063 1004 2105 nobis
1035 2064 1181 2106 ordine
1211 2065 1504 2118 explicabitur.

694 2275 794 2322 DE
841 2275 1334 2325 ELECTIONE.

284 2421 356 2464 IX.
406 2422 571 2466 Electio
616 2423 772 2467 Graece
817 2426 964 2477 ἐκλογὴ
1007 2441 1057 2468 ex
1099 2427 1214 2468 vocis
1257 2426 1404 2469 nativa
1444 2427 1709 2481 proprietate
1752 2429 1794 2469 et

234 2495 447 2536 communi
497 2510 588 2547 usu,
641 2496 912 2538 selectionem
955 2498 1195 2550 aliquorum
1238 2513 1341 2552 prae
1384 2498 1477 2540 aliis
1521 2501 1563 2540 et
1606 2513 1655 2540 ex
1699 2498 1793 2553 aliis

232 2567 375 2614 notat,
403 2565 513 2607 unde
543 2561 592 2608 et>
615 2567 737 2609 electi
767 2568 964 2609 dicuntur
994 2569 1067 2622 qui
1095 2570 1147 2611 ad
1178 2585 1330 2611 munus
1361 2569 1534 2622 aliquod
1562 2568 1792 2610 Politicum

234 2637 306 2676 aut
333 2635 679 2680 Ecclesiasticum
708 2639 853 2681 selecti
883 2642 991 2691 sunt,
1023 2641 1043 2681 1
1076 2640 1187 2683 Sam.
1219 2642 1280 2693 10,
1310 2641 1373 2682 24.
1404 2640 1501 2682 Luc.
1532 2641 1568 2692 6,
1600 2640 1661 2682 13.
1686 2640 1791 2682 item

233 2707 418 2760 populus
459 2709 611 2762 aliquis
639 2710 683 2751 in
713 2713 931 2752 externam
958 2711 1193 2754 Ecclesiam
1221 2728 1245 2754 a
1273 2712 1365 2754 Deo
1395 2727 1496 2766 prae
1525 2711 1619 2753 aliis
1649 2725 1791 2764 segre-

233 2779 370 2829 gatus,
413 2781 460 2820 ut
501 2779 627 2822 Deut.
664 2781 702 2833 4,
740 2781 803 2822 37.
843 2781 863 2822 1
905 2780 997 2823 Cor.
1038 2782 1072 2834 1,
1101 2783 1165 2824 27.
1195 2782 1312 2836 Ergo
1343 2785 1385 2824 et
1412 2782 1486 2824 illa
1515 2781 1677 2834 electio,
1708 2796 1791 2835 qua

233 2847 305 2888 alii
342 2864 442 2901 prae
479 2851 572 2892 aliis
610 2852 661 2894 ad
699 2854 911 2894 aeternam
952 2852 1131 2895 salutem
1159 2853 1284 2896 electi
1313 2854 1522 2905 dicuntur,
1552 2867 1639 2895 non
1667 2840 1790 2894 aliter

231 2916 506 2972 intelligenda
544 2924 618 2963 est.
658 2922 1021 2971 Quemadmodum
1054 2923 1247 2966 Christus
1276 2926 1470 2976 testatur,
1498 2923 1602 2965 Mat.
1633 2924 1696 2976 20,
1726 2925 1788 2965 16.

231 2987 393 3031 Multi
423 2993 626 3045 vocati,
656 2994 747 3036 sed
774 2994 934 3047 pauci
965 2994 1152 3048 electi,
1185 2998 1227 3037 et
1254 2995 1490 3049 Apostolus
1518 2994 1641 3037 Rom.
1672 2995 1788 3048 11,7.
