1931 3224
288 154 361 194 126
873 150 1115 191 DISPUTA'rio
1148 148 1241 190 XV.

285 276 373 317 sine
424 275 596 317 crimine
644 275 899 316 nesciuntur.
943 272 992 314 In
1035 273 1281 327 quaestione
1322 287 1434 324 vero,
1479 287 1531 314 an
1576 273 1630 315 ab
1671 273 1837 317 Adamo

284 350 462 398 tantum,
493 362 546 387 an
576 346 703 388 etiam
733 346 785 388 ab
813 345 904 387 Eva
934 344 1147 386 derivetur
1175 344 1219 385 in
1247 346 1442 397 posteros
1472 347 1705 397 peccatum,
1730 346 1839 388 exis-

284 418 482 460 timamus
507 433 603 461 vere
628 417 871 473 responderi
895 430 1034 469 posse,
1060 416 1112 457 ab
1136 415 1301 457 Adamo
1327 415 1599 469 potissimum
1619 418 1840 470 tamquam

284 504 307 530 a
346 490 484 542 capite
523 492 564 530 et
602 488 813 542 principio
844 486 1129 541 generationis
1159 486 1312 537 activo,
1343 500 1476 539 eoque
1506 487 1645 540 capite
1674 488 1840 541 generis

283 560 469 612 humani,
498 575 582 602 non
611 562 777 601 tantum
807 558 993 600 naturali
1022 560 1062 599 et
1091 558 1269 611 politico
1298 558 1437 609 modo,
1468 558 1539 599 sed
1564 559 1609 600 in
1632 559 1684 600 iis
1710 560 1838 602 etiam

283 647 389 684 quae
432 632 482 672 ad
525 629 862 684 supernaturalia
904 628 1068 682 gratiae
1105 628 1215 670 dona
1255 627 1589 682 felicitatemque
1629 633 1839 685 spectant,

282 702 602 755 supernaturali,
642 701 888 754 procedere;
931 703 976 741 ut
1015 700 1128 752 quod
1164 699 1277 752 fecit,
1316 700 1359 741 id
1396 715 1474 742 nos
1515 716 1660 744 omnes
1688 702 1838 746 fecisse

281 788 535 814 censeamur.
574 772 655 814 Sed
694 773 792 825 quia
830 771 1047 825 generatio
1085 786 1171 813 non
1211 771 1300 813 sine
1329 771 1506 814 muliere
1535 773 1755 826 perficitur
1787 789 1838 816 ex

281 845 425 886 ordine
461 846 649 895 naturae,
688 846 729 885 et
766 845 944 896 uterque
981 857 1134 896 parens
1173 842 1267 884 labe
1306 842 1379 884 illa
1408 845 1450 884 et
1478 843 1576 885 tabe
1603 845 1838 887 maculatus

279 915 373 967 fuit,
401 915 515 957 Evae
545 930 714 968 quoque
743 915 787 956 in
816 929 863 956 ea
892 914 1207 968 propagatione
1236 913 1349 966 mali,
1377 929 1473 956 suas
1504 917 1660 969 partes,
1687 916 1838 959 saltem

279 987 560 1037 secundarias,
590 986 829 1028 tribuimus,

331 1056 487 1099 XVIII.
535 1057 639 1099 Cum
682 1059 823 1099 autem
865 1056 1074 1099 Dominus
1116 1060 1261 1100 noster
1303 1056 1331 1099 J
1334 1072 1429 1099 esus
1472 1057 1665 1101 Christus
1707 1059 1836 1102 homo

278 1129 425 1181 factus,
455 1130 554 1171 licet
582 1129 803 1171 materian]
833 1129 1023 1183 corporis
1054 1129 1119 1170 sui
1148 1144 1198 1171 ex
1227 1129 1352 1171 beata
1380 1129 1560 1183 Virgine
1589 1131 1642 1173 ab
1670 1131 1836 1174 Adamo

279 1201 555 1242 descendente
581 1201 824 1254 susceperit,
851 1214 1003 1253 corpus
1029 1202 1172 1242 tamen
1197 1215 1283 1243 non
1308 1201 1584 1257 assumpserit
1608 1201 1837 1245 formatum

278 1272 415 1314 activa
459 1272 628 1314 seminis
671 1273 839 1324 virtute,
885 1272 955 1314 sed
996 1272 1037 1314 vi
1079 1271 1265 1326 Spiritus
1305 1272 1463 1325 Sancti,
1505 1274 1579 1327 qui
1613 1276 1837 1317 materiam

276 1343 392 1385 illam
431 1344 638 1398 disposuit
677 1347 718 1386 et
758 1344 1056 1394 sanctificavit3
1095 1343 1195 1386 hinc
1234 1344 1395 1386 factum
1434 1347 1509 1397 est,
1540 1347 1588 1387 ut
1616 1348 1837 1399 peccatum

280 1415 484 1468 originale
522 1430 607 1457 non
648 1416 919 1467 contraxerit,
958 1417 1006 1456 ut
1044 1415 1181 1456 talis
1221 1418 1387 1468 esset,
1419 1415 1604 1468 qualis
1632 1431 1728 1458 nos
1757 1417 1836 1459 de-

278 1487 432 1529 cebat
468 1486 748 1539 Pontifex,
787 1489 1034 1538 sanctus,
1075 1486 1189 1528 sine
1228 1486 1394 1538 vitio,
1433 1487 1547 1529 sine
1583 1487 1726 1540 labe,
1765 1503 1836 1531 se-

276 1560 538 1611 gregatus
567 1573 591 1599 a
615 1558 1029 1612 peccatoribus,
1055 1560 1105 1600 et
1130 1558 1421 1600 sublimior
1447 1558 1616 1601 coelis
1640 1559 1835 1613 factus,

274 1628 404 1671 Hebr.
435 1629 470 1670 7.
500 1630 562 1671 26.

326 1699 439 1742 XIX.
482 1700 565 1742 Hic
602 1700 877 1743 miraculosus
917 1701 1207 1754 conceptionis
1247 1701 1397 1743 modus
1436 1715 1530 1743 cum
1570 1701 1626 1744 sit
1667 1701 1835 1745 Christo

274 1772 483 1825 proprius,
514 1774 555 1813 et
584 1772 805 1813 hominum
833 1772 992 1814 nemini
1020 1774 1190 1826 praeter
1220 1787 1315 1814 eum
1346 1772 1591 1827 contigerit,
1621 1775 1833 1817 neminem

275 1842 402 1884 etiam
441 1842 572 1884 alium
610 1859 634 1884 a
670 1844 835 1897 peccati
873 1844 1094 1898 originalis
1135 1844 1230 1886 labe
1272 1844 1508 1895 eximimus,
1545 1860 1598 1887 ne
1636 1846 1834 1888 eximiam

275 1913 443 1966 quidem
485 1929 533 1956 ac
578 1914 747 1956 beatam
791 1914 1016 1970 Virginem
1064 1915 1262 1965 Θεοτόκον,
1304 1931 1431 1969 quam
1462 1931 1557 1958 cum
1584 1916 1849 1972 Epiphanio*

274 1998 500 2036 censemus,
539 1999 642 2026 non
682 1986 922 2039 genitam
960 2002 1078 2029 esse
1115 1990 1338 2041 praeter
1374 1988 1652 2030 hominum
1680 1992 1832 2031 natu-

273 2070 401 2107 ram,
446 2056 535 2097 sed
577 2057 718 2098 sicut
762 2073 940 2100 omnes
984 2074 1043 2101 ex
1083 2059 1284 2102 semiue
1321 2060 1449 2112 viri,
1490 2063 1539 2102 et
1578 2076 1637 2102 ex
1674 2063 1830 2103 utero

274 2126 539 2178 mulieris,
583 2131 730 2170 contra
769 2128 968 2183 Collyrid.
1008 2129 1183 2172 Haeres.
1224 2131 1287 2173 79,
1326 2147 1374 2173 ac
1407 2131 1586 2185 proinde
1618 2132 1831 2174 communi

270 2198 356 2250 legi
391 2198 520 2240 fuisse
560 2200 799 2253 obnoxiam,
843 2217 937 2243 cum
968 2216 1076 2256 opus
1105 2202 1304 2244 habuerit
1333 2202 1617 2258 Redemptore
1646 2202 1829 2255 Christo,

273 2283 397 2320 quem
433 2273 690 2314 servatorem
729 2288 851 2314 suum
889 2274 1077 2328 agnovit,
1115 2273 1213 2317 Luc.
1254 2275 1290 2327 1,
1329 2275 1392 2317 47.
1425 2275 1636 2317 aerumnis
1665 2277 1707 2317 et
1734 2278 1829 2317 tan-

272 2339 366 2381 dem
403 2343 532 2383 morti
568 2344 758 2396 corporis
796 2344 980 2387 obnoxia
1017 2342 1159 2398 fuerit,
1201 2348 1242 2387 et
1280 2346 1391 2388 inter
1429 2361 1552 2388 OMNES
1580 2346 1680 2388 illos
1707 2361 1828 2400 repe-

270 2409 403 2452 riatur
442 2413 593 2465 quiin
621 2414 822 2457 Adamo
851 2419 1246 2470 peccaverunt,
1276 2420 1326 2459 et
1354 2419 1444 2470 qui
1473 2417 1674 2460 mortui
1704 2419 1828 2459 sunt

274 2495 472 2536 omnes,
516 2499 607 2539 pro
647 2486 842 2538 quibus
883 2488 1130 2530 omnibus
1167 2491 1412 2531 mortuus
1443 2492 1524 2531 est
1552 2488 1826 2543 Christus,

272 2552 392 2595 Rom.
421 2555 458 2606 5,
489 2555 550 2597 12.
580 2557 604 2597 2
633 2556 724 2599 Cor.
755 2558 792 2609 5,
823 2559 885 2600 15.

323 2624 415 2666 ΧΧ.
445 2625 548 2668 Cum
576 2627 619 2668 id
645 2628 694 2669 de
724 2627 772 2669 B.
801 2628 992 2683 Virgine,
1020 2631 1125 2673 citra
1149 2632 1237 2684 ejus
1263 2632 1561 2674 contumeliam
1583 2632 1825 2683 sentiamus,

272 2695 383 2737 absit
420 2700 466 2739 ut
504 2698 688 2752 cuipiam
726 2700 851 2742 alteri
887 2701 968 2743 hoc
997 2702 1270 2756 privilegium
1300 2703 1671 2755 communicemus,
1711 2703 1825 2755 quod.

272 2765 338 2807 vel
374 2768 636 2821 concipiatur
674 2770 739 2812 vel
775 2774 972 2813 nascatur
1010 2772 1099 2814 sine
1137 2774 1336 2828 originali
1372 2776 1558 2828 peccato.
1596 2773 1644 2816 [d
1681 2776 1824 2816 tamen

273 2836 642 2883 calumniosissime
666 2843 824 2884 nostris
848 2842 1060 2896 affingunt
1083 2843 1301 2887 Pontificii
1325 2848 1367 2888 et
1389 2844 1824 2896 Pseudo-Lutherani‚

274 2908 395 2960 quasi
432 2909 629 2953 docerent
665 2913 805 2955 nullos
841 2913 953 2956 filios
982 2914 1169 2957 fidelium
1198 2919 1420 2969 peccatum
1446 2917 1529 2959 hoc
1558 2916 1822 2968 contrahere,

272 2979 350 3020 etsi
392 2982 648 3023 contrarium
686 2984 930 3037 saepissime
969 2989 1159 3037 asserant
1197 2987 1351 3039 quibus
1379 2987 1421 3030 id
1451 2987 1683 3041 affingitur.
1713 2987 1823 3030 Con-
