1931 3224
607 111 671 152 DE
699 110 880 152 PEccATo
912 107 1136 150 ORIGINALI.
1577 104 1652 145 127

92 238 310 291 sequentia
330 238 485 288 autem,
511 250 639 289 quam
661 237 837 277 nectunt
863 249 911 276 eo
936 232 1050 286 quod
1073 231 1184 273 filios
1208 229 1395 271 fidelium
1417 229 1462 270 in
1481 227 1650 270 foedere

93 324 260 352 censere
299 309 508 360 docemus,
549 308 622 360 qui
658 308 888 361 propterea
917 304 1053 347 sancti
1083 303 1279 345 dicuntur
1309 304 1351 343 et
1380 303 1491 352 sunt,
1519 299 1655 341 futilis

94 383 158 423 est
187 383 229 422 et
258 379 470 433 captiosa3
499 393 576 421 nec
607 379 720 420 enim
750 377 953 430 sequitur,
984 376 1019 417 si
1044 377 1187 417 reatus
1209 373 1374 427 peccati
1388 372 1494 426 ipsis
1510 371 1656 413 remit-

93 454 210 493 tatur
247 466 323 505 per
361 448 556 504 gratiam,
587 452 809 504 peccatum
839 463 909 490 eos
938 462 1024 490 non
1054 445 1314 488 contraxisse
1342 459 1419 497 per
1446 444 1655 484 naturam.

93 523 226 574 Adde,
258 522 371 575 quod
397 524 571 564 externa
599 521 672 562 illa
701 521 745 562 in
774 519 943 562 foedere
973 517 1162 560 recensio
1194 517 1235 558 et
1262 514 1554 564 sanctificatio,
1579 513 1657 554 etsi

95 595 281 647 aliquam
318 594 565 636 societatem
604 608 698 635 cum
733 592 909 634 ecclesia
936 589 1103 638 inferat,
1133 591 1174 630 et
1202 589 1246 629 in
1274 588 1441 629 interna
1471 584 1657 627 sanctifi-

95 667 261 708 catione
298 665 405 708 bene
444 679 614 719 sperare
649 679 726 706 nos
759 663 909 716 jubeat
946 677 996 704 ex
1028 660 1242 715 probabili
1280 658 1464 712 quodam
1501 656 1657 698 indicio

96 737 261 779 divinae
311 736 645 787 benevolentiae,
696 749 782 776 non
832 736 975 775 tamen
1027 734 1184 774 certam
1224 731 1350 772 fidem
1390 729 1492 771 facit
1536 742 1659 770 verae

91 808 408 861 justificationis
447 810 489 850 et
525 805 859 860 regenerationis
900 804 1089 846 omnium
1129 805 1170 844 et
1209 802 1474 855 singulorum
1508 800 1581 852 qui
1609 814 1660 841 ex

96 879 180 932 piis
208 878 455 934 parentibus
485 878 695 932 originem
725 877 895 929 ducunt,
926 891 1020 918 cum
1047 874 1205 917 habeat
1230 873 1345 915 Deus
1370 887 1445 914 sua
1472 871 1660 925 particu-

95 951 200 992 laria
224 950 383 1004 judicia
412 950 495 1003 ipsi
523 949 813 1002 relinquenda.

151 1021 265 1063 XXI.
291 1021 465 1074 Alioqui
490 1021 524 1062 si
548 1023 746 1062 naturam
771 1022 1021 1073 spectemus,
1048 1017 1268 1069 eredimus,
1293 1015 1510 1058 hominem
1533 1015 1663 1057 etiam

98 1093 350 1146 regenitum,
388 1092 554 1146 prolem
593 1107 795 1146 generare
824 1106 911 1133 non
939 1090 1169 1132 secundum
1198 1088 1312 1142 quod
1339 1087 1555 1141 regenitus
1586 1087 1662 1137 est,

99 1163 172 1205 sed
200 1164 431 1206 secundum
459 1179 638 1216 carnem,
670 1164 765 1205 ideo
796 1163 961 1216 prolem
991 1162 1108 1204 nasci
1134 1160 1436 1215 peccatricem;
1463 1156 1663 1211 quemad-

101 1235 274 1277 modum
305 1251 355 1279 ex
385 1239 562 1289 parente
592 1236 854 1287 circumciso,
885 1235 1078 1288 generari
1107 1233 1251 1287 potuit
1280 1232 1392 1274 filius
1423 1246 1518 1273 cum
1541 1244 1663 1284 prae-

100 1307 236 1360 putio,
274 1309 314 1349 et
347 1322 397 1349 ex
427 1322 560 1360 grano
595 1309 794 1360 purgato,
826 1321 1006 1360 granum
1036 1321 1131 1347 cum
1160 1305 1317 1358 gluma,
1349 1304 1449 1357 quia
1477 1317 1563 1344 non
1592 1316 1664 1355 ge-

99 1379 276 1430 neratio,
318 1379 391 1420 sed
428 1379 710 1432 regeneratio,
749 1378 853 1419 facit
892 1377 1172 1428 Christianos,
1201 1378 1243 1417 et
1273 1391 1296 1417 a
1325 1374 1512 1428 peccatis
1540 1387 1663 1415 nemo

104 1450 327 1502 nascendo,
368 1450 440 1492 sed
478 1450 736 1492 renascendo
780 1449 1022 1490 mundatur.
1066 1448 1199 1499 Adde,
1243 1446 1358 1499 quod
1395 1447 1542 1487 nostra
1572 1459 1665 1485 sen-

103 1522 251 1573 tentia,
303 1523 526 1574 peccatum
574 1521 680 1562 illud
720 1521 764 1562 in
806 1520 1011 1574 regenitis
1056 1534 1105 1561 ex
1148 1520 1274 1572 parte
1315 1518 1543 1568 remaneat,
1587 1515 1667 1557 etsi

105 1595 249 1635 reatus
279 1593 472 1635 sublatus
502 1593 568 1645 sit,
599 1594 647 1633 ut
675 1591 785 1633 infra
815 1591 989 1633 dicetur.

158 1663 294 1706 XXII.
332 1664 391 1705 Et
427 1663 534 1705 haec
574 1663 744 1716 quidem
782 1663 832 1704 de
872 1662 1050 1704 materia
1090 1662 1257 1715 peccati
1296 1659 1528 1714 originalis,
1560 1673 1667 1711 quae

106 1735 285 1789 subjecti
325 1735 573 1788 κατηγορίαις
604 1735 814 1777 rationem
850 1735 981 1776 habet
1019 1734 1300 1776 communiter
1338 1733 1520 1785 sumpta,
1560 1744 1667 1782 quae

104 1808 150 1849 in
189 1807 433 1849 definitione
470 1806 538 1848 his
576 1807 715 1849 verbis
753 1805 1204 1860 comprehendebatur,
1244 1804 1475 1846 omnium
1503 1801 1668 1843 homi-

105 1894 228 1920 num
263 1878 510 1920 naturali
547 1878 700 1920 modo
743 1878 804 1919 ab
842 1878 1042 1919 Adamo
1082 1878 1530 1930 propagatorum.
1560 1871 1668 1914 Sub-

103 1951 265 2003 jectum
302 1953 444 1992 autem
471 1949 674 2003 ὑποέρξεως
712 1950 779 1991 vel
815 1949 1089 2001 inhaesionis,
1129 1948 1299 2002 quando
1338 1948 1561 2000 peccatum
1587 1944 1671 1985 hoc

108 2021 398 2063 consideratur
439 2036 525 2063 non
564 2023 760 2074 respectu
796 2021 930 2063 totius
971 2020 1129 2073 speciei
1169 2019 1219 2061 de
1260 2034 1344 2071 qua
1390 2016 1669 2070 praedicatur,

109 2092 181 2134 sed
215 2092 434 2144 individui,
474 2092 542 2134 cui
580 2093 825 2146 agnascitur
863 2094 904 2134 et
941 2091 1155 2140 inhaeret;
1194 2092 1259 2132 est
1295 2103 1381 2131 non
1418 2088 1556 2130 solum
1595 2086 1672 2128 ho-

108 2164 234 2205 minis
268 2179 434 2217 corpus,
471 2178 608 2217 neque
647 2164 737 2206 sola
776 2164 928 2215 anima,
969 2163 1042 2205 sed
1079 2177 1233 2216 corpus
1272 2164 1313 2203 et
1355 2161 1495 2203 anima
1532 2159 1669 2209 simul,

110 2235 299 2288 adeoque
350 2234 479 2277 homo
530 2237 648 2277 totus
692 2238 889 2288 quantus,
934 2234 1164 2277 secundum
1207 2248 1352 2275 omnes
1396 2232 1588 2285 corporis
1633 2232 1674 2272 et

111 2307 276 2348 animae
305 2305 543 2358 facultates,
574 2306 803 2348 secundum
832 2321 874 2348 se
903 2308 1056 2358 totum,
1086 2308 1127 2348 et
1156 2307 1298 2347 totum
1326 2304 1410 2346 sui:
1440 2304 1501 2345 ita
1531 2305 1674 2345 tamen

110 2381 158 2419 ut
196 2377 336 2419 anima
374 2378 602 2431 praecipue
640 2378 878 2430 subjectum
907 2378 974 2429 sit,
1004 2380 1225 2430 tamquam
1253 2376 1515 2430 principium
1543 2376 1673 2425 actus,

111 2464 265 2502 corpus
284 2464 379 2491 vero
397 2464 480 2502 qua
494 2450 825 2491 instrumentum
840 2464 923 2502 quo
941 2450 1044 2503 agit.
1059 2448 1172 2491 Hinc
1189 2450 1251 2490 est
1267 2448 1380 2501 quod
1395 2448 1439 2488 in
1454 2446 1677 2499 Scriptura

111 2521 364 2563 describitur
400 2535 477 2574 per
514 2521 763 2562 coecitatem
801 2521 968 2572 mentis,
1008 2520 1218 2562 malitiam
1257 2518 1407 2570 cordis,
1447 2517 1678 2571 ἀχρηστίαν

113 2593 305 2647 corporis
335 2595 377 2634 et
408 2593 596 2635 omnium
623 2592 921 2644 membrorum,
954 2593 974 2634 1
1006 2591 1098 2634 Cor.
1129 2593 1166 2643 2,
1198 2592 1258 2632 14.
1284 2590 1396 2644 Eph.
1420 2590 1458 2641 4,
1485 2589 1546 2630 18.
1573 2588 1676 2631 Gen.

113 2665 150 2716 6,
181 2665 217 2706 5.
249 2667 290 2707 et
319 2665 355 2717 8,
386 2665 449 2706 21.
480 2663 567 2707 Jer.
598 2664 660 2716 17,
693 2665 729 2705 9.
759 2663 828 2706 Ps.
860 2664 922 2715 14,
952 2665 990 2706 2.
1020 2664 1056 2705 3.
1088 2663 1211 2705 Rom.
1242 2663 1279 2714 3,
1309 2663 1372 2703 12.
1398 2664 1440 2704 et
1464 2662 1501 2713 6,
1527 2661 1589 2702 12.
1615 2660 1677 2702 13.

116 2737 157 2777 et
185 2736 248 2777 19.
278 2734 376 2777 Joh.
407 2736 445 2787 3,
475 2734 511 2776 5.

168 2806 325 2849 XXIII.
363 2806 456 2849 Nec
492 2809 636 2848 tamen
672 2808 903 2859 propterea
941 2806 1144 2859 sequitur,
1184 2819 1272 2846 esse
1302 2803 1586 2845 substantiam
1614 2803 1680 2845 vel

121 2877 446 2920 substantialem
474 2877 705 2930 imaginem
734 2877 893 2919 diaboli
922 2877 967 2918 in
998 2876 1182 2927 homine,
1215 2877 1289 2917 aut
1316 2875 1453 2928 ipsam
1481 2874 1679 2925 animam,

120 2951 193 2991 aut
222 2949 365 3002 ipsum
394 2963 466 2991 cor
493 2948 691 2990 hominis.
720 2947 822 2990 Non
853 2951 915 2990 est
943 2948 1055 2989 enim
1081 2949 1304 3000 peccatum
1331 2947 1507 2994 οὐσιῶδές
1539 2963 1576 2989 τι
1614 2945 1682 2988 καὶ
