1931 3224
448 148 513 190 DE
541 147 796 190 Pumiwomo
826 161 872 188 m·
902 145 1193 188 INDULGENTns.
1522 144 1601 185 419

41 275 95 316 ad
132 274 330 316 Gentium
369 275 410 315 et
439 272 668 315 Poetarum
699 272 902 326 figmenta
931 273 972 313 et
1000 270 1177 321 fabulas,
1209 284 1258 310 ex
1287 267 1440 321 quibus
1470 267 1601 320 origi-

40 361 138 387 nem
176 344 369 398 sumpsit,
406 345 655 398 relegamus.
694 343 795 386 Non
834 344 946 385 enim
987 341 1207 392 credimus,
1247 340 1282 381 si
1318 340 1403 381 tale
1441 338 1543 392 quid
1580 353 1604 379 a

41 416 221 458 Platone
249 416 293 457 in
318 415 477 469 Gorgia
503 418 545 458 et
568 415 810 467 Phaedone,
837 431 860 457 a
883 414 1084 456 Cicerone
1108 413 1152 454 in
1176 411 1350 454 Somnio
1378 410 1603 463 Scipionis,

44 490 86 529 et
125 502 149 528 a
185 486 370 540 Virgilio
409 487 584 528 Aeneid.
623 488 660 528 6.
700 489 772 528 aut
809 501 833 527 a
871 485 1101 527 Claudiano
1139 486 1267 539 poeta
1306 485 1348 524 et
1385 481 1604 532 similibus,

44 557 384 600 commendatum
406 556 546 608 fuerit,
572 559 645 598 aut
669 572 693 598 a
716 557 1117 599 Mahumetanorum
1141 555 1366 606 Alcorano,
1392 553 1460 594 vel
1475 552 1604 594 Thal-

42 630 168 671 mude
204 627 598 681 superstitiosorum
634 628 894 670 ‚Iudaeorum
933 627 1215 677 insinuatum,
1249 625 1346 667 inde
1377 624 1508 677 sequi,
1539 624 1605 665 vel

43 700 87 741 id
115 714 186 741 eos
217 698 412 740 didicisse
441 713 492 739 ex
521 698 682 751 populo
711 698 803 750 Dei,
835 698 899 739 vel
929 713 980 740 ex
1008 700 1187 739 naturae
1217 697 1388 748 lumine,
1420 698 1462 738 et
1488 696 1605 749 prin-

45 771 166 824 cipiis
203 770 316 811 notis
352 769 554 821 hausisse,
591 769 673 811 nisi
708 769 819 811 forte
860 784 1123 812 communem
1155 769 1265 810 hanc
1291 768 1459 820 thesim,
1489 783 1556 821 pu
1567 783 1607 808 r-

45 841 269 896 gatione
307 843 657 894 peccatorum
696 855 828 893 opus
867 856 1002 892 esse,
1044 840 1367 893 priusquam
1398 838 1608 892 aliquis

44 913 398 955 beatitudine
426 912 615 954 fruatu
627 927 658 953 r.
691 912 774 954 Sed
805 912 904 965 quia
932 911 1212 965 hypothesim
1241 912 1290 952 de
1320 926 1418 952 vera
1448 925 1608 964 purga-

44 985 162 1028 tione
203 986 476 1038 peccatorum
516 984 561 1025 in
603 983 786 1036 Christo,
831 986 873 1025 et
913 984 962 1024 de
1001 983 1189 1035 ejusdem
1230 982 1519 1036 applicatione
1558 997 1608 1023 ex

45 1056 237 1099 doctrina
273 1055 511 1109 Evangelii,
550 1070 724 1109 prorsus
762 1055 975 1109 ignorant,
1016 1069 1103 1096 non
1126 1055 1289 1102 mirum
1319 1057 1394 1106 est,
1425 1054 1461 1096 si
1489 1054 1534 1095 in
1561 1068 1610 1095 ea

46 1142 90 1169 re
129 1128 256 1170 etiam
294 1130 342 1169 ut
380 1142 479 1170 vera
515 1126 597 1170 Dei
627 1127 872 1181 cognitione
903 1125 1226 1177 ἐματαιώθησαν
1269 1128 1305 1167 ἐν
1348 1131 1427 1173 τοῖς
1469 1126 1607 1167 διαλο-

47 1205 207 1250 γισμοῖς
236 1201 373 1248 αὐτῶν,
403 1199 470 1241 καὶ
497 1198 711 1247 ἐσκοτίσθη
740 1199 760 1246 ἡ
789 1197 979 1244 ἀσύνετος
1007 1198 1132 1239 αὐτῶν
1159 1196 1318 1249 καρδίαι,
1348 1195 1470 1238 Rom.
1491 1197 1526 1247 1,
1543 1197 1610 1237 21.

48 1270 184 1320 Quam
212 1272 514 1326 insipientiam,
544 1271 618 1323 qui
644 1272 743 1323 post
771 1269 1006 1311 revelatum
1037 1268 1253 1309 Christum
1281 1268 1325 1309 in
1348 1268 1443 1321 ipso
1469 1267 1610 1308 Chris-

46 1342 245 1385 tianismo
282 1343 516 1392 imitantur,
556 1341 797 1384 voluntarie
836 1340 1131 1391 caecutientes,
1170 1339 1305 1381 multo
1336 1340 1473 1392 magis
1502 1340 1611 1379 fiunt

47 1414 358 1466 olvxrroao'ymoc.

99 1485 255 1527 XXIX.
296 1485 410 1527 Nam
453 1487 567 1539 quod
605 1501 655 1527 ex
694 1484 925 1538 Scripturis
962 1483 1014 1525 V.
1056 1485 1129 1524 aut
1166 1482 1222 1524 N.
1262 1482 1376 1523 Test.
1416 1482 1609 1533 afferunt,

44 1558 135 1610 J’am
177 1557 450 1609 ostendimus,
493 1557 708 1599 nonnullis
751 1556 897 1610 magni
939 1554 1123 1596 nominis
1161 1553 1412 1606 Pontificiis,
1452 1555 1612 1595 certam

48 1628 347 1681 probationem
384 1643 470 1670 non
506 1629 657 1680 facere,
696 1627 819 1669 Matt.
859 1627 895 1679 5,
934 1627 997 1668 25.
1029 1628 1071 1668 01
1099 1625 1197 1667 Luc.
1229 1626 1291 1676 12,
1321 1625 1383 1666 58.
1414 1639 1611 1678 praecep-

48 1702 140 1741 tum
169 1700 241 1742 dat
271 1699 473 1752 Christus,
504 1701 564 1742 de
590 1698 986 1742 consentiendo
1013 1712 1126 1739 cum
1151 1696 1469 1738 adversario
1496 1692 1612 1738 dum

49 1786 228 1812 sumus
266 1772 319 1812 in
347 1772 454 1823 via,
486 1774 580 1813 etc.
612 1787 737 1824 quein
765 1771 905 1812 locum
934 1770 987 1811 ad
1017 1769 1317 1823 purgatorium
1345 1767 1611 1821 probandum

49 1843 276 1896 detorquet
303 1842 587 1884 Belial-minus
615 1842 705 1884 Lib.
738 1843 772 1883 1.
803 1842 852 1883 de
876 1841 1053 1894 Purgat.
1081 1855 1114 1881 c.
1141 1841 1176 1881 7.
1202 1855 1278 1893 per
1303 1842 1442 1881 totum
1469 1842 1609 1892 caput.

49 1913 109 1955 At
145 1929 245 1956 vero
284 1913 554 1956 Maldonatns
594 1916 636 1955 01
664 1913 894 1954 Barradius
923 1911 951 1953 J
955 1912 1115 1953 esuitae
1144 1911 1253 1952 nihil
1282 1911 1368 1952 tale
1398 1911 1608 1952 viderunt.

50 1983 134 2026 Hic
161 1999 331 2026 sensum
360 1984 655 2038 Chrysostomi
684 1986 851 2026 secutus
880 1982 1027 2024 Harm.
1058 1982 1224 2035 Evang.
1251 1981 1371 2024 Tom.
1398 1984 1433 2023 2.
1459 1982 1550 2024 Lib.
1576 1983 1613 2024 7.

37 2070 142 2108 cap.
183 2057 244 2098 17.
281 2056 387 2098 haec
414 2057 544 2098 verba
573 2057 626 2098 ad
654 2055 1013 2098 reconciliationis
1042 2055 1360 2096 festinationem
1390 2056 1431 2095 et
1461 2053 1612 2095 dissol-

50 2127 205 2168 vendas
242 2127 338 2169 lites
374 2127 515 2169 refert.
545 2127 623 2170 Ille
653 2143 750 2171 vero
783 2128 883 2169 dum
910 2127 1139 2180 allegorice
1166 2127 1487 2180 interpretatur,
1517 2141 1613 2167 cum

51 2197 295 2252 Augustino
338 2202 481 2241 censet
521 2199 779 2253 particulam
822 2200 1009 2251 donec,
1048 2213 1135 2240 non
1174 2197 1426 2251 significare,
1468 2200 1516 2238 ut
1555 2197 1614 2238 ait

52 2268 333 2323 Augustinus,
373 2271 620 2312 exituros
658 2273 870 2324 postea,
910 2271 1001 2312 sed
1038 2285 1310 2322 nunquam
1340 2269 1612 2320 exituros,

54 2341 177 2393 quia
217 2342 306 2394 qui
342 2343 396 2383 in
434 2341 653 2384 inferno
685 2345 830 2394 sunt,
862 2357 974 2384 cum
1005 2342 1222 2384 debitas
1252 2355 1456 2394 poenas
1487 2355 1613 2381 sem-

52 2428 146 2466 per
199 2413 437 2465 solvant,
489 2428 757 2466 nunquam
807 2414 1150 2467 persolvunt.
1203 2413 1322 2466 Ergo
1365 2414 1613 2465 agnoscunt,

51 2483 228 2526 fratrem
265 2499 387 2525 suum
422 2483 741 2537 Bellarminum,
778 2500 935 2538 magno
979 2487 1145 2537 conatu,
1184 2484 1292 2525 nihil
1328 2484 1410 2528 nisi
1438 2497 1615 2536 magnas

53 2570 188 2609 nugas
218 2556 364 2609 egisse.
1195 2548 1201 2554 ⁴

106 2625 242 2667 XXX.
270 2625 389 2668 Idem
416 2626 698 2668 Bellarlninus
728 2642 762 2668 c.
791 2627 826 2668 8.
856 2630 983 2680 urget
1010 2627 1151 2669 locum
1179 2626 1303 2668 Matt.
1328 2626 1364 2678 5,
1390 2627 1426 2666 2.
1452 2626 1488 2666 3.
1516 2624 1614 2674 Qui

54 2696 321 2739 irascitur
357 2698 525 2739 fratri
552 2713 667 2750 suo,
708 2700 785 2740 etc.
816 2700 863 2739 ut
892 2699 1100 2751 ostendat,
1131 2712 1291 2752 poenas
1320 2697 1483 2750 aliquas
1507 2700 1614 2739 tem-

54 2768 221 2822 porales
257 2771 357 2822 post
393 2769 503 2810 hanc
539 2769 672 2810 vitam
708 2769 883 2811 luendas
920 2769 1138 2811 reservari.
1176 2769 1236 2810 At
1264 2767 1535 2810 Maldonatus
1564 2783 1616 2810 ex

54 2838 316 2881 Judaeor11n1
352 2840 485 2891 libris,
525 2855 671 2882 omnes
708 2840 804 2881 illas
838 2855 996 2893 poenas
1025 2841 1154 2882 fuisse
1183 2840 1386 2893 capitales
1416 2840 1614 2892 ostendit,

57 2913 98 2952 et
127 2910 342 2952 Christum
371 2912 526 2964 gradus
555 2911 827 2965 distinguere,
858 2927 944 2953 non
973 2926 1128 2965 genus:
1156 2910 1308 2965 Itaque
1337 2911 1482 2953 eadem
1511 2926 1626 2970 poe-v

0 3025 1 3028 Ἴ
55 2997 111 3023 na
147 2982 301 3024 inferni
339 2982 586 3036 plectendos
623 2982 672 3024 de
710 2983 862 3035 quibus
901 2982 1093 3035 loquitur
1121 2982 1326 3035 Christus,
1357 2997 1442 3026 non
1471 2983 1616 3025 eadem
