1931 3224
291 124 369 165 650
900 123 1077 165 DISPUTA
1084 138 1145 165 '1¹10
1173 123 1238 166 LI.

290 248 530 302 Angelos
550 248 850 300 Judicabim
859 250 949 291 us‘?
974 248 1088 302 quod
1102 248 1426 303 intelligendum
1444 249 1489 292 in
1505 251 1644 304 capite
1661 252 1844 294 Christo.

344 320 411 363 LI.
449 320 517 362 Ad
554 319 748 362 homines
787 320 901 372 quod
938 320 1106 373 attinet,
1144 320 1194 362 de
1233 320 1386 373 quibus
1423 322 1673 375 praesertim
1699 323 1744 364 in
1771 323 1851 366 hac

292 392 539 446 quaestione
577 391 751 433 solliciti
784 405 875 433 esse
905 391 1115 445 debemus,
1142 391 1446 445 judicabuntur
1476 407 1634 444 omnes,
1662 394 1849 447 maximi,

289 463 467 515 minimi,
504 464 672 505 nemine
712 466 903 518 excepto,
942 464 1014 506 sed
1041 464 1144 506 boni
1169 464 1330 517 judicio
1360 464 1725 508 discretionis
1755 469 1850 508 tan-

289 538 401 587 tum3
439 535 540 576 mali
578 538 730 587 autem,
766 536 928 588 judicio
967 537 1459 579 condemnationis.
1489 536 1682 579 Omnes
1711 538 1851 580 enim

289 609 593 649 statuemur
631 610 755 649 ante
792 608 1043 650 tribunal
1079 607 1309 661 Christi,
1348 610 1372 650 2
1412 608 1505 651 Cor.
1543 610 1580 662 5,
1620 610 1682 651 10.
1710 609 1851 664 Mag-

287 693 383 720 nos
413 681 463 720 et
493 679 733 733 pusillos
764 694 960 733 expresse
989 679 1208 723 JOhanneS
1237 681 1475 734 distinguit,
1505 681 1666 735 Apoc.
1696 682 1759 734 20,
1787 682 1849 723 12.

287 749 346 791 Et
380 750 491 792 inter
514 751 780 804 judicandos,
810 753 1014 804 utrosque
1043 752 1378 806 comprehendit,
1407 766 1459 794 ne
1491 752 1584 805 quis
1615 752 1851 806 excipiatur

288 820 398 862 Item
426 821 579 863 vivos
604 824 653 864 et
681 826 946 876 mortuos,
976 824 1071 866 Act.
1104 825 1165 877 10,
1194 825 1258 866 42.
1284 824 1376 866 Nec
1399 824 1667 878 excipiuntur
1692 824 1851 877 Sancti,

288 892 435 947 Repo
453 893 562 935 sita
605 896 686 935 est
727 894 858 936 mihi
900 909 1102 937 corona
1139 895 1426 948 justitiae,
1471 910 1625 948 quam
1660 895 1851 938 reddet

288 963 419 1005 mihi
457 963 715 1006 Dominus
754 965 807 1006 in
845 966 928 1007 die
966 966 1067 1007 illa
1099 967 1281 1019 justus
1319 965 1515 1019 Judex,
1554 968 1579 1008 2
1609 966 1717 1008 Tim.
1744 968 1782 1019 4,
1813 967 1850 1009 8.

287 1034 403 1076 Idem
441 1035 569 1077 etiam
606 1039 774 1090 tempus
811 1037 1054 1090 assignatur
1093 1037 1218 1079 dandi
1253 1037 1486 1091 praemium
1527 1039 1657 1081 servis
1686 1039 1779 1093 Dei,
1809 1041 1851 1080 et

288 1108 492 1161 perdendi
533 1123 603 1151 eos
641 1109 715 1162 qui
751 1110 936 1163 perdunt
971 1112 1140 1163 terram,
1179 1110 1340 1164 Apoc.
1384 1111 1446 1163 11,
1487 1110 1549 1152 18.
1577 1109 1694 1165 Ergo
1724 1110 1760 1152 si
1788 1111 1851 1152 di-

288 1182 437 1222 cantur
476 1181 692 1223 credentes
729 1195 831 1223 non
864 1181 1173 1234 judicandi,
1213 1184 1286 1223 aut
1313 1196 1417 1224 non
1443 1183 1666 1224 venturi
1694 1183 1749 1224 in
1773 1183 1851 1235 ju-

288 1251 508 1304 dicium,
537 1252 581 1294 id
610 1253 659 1294 de
688 1253 1039 1295 condemnatione
1067 1254 1411 1307 intelligendum3
1441 1254 1487 1297 Si
1516 1254 1639 1308 impii
1665 1269 1752 1296 non
1777 1269 1850 1296 re-

288 1324 599 1366 surrecturi
636 1325 689 1365 in
722 1325 954 1377 judicio,
994 1325 1037 1367 id
1074 1325 1339 1368 referendum
1376 1326 1430 1367 ad
1458 1325 1777 1368 subsistentiam
1805 1326 1851 1368 in

282 1396 458 1450 judicio,
490 1396 589 1450 quia
618 1411 742 1438 causa
772 1397 935 1439 cadent.

340 1467 428 1510 LII.
466 1467 535 1509 Ad
568 1468 718 1521 judicii
754 1468 868 1510 illius
907 1468 1122 1522 objectum
1159 1470 1377 1523 pertinent
1412 1469 1553 1522 etiam,
1585 1484 1730 1512 omnes
1761 1485 1850 1512 om-

286 1539 403 1581 nium
441 1542 529 1581 tam
571 1540 780 1582 bonorum
810 1555 936 1593 quam
964 1541 1174 1583 malorum
1202 1541 1424 1583 hominum
1454 1544 1586 1594 actus,
1615 1544 1707 1584 tum
1735 1542 1850 1595 boni,

286 1614 379 1654 tum
415 1612 529 1664 mali,
568 1612 645 1654 sub
676 1612 830 1665 quibus
862 1613 1278 1666 comprehenduntur
1311 1613 1440 1655 verba
1471 1616 1513 1655 et
1542 1614 1848 1668 cogitationes:

287 1698 469 1736 quorum
506 1684 696 1725 omnium
733 1683 1023 1726 manifestatio
1062 1685 1105 1726 in
1144 1685 1210 1726 die
1243 1685 1392 1738 judicii
1427 1685 1584 1738 futura,
1624 1686 1851 1728 denotatur

287 1756 509 1809 apertione
537 1756 745 1798 librorum
774 1757 932 1810 Apoc.
963 1757 1026 1808 20,
1059 1757 1119 1797 12.
1150 1756 1268 1798 Tunc
1297 1756 1355 1798 de
1386 1757 1525 1798 omni
1556 1757 1718 1799 verbo
1749 1758 1849 1799 oti-

288 1843 380 1871 oso
412 1828 551 1882 quod
580 1829 755 1870 locuti
784 1828 996 1870 fuerint
1025 1828 1293 1880 homines,
1322 1829 1593 1871 rationem
1621 1830 1849 1872 reddent

286 1900 339 1942 in
378 1900 462 1942 die
485 1900 705 1953 judicii,
733 1900 857 1942 Matt.
889 1900 951 1952 12,
981 1900 1044 1941 35.
1074 1899 1187 1942 Nam
1215 1900 1315 1942 boni
1345 1904 1463 1943 actus
1493 1901 1848 1956 approbabuntur

287 1974 329 2014 et
369 1972 710 2014 remuneratione
753 1972 942 2025 gratuita
983 1971 1274 2023 donabuntur3
1311 1973 1413 2014 mali
1451 1975 1590 2015 autem
1630 1974 1848 2027 improba-

285 2043 445 2085 buntur
485 2046 526 2086 et
564 2043 773 2098 supplicio
813 2044 933 2100 digni
966 2043 1283 2097 judicabuntur.
1322 2043 1423 2086 Non
1452 2044 1722 2098 excipiuntur
1749 2059 1847 2098 pec-

287 2118 381 2157 cata
410 2116 591 2169 piorum,
622 2130 804 2168 quorum
832 2115 1125 2157 remissionem
1154 2130 1230 2169 per
1260 2114 1476 2157 Christum
1504 2115 1648 2169 adepti
1675 2115 1846 2169 fuerint,

286 2203 394 2241 quae
435 2190 537 2229 tunc
580 2187 708 2230 etiam
746 2186 1145 2240 manifestabuntur,
1183 2187 1245 2229 ita
1283 2189 1426 2229 tamen
1463 2190 1511 2229 ut
1545 2187 1650 2241 ipsis
1687 2188 1847 2230 nullam

286 2259 574 2301 confusionem
621 2259 812 2310 afferant,
857 2259 928 2300 sed
971 2258 1114 2312 potius
1158 2259 1361 2312 gaudium
1400 2259 1665 2312 immensum,
1710 2274 1760 2301 ex
1797 2275 1845 2302 eo

286 2330 400 2383 quod
428 2334 605 2384 propter
632 2333 700 2372 tot
726 2332 903 2384 peccata
930 2331 1117 2383 remissa,
1146 2333 1268 2372 tanta
1297 2345 1398 2384 erga
1422 2346 1493 2373 eos
1517 2331 1741 2385 apparebit
1765 2331 1847 2374 cle-

283 2402 467 2444 mentiae
510 2402 675 2445 divinae
718 2402 989 2456 magnitudo:
1030 2402 1210 2456 proinde
1247 2417 1333 2444 non
1372 2403 1451 2444 erit
1491 2418 1539 2444 ea
1577 2405 1848 2456 peccatorum

283 2474 522 2516 recordatio
562 2475 614 2516 ad
651 2489 846 2528 poenam,
886 2475 952 2516 vel
981 2474 1141 2527 gloriae
1171 2475 1504 2529 derogationem,
1533 2475 1604 2517 sed
1633 2476 1685 2518 ad
1713 2475 1846 2530 grati-

284 2561 404 2588 arum
433 2546 657 2589 actionem.

337 2618 447 2660 LIII.
486 2618 641 2661 Forma
668 2618 794 2672 hujus
819 2618 968 2672 judieii
997 2618 1210 2670 consistet,
1242 2618 1276 2659 1.
1306 2619 1360 2660 in
1390 2633 1582 2661 causae
1611 2619 1846 2675 cogniti-

285 2705 403 2739 one,
444 2690 496 2731 ad
536 2705 663 2742 quam
696 2691 830 2744 judici
866 2705 952 2732 non
997 2705 1101 2745 opus
1130 2691 1211 2732 erit
1239 2693 1287 2731 ut
1316 2690 1436 2743 quis
1466 2690 1845 2732 testimonium

284 2763 579 2816 perhibeat
616 2763 674 2805 de
713 2763 929 2804 homine
968 2762 1057 2815 qui
1095 2763 1249 2804 novit
1278 2762 1540 2815 quicquid
1569 2765 1649 2805 est
1676 2763 1729 2803 in
1758 2763 1845 2805 ho-

284 2834 444 2886 mine,
474 2834 572 2876 Joh.
603 2836 639 2876 2.
669 2835 732 2876 25.
764 2835 836 2888 qui
865 2834 1042 2888 proinde
1066 2834 1184 2876 nullo
1209 2834 1419 2887 indigebit
1441 2834 1615 2875 testium
1640 2835 1844 2887 examine,

284 2905 351 2946 vel
378 2906 554 2959 propria
577 2920 745 2947 reorum
769 2905 1041 2957 confessione,
1069 2906 1217 2958 cujus
1242 2905 1407 2947 oculis
1433 2904 1607 2947 omnia
1630 2904 1770 2946 nuda
1794 2908 1845 2947 et

285 2979 475 3028 aperta
503 2979 648 3029 sunt,
678 2977 808 3018 Hebr.
839 2980 876 3029 4,
904 2977 965 3018 13.
989 2979 1037 3018 ut
1061 2979 1203 3019 tamen
1229 2991 1354 3019 causa
1377 2976 1538 3028 liquido
1564 2979 1844 3028 cognoscatur
