1931 3224
237 129 287 169 56
834 119 1075 161 DISPUTATIO
1104 116 1175 158 VI.

238 251 364 292 coelo.
406 249 581 298 inferno,
625 250 666 288 et
708 247 894 287 extremo
937 241 1078 292 maris,
1116 240 1279 282 coelum
1317 241 1358 280 et
1394 240 1552 280 terram
1589 237 1777 290 impleat,

236 323 319 362 imo
351 319 548 361 excelsior
577 318 630 358 sit
659 316 786 366 coelo,
814 312 1062 367 profundior
1090 310 1265 361 inferno,
1297 309 1467 362 longior
1495 311 1622 361 terra,
1651 308 1778 350 latior

236 391 353 441 mari,
394 390 553 431 eoelum
592 388 628 429 ei
656 387 710 428 sit
738 386 865 435 sedes,
896 387 1009 424 terra
1037 396 1135 422 vero
1166 379 1392 422 scabellum
1419 380 1574 434 pedum
1604 380 1705 432 ejus,
1737 382 1778 422 et

237 461 395 503 coelum
434 460 644 501 coelorum
683 457 800 497 illum
836 469 920 495 non
959 452 1111 505 capiat,
1151 451 1184 492 P
1197 466 1227 492 s.
1268 451 1357 501 139,
1396 451 1431 492 7.
1468 450 1496 492 J
1509 465 1574 492 er.
1614 451 1677 503 23,
1714 451 1778 492 24.

235 531 349 573 Job.
380 532 440 581 11,
471 530 506 571 8.
537 530 571 570 9.
602 528 713 568 Esa.
742 527 804 576 66,
836 526 870 566 1.
903 525 922 564 1
955 521 1472 573 Ο111011.16,18.Αο13.
1504 523 1565 574 19,
1595 522 1659 563 28.

288 600 418 643 XXX.
442 600 660 640 Attributa
684 596 851 639 secundi
874 595 1049 648 generis,
1075 608 1180 647 quae
1202 594 1254 634 ad
1278 592 1527 645 qualitatem
1542 595 1780 646 respectum

236 674 404 724 habent,
435 672 493 713 ita
522 673 618 711 sunt
646 669 724 710 Dei
754 671 800 708 ut
830 669 870 709 et
900 666 1101 708 creaturis
1131 665 1440 718 quodammodo
1470 664 1781 707 communicen-

236 746 316 794 tur,
347 745 387 783 et
417 742 467 782 ab
497 740 546 780 iis
575 753 718 780 revera
747 736 1068 790 participentur,
1098 736 1277 788 ideoque
1306 735 1355 776 de
1385 734 1478 776 Deo
1508 738 1550 777 et
1579 737 1782 778 creaturis

236 816 410 866 propter
439 811 623 852 ordinem
655 823 777 861 quem
803 808 854 849 ad
878 807 1015 849 Deum
1038 807 1210 859 habent,
1239 807 1451 858 ἀναλόγως
1471 806 1781 861 praedicantur,

236 886 282 924 ut
319 886 414 923 sunt
453 881 687 934 praecipue,
723 880 820 931 vita,
861 878 1079 931 sapientia,
1118 878 1312 919 voluntas
1353 880 1394 920 et
1429 878 1644 931 potentia;
1675 894 1782 932 quae

236 968 311 1006 per
348 953 553 994 attributa
592 951 718 1004 primi
757 949 920 1003 generis
949 949 1144 991 traducta
1175 949 1265 991 Deo
1296 949 1472 1003 propria
1501 952 1610 991 sunt.
1639 949 1783 1003 Atque

235 1025 294 1066 ita
322 1025 459 1065 nullus
488 1023 578 1065 Deo
608 1022 754 1064 similis
784 1020 1048 1075 intelligitur,
1081 1021 1101 1062 1
1133 1020 1321 1062 Chron.
1353 1021 1413 1073 17,
1445 1021 1508 1062 20.
1540 1022 1564 1062 2
1594 1020 1783 1064 Chron.

233 1098 269 1147 6,
301 1096 360 1136 14.
391 1095 501 1137 Act.
532 1096 591 1145 17,
621 1094 682 1135 29.

287 1165 439 1207 XXXI.
483 1167 703 1208 Attributa
740 1166 843 1208 haec
880 1165 1084 1219 distingui
1120 1168 1300 1218 possunt
1336 1165 1381 1207 in
1420 1180 1467 1207 ea
1508 1179 1615 1217 quae
1653 1165 1786 1208 facul-

236 1240 377 1289 tatem,
417 1238 515 1289 vim,
556 1240 777 1290 actumque
815 1237 893 1279 Dei
921 1237 1233 1289 immanentem,
1264 1237 1517 1291 significant.
1547 1236 1785 1280 Immanens

237 1310 352 1350 vita
389 1311 470 1359 est3
510 1324 618 1362 quae
648 1312 709 1350 est
738 1310 990 1351 attributum
1020 1309 1224 1351 essentiae
1252 1308 1345 1361 Dei,
1376 1309 1682 1363 perfectionem
1709 1325 1786 1364 per

238 1395 280 1421 se
315 1380 512 1432 indicans,
552 1395 633 1433 quo
674 1381 850 1422 essentia
880 1380 960 1421 Dei
989 1380 1033 1421 in
1062 1395 1105 1422 se
1137 1383 1309 1423 actuosa
1339 1396 1438 1434 esse,
1468 1381 1513 1423 id
1541 1383 1616 1434 est,
1645 1381 1786 1424 vivere

238 1452 492 1501 declaratur,
521 1452 646 1504 idque
675 1452 991 1505 simplicissime,
1021 1467 1094 1493 seu
1124 1453 1414 1505 essentialiter,
1446 1455 1487 1494 et
1517 1468 1594 1507 per
1622 1468 1677 1506 se,
1707 1453 1787 1495 im-

238 1523 508 1575 mutabiliter,
534 1537 605 1564 seu
633 1526 873 1565 constanter
899 1526 940 1565 et
962 1523 1137 1577 infinite,
1162 1524 1207 1565 id
1231 1527 1306 1576 est,
1336 1524 1389 1565 ab
1413 1527 1599 1578 aeterno,
1629 1527 1672 1567 et
1699 1525 1788 1567 sine

236 1594 492 1636 incremento
524 1597 565 1636 et
594 1595 869 1648 decremento,
900 1598 1028 1648 atque
1055 1596 1225 1649 ubique.
1255 1595 1378 1638 Unde
1406 1595 1522 1638 Deus
1549 1612 1636 1639 non
1660 1597 1786 1639 modo

236 1665 389 1717 vivens,
430 1668 472 1706 et
500 1666 650 1719 vivere,
681 1666 831 1709 Deut.
860 1668 896 1719 5,
927 1669 989 1709 26.
1020 1668 1133 1710 Act.
1166 1669 1226 1720 14,
1258 1668 1320 1710 15.
1352 1667 1497 1710 Num.
1529 1670 1591 1721 14,
1621 1670 1685 1711 21.
1715 1669 1789 1710 sed

237 1739 278 1777 et
314 1736 357 1777 111
396 1751 438 1778 80
474 1737 567 1790 ipso
608 1738 738 1778 vitam
774 1738 942 1790 habere,
984 1741 1026 1780 et
1061 1739 1149 1780 vita
1178 1739 1283 1793 ipsa,
1314 1742 1356 1781 et
1384 1742 1604 1782 aeternum
1634 1739 1787 1792 vivere,

238 1808 349 1849 solus
385 1807 746 1850 immortalitatem
783 1809 951 1862 habere,
993 1812 1121 1863 atque
1169 1809 1403 1864 ἄφθαρτος,
1436 1810 1789 1864 incorruptibilis,

239 1895 311 1921 seu
348 1879 610 1931 immortalis,
658 1879 773 1922 Joh.
821 1881 856 1933 5,
905 1882 966 1922 26.
1015 1883 1036 1923 1
1086 1881 1204 1923 Joh.
1243 1883 1279 1934 5,
1320 1882 1382 1923 20.
1420 1881 1574 1923 Deut.
1616 1882 1680 1934 32,
1723 1881 1788 1923 40.

240 1951 456 2003 omnisque
494 1951 604 1992 vitae
642 1952 685 1992 in
721 1953 920 1994 creaturis
950 1956 1096 1995 auctor
1125 1956 1167 1995 et
1194 1953 1301 2005 fons,
1333 1956 1374 1995 et
1403 1953 1593 1995 vivificus
1623 1953 1787 2006 dicitur,

241 2022 462 2074 omniaque
489 2022 533 2062 in
564 2037 611 2064 eo
641 2024 789 2075 vivere,
821 2023 896 2066 Ps.
926 2026 989 2077 36,
1022 2026 1082 2067 1Ο.
1110 2025 1225 2067 Αο13.
1258 2026 1318 2077 17,
1350 2026 1412 2067 25.
1443 2026 1506 2067 28.

292 2093 464 2135 XXXII.
494 2093 621 2136 Vita
643 2095 746 2136 haec
762 2095 841 2137 Dei
856 2096 898 2137 in
914 2096 1132 2139 intellectu
1147 2100 1188 2139 et
1203 2097 1422 2145 voluntate
1438 2099 1513 2138 est,
1537 2096 1789 2138 Intellec-

240 2167 345 2215 tus,
385 2166 652 2218 cognitio,
693 2167 946 2220 scientia,
988 2168 1372 2223 sapientiaque
1411 2167 1564 2220 divina,
1591 2169 1656 2209 est
1680 2167 1791 2209 vitae

243 2235 322 2276 Dei
346 2236 521 2278 facultas
551 2251 623 2278 seu
651 2240 780 2289 actus,
807 2242 958 2280 natura
983 2242 1025 2281 et
1050 2240 1194 2281 ordine
1219 2240 1394 2294 primus,
1420 2254 1503 2293 quo
1532 2239 1649 2281 Deus
1672 2239 1791 2281 vivus

244 2306 394 2357 onmia,
434 2322 476 2347 se
515 2308 654 2360 ipsum
683 2308 853 2360 scilicet,
885 2311 926 2350 et
957 2312 1075 2351 extra
1104 2325 1146 2352 se
1174 2311 1372 2352 universa
1401 2313 1442 2353 et
1473 2310 1652 2365 singula,
1683 2326 1791 2363 quae

224 2392 329 2437 ¹esse
368 2379 555 2430 possunt,
596 2392 784 2431 quaeque
822 2394 910 2421 esse
946 2381 1037 2422 vult
1075 2383 1116 2422 et
1152 2381 1243 2435 ipse
1281 2382 1396 2434 facit,
1431 2385 1503 2424 aut
1532 2398 1556 2424 a
1585 2383 1791 2424 creaturis

244 2447 332 2488 fieri
374 2448 463 2489 vult
502 2448 567 2489 vel
604 2451 824 2502 permittit,
867 2454 908 2492 et
945 2456 1054 2504 sunt,
1089 2468 1316 2507 earumque
1355 2470 1513 2507 causas,
1557 2455 1706 2497 modos
1749 2457 1792 2496 013

244 2521 591 2572 circumstantias,
622 2522 871 2574 praesentia,
901 2525 1129 2576 praeterita
1155 2527 1196 2566 et
1219 2525 1375 2577 futura,
1399 2541 1555 2579 magna
1580 2528 1621 2568 et
1645 2540 1790 2579 parva,

245 2590 412 2642 (quibus
452 2591 598 2645 divina
629 2592 802 2634 scientia
839 2608 923 2635 non
951 2595 1128 2649 vilescit)
1161 2600 1201 2639 et
1229 2598 1449 2640 rationalis
1478 2600 1694 2640 creaturae
1722 2611 1791 2639 co·-

247 2664 391 2716 gitata,
431 2663 558 2705 animi
596 2679 792 2716 recessus,
832 2666 954 2717 dicta,
996 2670 1182 2720 conatus,
1219 2669 1343 2721 facta,
1378 2670 1512 2723 initia,
1542 2683 1791 2724 progressus

249 2737 289 2775 et
327 2735 472 2785 exitus,
510 2735 716 2786 distincte,
755 2739 801 2777 ut
838 2738 963 2779 rebus
1000 2738 1184 2791 intimus,
1221 2740 1387 2782 infinita
1415 2756 1489 2783 sua
1518 2739 1698 2783 essentia
1726 2739 1791 2781 in-

249 2805 416 2860 telligit,
463 2806 539 2847 scit
587 2809 627 2848 et
674 2807 804 2859 novit,
856 2807 932 2850 Ps.
982 2809 1069 2861 139,
1120 2811 1156 2852 1.
1210 2814 1303 2854 etc.
1349 2811 1412 2854 Jo
1427 2813 1464 2854 b.
1505 2813 1569 2865 34,
1607 2813 1671 2855 21.
1713 2812 1790 2855 PS.

249 2877 311 2926 44,
350 2877 425 2925 22„
464 2892 505 2917 se
544 2878 710 2929 quidem
747 2894 822 2931 per
859 2894 947 2921 sese
986 2882 1027 2922 et
1065 2880 1238 2932 directe;
1278 2884 1415 2925 cetera
1444 2886 1563 2925 extra
1595 2898 1651 2936 se,
1679 2883 1792 2926 bona

251 2944 316 2997 (ut
341 2960 446 2997 quae
470 2948 556 2999 ejus
580 2947 846 2991 simulacrum
871 2950 1046 3003 habent)
1070 2951 1293 3004 indirecte3
1320 2955 1442 3006 mala,
1467 2969 1543 3008 per
1567 2954 1789 2997 contraria.
