1931 3224
233 130 296 172 DE
325 130 609 173 MINISTRORUM
637 129 1026 172 Eoorsssnsmomzmu
1055 129 1205 172 VocAT.
1234 145 1282 172 ΕΤ
1312 130 1460 173 FUNcr.
1553 133 1631 174 469

66 255 196 298 iidem
222 254 407 306 fuerunt,
435 257 484 296 ut
511 253 637 296 Thes.
666 254 730 295 29.
760 253 1001 305 docuimus3
1027 268 1075 294 ac
1098 254 1277 307 proinde
1304 270 1354 297 ex
1376 256 1471 308 jure
1489 256 1630 298 divino

6 327 10 332 '
66 325 211 367 eadem
240 324 322 366 fuit
350 327 628 378 utrorumque
658 325 710 367 ad
739 325 937 367 Pastores
968 325 1223 369 ordinandos
1254 328 1497 370 auctoritas.

119 395 315 438 XLVIII.
367 395 616 438 Vocationis
658 396 829 439 illorum
871 398 944 450 qui
985 397 1029 439 in
1070 397 1397 440 Pontificiorum
1439 399 1632 441 Ecclesia

66 471 164 510 sunt
215 469 412 520 ordinati,
463 471 550 510 tres
598 483 747 510 causae
791 468 978 510 diversae
1021 471 1121 510 sunt
1164 470 1504 519 considerandae,
1547 486 1631 512 una

66 539 329 594 principalis,
369 539 569 580 nimirum
607 538 734 590 Deus,
775 540 880 581 duae
918 539 1058 580 minus
1084 540 1352 593 principales,
1382 539 1632 581 Pontificio-

63 627 159 653 rum
195 611 366 662 scilicet,
396 610 589 652 Ecclesia
618 613 659 652 et
687 611 939 664 Episcopus.
971 610 1186 660 Quatenus
1215 610 1386 652 nomine
1415 610 1631 652 Ecclesiae

65 683 282 725 Romanae
321 681 585 724 adulterinae
623 681 675 722 ab
715 682 856 734 aliquo
892 682 1109 735 Episcopo
1142 681 1327 723 ordinati
1356 684 1454 723 sunt
1484 696 1631 724 secun-

65 754 164 795 dum
191 768 384 795 normam
411 755 695 796 institutionis
726 755 903 805 divinae,
934 757 981 795 ut
1011 754 1295 807 Evangelium
1324 752 1484 795 Christi
1508 769 1629 809 prae-

65 825 266 877 dicarent,
304 827 480 879 ejusque
517 825 791 869 Sacramenta
827 826 1187 876 administrarent,
1229 828 1401 867 eatenus
1430 840 1538 878 pura
1569 827 1631 867 est

64 912 112 939 ac
139 897 333 951 legitima
362 913 508 940 eorum
541 899 764 940 ordinatio.
799 898 1016 947 Quatenus
1045 912 1143 939 vero
1171 898 1224 939 ab
1251 897 1398 939 eodem
1412 896 1629 951 Episcopo

63 971 160 1011 sunt
198 970 396 1021 ordinati,
430 973 475 1011 ut
505 971 735 1012 secundum
764 972 926 1011 statuta
956 968 1177 1011 Pontificis
1209 969 1393 1011 Romani
1421 969 1629 1010 humanas

61 1041 314 1082 traditiones
351 1040 487 1082 Laicis
524 1055 603 1093 pro
643 1040 795 1081 divinis
835 1040 1123 1091 obtruderent,
1164 1039 1323 1081 Christi
1354 1054 1507 1093 corpus
1536 1039 1628 1081 Deo

60 1111 104 1152 in
144 1111 273 1152 Missa
315 1111 606 1153 commentitia
651 1111 864 1162 offerrent,
910 1113 1082 1152 eatenus
1126 1111 1295 1163 impura
1336 1113 1377 1152 et
1405 1110 1630 1164 illegitima

61 1184 126 1224 est
168 1197 312 1224 eorum
354 1183 535 1234 vocatio,
579 1197 627 1223 ac
665 1181 814 1223 similis
853 1196 988 1234 aquae
1028 1196 1078 1223 ex
1115 1196 1223 1234 puro
1253 1181 1371 1223 fonte
1402 1181 1628 1233 emananti,

65 1268 172 1306 quae
202 1268 252 1295 ex
281 1253 450 1307 impuro
482 1253 617 1295 canali
646 1267 722 1305 per
752 1267 877 1305 quem
904 1252 1012 1305 fluit,
1043 1253 1187 1295 sordes
1217 1268 1314 1294 suas
1345 1254 1571 1295 contraxit.

112 1323 261 1365 XLIX.
302 1323 531 1365 Pastorum
567 1323 879 1365 ordinariorum
909 1323 1065 1377 duplex
1095 1326 1158 1365 est
1188 1324 1397 1366 successio
1428 1339 1630 1377 persona-

60 1396 125 1448 lis,
164 1398 237 1437 aut
277 1396 526 1438 continuata
556 1410 580 1436 a
608 1396 825 1449 primaeva
855 1410 1050 1437 verorum
1080 1397 1394 1437 antecessorum
1424 1396 1629 1437 ordinati-

60 1482 151 1519 one,
181 1470 256 1508 aut
284 1467 538 1520 interrupta.
570 1467 763 1509 Priorem
792 1467 1101 1510 successionem
1128 1466 1420 1509 Antichristus
1450 1468 1495 1508 in
1518 1470 1627 1510 tem-

58 1539 179 1593 plum
219 1539 301 1581 Dei
342 1539 581 1594 irrumpens
623 1539 838 1592 plerisque
877 1554 927 1580 ex
965 1538 1121 1580 nostris
1160 1539 1510 1588 antecessoribus,
1537 1541 1627 1592 jam

58 1610 223 1664 pridem
272 1610 399 1651 variis
442 1610 486 1651 in
528 1610 632 1652 locis
677 1610 844 1663 eripuit.
887 1609 1107 1652 Posterior
1150 1611 1404 1663 quibusbam
1448 1611 1626 1653 attribui

57 1683 214 1735 potest.
253 1680 353 1722 Non
387 1681 498 1722 enim
529 1695 674 1722 omnes
703 1681 897 1734 proxime
927 1685 968 1723 et
999 1682 1241 1724 immediate
1271 1683 1523 1725 orthodoxis
1555 1698 1624 1724 su-

57 1751 275 1805 periorum
316 1754 504 1793 aetatum
542 1752 814 1805 Doctoribus,
853 1754 925 1795 sed
954 1754 1144 1795 nonnulli
1174 1757 1273 1807 post
1304 1755 1626 1796 subsecutorum

59 1822 318 1865 Antichristi
347 1839 550 1876 errorum,
584 1825 757 1877 ejusque
785 1825 1143 1867 mercenariorum
1172 1826 1448 1879 rejectionem
1475 1826 1519 1867 in
1543 1826 1625 1868 Ec-

60 1895 185 1937 clesia
214 1895 386 1947 Christi,
418 1897 640 1938 accedente
670 1897 731 1950 pii
761 1896 1040 1950 Magistratus
1071 1897 1243 1948 auxilio,
1274 1897 1326 1938 ad
1356 1912 1449 1938 eam
1478 1897 1530 1938 ab
1558 1897 1624 1951 ip-

59 1981 202 2008 sorum
241 1968 494 2021 corruptelis
532 1969 847 2022 repurgandam
886 1970 1189 2010 successerunt.
1219 1967 1320 2010 Non
1350 1983 1467 2010 secus
1497 1970 1625 2021 atque

60 2038 104 2079 in
142 2053 275 2092 regno
317 2054 341 2080 a
378 2039 580 2092 Tyranno
619 2040 803 2093 ejusque,
830 2039 1114 2093 praedonibus
1143 2039 1337 2091 liberato,
1368 2041 1624 2092 posteriores

59 2110 242 2163 legitimi
279 2110 410 2164 Regis
449 2110 697 2163 administri,
728 2111 956 2164 prioribus,
988 2111 1164 2152 decurso
1195 2111 1446 2153 intermedio
1476 2114 1623 2165 tyran-

57 2181 170 2223 nidis
208 2182 364 2236 spatio,
404 2183 456 2224 ad
497 2183 601 2224 illud
638 2183 958 2224 instaurandum
1000 2185 1292 2236 surrogantur,
1323 2185 1396 2224 aut
1426 2183 1552 2224 sicuti
1580 2183 1623 2224 in

59 2266 235 2307 corpore
273 2253 391 2306 aegri
429 2254 758 2295 convalescentis
797 2253 1010 2306 posterior
1039 2254 1197 2295 sanitas
1225 2253 1424 2307 priorem,
1456 2255 1622 2297 sublato

59 2323 179 2376 prius
209 2323 458 2366 subsecutae
488 2324 570 2366 luis
600 2325 812 2378 contagio,
847 2325 1050 2377 sequitur.

111 2393 156 2436 L.
199 2394 299 2436 Non
343 2410 444 2449 ergo
488 2410 539 2437 ex
581 2396 900 2438 continuatione
938 2397 1216 2439 successionis
1259 2397 1506 2450 personalis,
1550 2397 1623 2439 sed

56 2480 181 2508 verae
219 2467 448 2519 doctrinae,
484 2467 584 2508 boni
612 2467 812 2509 Pastores
842 2483 865 2509 a
893 2468 1163 2510 mercenariis
1194 2468 1519 2519 ac'latronibus,
1548 2482 1622 2509 ne-

58 2553 139 2591 que
177 2553 227 2580 ex
265 2537 540 2580 successionis
578 2539 825 2592 personalis,
867 2540 940 2581 sed
968 2554 1101 2592 purae
1131 2539 1460 2592 praedicationis
1489 2539 1620 2580 inter-

56 2610 268 2663 ruptione,
311 2609 558 2652 mercenarii
600 2624 648 2651 ac
688 2610 874 2652 latrones
919 2625 942 2651 a
979 2611 1102 2653 bonis
1140 2611 1390 2653 Pastoribus
1427 2610 1621 2666 dignosci

60 2681 226 2723 debent.

109 2752 176 2795 LI.
206 2752 458 2796 Mercenarii
488 2753 599 2794 enim
629 2768 677 2795 ac
706 2753 891 2795 latrones
921 2754 1077 2807 prioris
1108 2753 1325 2796 doctrinae
1346 2752 1620 2796 Orthodoxae

57 2840 222 2866 cursum
266 2826 310 2866 in
353 2824 567 2876 Ecclesiis,
611 2839 714 2877 quas
756 2825 1014 2877 invaserant,
1056 2825 1428 2878 interrumpentes,
1473 2826 1620 2868 eodem

56 2895 182 2937 modo
221 2895 420 2937 Patribus
459 2895 709 2937 orthodoxis
739 2899 1043 2946 successerunt,
1075 2911 1157 2949 quo
1187 2896 1400 2938 interdum
1429 2897 1619 2950 Tyranni

57 2980 104 3007 ac
141 2967 376 3019 praedones
413 2967 458 3009 in
495 2967 744 3020 Republica,
779 2968 970 3021 legitimo
999 2968 1110 3022 Regi
1139 2969 1314 3022 ejusque
1343 2969 1614 3023 administris,
