1931 3224
658 173 721 215 Dss
750 173 1065 215 RESlPISCENTIA.
1563 177 1641 216 32:33

71 284 152 339 ‘tas
203 300 244 339 et
294 298 481 349 affectus,
532 298 760 339 secundum
803 298 944 340 omnia
988 299 1214 352 praecepta
1257 296 1359 343 Dei:
1403 298 1551 340 deinde
1594 302 1641 339 ut

88 382 273 421 eousque
301 371 571 419 renoventur,
602 371 649 410 ut
676 371 958 422 peccatum
985 368 1036 409 in
1058 369 1127 410 iis
1152 383 1257 410 non
1280 372 1493 422 regnet,
1517 370 1640 413 Rom.

87 439 123 479 6.
164 441 205 480 et
232 441 288 480 ut
315 454 419 480 non
449 439 729 482 ambulent
757 439 1049 481 secundum
1077 453 1308 491 carnem,
1341 441 1428 482 sed
1457 455 1638 483 secun-

88 510 201 550 dum
233 510 514 563 spiritum,
545 510 667 553 Rom.
697 512 732 564 8,
764 511 799 552 1.

138 579 276 622 XVII.
315 581 411 622 Etsi
446 596 546 623 vero
585 597 765 636 regnum
795 582 978 636 Spiritus
1006 583 1050 624 in
1080 582 1334 635 quibusdam
1364 583 1420 624 sit
1451 583 1640 625 imbecil-

85 651 165 692 lius
195 653 237 693 et
266 651 497 704 obscurius,
526 653 569 694 in
599 654 851 706 quibusdam
875 654 1035 695 firmius
1060 656 1101 696 et
1126 654 1411 697 manifestius:
1438 671 1640 709 negamus

84 724 240 775 tamen,
281 738 536 776 quemquam
572 724 682 766 inter
716 726 932 778 regenitos
973 739 1158 777 eousque
1195 726 1239 767 in
1269 726 1349 768 hac
1378 727 1466 768 vita
1495 742 1641 780 perve-

85 795 209 846 nisse,
248 797 295 836 ut
330 795 469 837 nullae
506 797 661 838 veteris
690 797 875 839 hominis
904 798 1107 849 reliquiae
1137 798 1318 851 amplius
1346 799 1391 840 in
1418 813 1466 840 eo
1497 814 1644 852 super-

87 866 182 907 sint.
225 865 352 909 Unde
393 869 434 908 et
478 868 668 919 quotidie
709 868 793 909 illis
837 868 1041 910 orandum
1084 871 1158 920 est,
1202 868 1444 912 Remitte
1483 871 1642 912 nobis

87 937 272 978 debita
312 940 523 990 nostra,
568 942 609 980 et
650 939 967 992 resipiscentiae
1009 941 1108 981 novi
1151 943 1268 982 actus
1307 956 1382 992 per
1419 956 1562 984 veram
1601 943 1642 984 in

86 1006 302 1050 Christum
329 1009 456 1051 fidem
485 1011 676 1063 quotidie
707 1011 931 1052 excitandi.

138 1078 296 1121 XVIII.
321 1079 568 1133 Subjectum
593 1081 928 1134 regenerationis
951 1080 1091 1134 hujus,
1118 1085 1181 1124 est
1195 1085 1312 1124 totus
1327 1083 1455 1126 homo
1473 1084 1642 1127 Christo

85 1165 161 1204 per
198 1151 323 1193 fidem
358 1151 510 1193 insitus
547 1155 621 1194 aut
649 1152 907 1204 inserenduS,
937 1152 1070 1194 Fide
1100 1153 1238 1195 enim
1266 1155 1643 1208 purificantur

86 1222 246 1263 corda
282 1225 493 1275 nostra,
532 1223 628 1265 Act.
670 1223 732 1275 15,
770 1224 805 1265 9.
848 1223 1211 1272 Quemadmodum
1239 1228 1382 1267 tamen
1410 1228 1646 1281 principale

84 1294 250 1347 peccati
286 1286 523 1348 subJ'ectum
561 1297 624 1336 est
663 1294 804 1336 anima
841 1294 1039 1347 hominis,
1081 1295 1274 1337 omnibus
1315 1297 1400 1339 suis
1429 1297 1644 1340 facultati-

83 1367 162 1408 bus
198 1367 462 1408 naturalibus
500 1367 720 1419 instructa,
764 1381 917 1420 corpus
956 1382 1056 1409 vero
1088 1368 1227 1409 minus
1258 1369 1505 1423 principale,
1535 1372 1645 1412 tam-

87 1453 213 1490 quam
265 1439 431 1480 animae
482 1437 599 1480 sedes
644 1440 685 1480 et
726 1438 1078 1488 instrumentum,
1120 1438 1182 1479 ita
1227 1441 1268 1481 et
1310 1441 1646 1493 regenerationis

85 1511 260 1563 propria
299 1510 417 1551 sedes
448 1512 489 1551 et
518 1510 755 1563 subjectum
783 1510 1019 1563 principale
1049 1513 1113 1551 est
1142 1511 1287 1552 eadem
1317 1512 1467 1564 anima,
1499 1528 1645 1554 secun-

85 1581 184 1623 dum
215 1596 359 1623 omnes
388 1581 612 1623 facultates
644 1596 751 1632 suas,
780 1581 1056 1632 intellectum,
1087 1581 1353 1624 voluntatem
1383 1586 1424 1624 et
1449 1584 1644 1626 affectus:

86 1667 193 1705 quae
231 1667 375 1695 omnes
410 1645 634 1694 facultates
673 1653 716 1693 in
757 1667 855 1694 vera
886 1654 928 1694 et
958 1653 1133 1694 salutari
1160 1654 1479 1706 regeneratione
1510 1657 1550 1696 et
1579 1671 1645 1697 re-

85 1724 341 1778 sipiscentia,
381 1723 693 1777 supernaturali
732 1725 772 1765 et
810 1723 1057 1765 inhaerente
1098 1724 1237 1777 gratia
1267 1740 1290 1765 a
1321 1724 1411 1767 Deo
1443 1741 1519 1779 per
1548 1726 1644 1780 Spi-

83 1794 226 1846 ritum,
257 1797 300 1836 et
327 1794 497 1847 quidem
522 1794 687 1836 actione
710 1794 965 1846 immediata,
991 1795 1129 1848 magis
1154 1810 1201 1836 ac
1226 1796 1363 1849 magis
1388 1796 1644 1839 afficiuntur.

137 1865 250 1907 XIX.
279 1865 344 1907 De
370 1866 602 1917 intellectu,
634 1866 747 1918 quod
776 1880 853 1919 per
881 1865 964 1908 1100
992 1866 1245 1908 beneficium
1272 1867 1316 1908 in
1347 1868 1637 1921 cognitionem

84 1935 165 1978 Dei
202 1939 244 1978 et
281 1935 514 1978 salvatoris
552 1937 688 1978 nostri
726 1936 829 1978 Jesu
866 1936 1025 1979 Christi
1053 1938 1326 1991 illuminetur,
1356 1955 1422 1981 res
1453 1943 1517 1982 est
1546 1956 1641 1994 per-

85 2008 251 2062 spicua3
294 2008 344 2050 de
386 2008 619 2060 affectibus,
664 2009 777 2062 quod
812 2009 857 2050 in
896 2009 1039 2051 odium
1078 2010 1243 2063 peccati
1281 2025 1328 2052 ac
1367 2010 1562 2063 Satanae,
1600 2013 1644 2054 in

86 2093 272 2120 amorem
302 2078 383 2121 Dei
411 2083 452 2121 et
477 2080 679 2133 justitiae,
710 2080 754 2122 in
779 2096 895 2134 spem
928 2082 1037 2123 vitae
1063 2084 1103 2123 et
1127 2081 1404 2124 haereditatis
1430 2086 1639 2136 aeternae,

86 2152 162 2192 etc.
193 2166 269 2204 per
297 2151 407 2193 idem
438 2152 595 2194 donum
623 2153 872 2205 excitentur,
902 2168 1029 2195 nemo
1050 2168 1135 2195 non
1161 2154 1366 2208 agnoscit,
1395 2169 1443 2196 ac
1468 2155 1645 2207 proinde

85 2222 283 2275 ampliori
320 2223 574 2276 probatione
610 2238 696 2265 non
736 2226 843 2277 eget.
887 2223 996 2273 Quia
1034 2227 1177 2266 tamen
1207 2228 1305 2266 sunt
1332 2226 1538 2278 nonnulli,
1572 2227 1644 2279 qui

85 2293 352 2335 voluntatem
388 2294 469 2336 hac
504 2295 837 2349 regenerationis
874 2295 1123 2338 inhaerente
1162 2297 1300 2350 gratia
1339 2297 1450 2339 affici
1488 2313 1644 2351 negare

87 2365 255 2417 audent,
280 2366 495 2408 nonnullis
522 2366 784 2420 argumentis
806 2367 850 2408 id
873 2367 997 2409 nobis
1014 2368 1200 2410 breviter
1217 2371 1280 2410 est
1297 2370 1644 2411 confirmandum.

139 2435 231 2478 XX.
269 2436 460 2479 Primum
497 2437 579 2479 hoc
609 2438 853 2480 demonstro
883 2453 933 2480 ex
962 2439 1235 2492 corruptione
1265 2440 1498 2481 voluntatis
1527 2442 1645 2481 ante-

87 2506 279 2559 cedanea,
318 2523 417 2549 nam
457 2508 658 2561 quicquid
696 2509 976 2562 spiritualiter
1013 2512 1261 2562 corruptum
1300 2513 1374 2561 est,
1414 2510 1493 2551 hac
1521 2510 1645 2563 spiri-

85 2579 192 2620 tuali
230 2579 426 2633 genitura
466 2582 693 2621 renovatur
733 2595 781 2622 ac
821 2581 1070 2634 corrigitur3
1100 2582 1366 2623 voluntatem
1395 2584 1536 2623 autem
1564 2581 1642 2623 ho-

86 2649 211 2691 minis
247 2651 455 2692 naturalis
484 2651 528 2692 in
558 2666 601 2693 se
633 2654 674 2693 et
703 2666 779 2704 per
808 2667 851 2693 se
882 2667 971 2694 esse
1004 2655 1260 2706 corruptam,
1291 2653 1437 2695 multis
1467 2653 1511 2694 in
1539 2653 1642 2694 locis

86 2720 307 2775 Scriptura
349 2723 510 2763 asserit.
548 2721 656 2764 Vide
695 2722 806 2776 Eph.
845 2724 880 2775 2,
920 2724 958 2765 3.
998 2726 1040 2766 et
1078 2725 1098 2765 1
1142 2723 1234 2765 Pet.
1271 2724 1309 2775 4,
1352 2725 1414 2766 13.
1453 2725 1562 2766 unde
1602 2728 1643 2766 et

86 2792 319 2846 Apostolus
355 2793 478 2835 Rom.
514 2794 550 2846 7,
582 2794 644 2835 19.
673 2794 825 2847 inquit,
857 2809 908 2836 se
936 2809 1041 2836 non
1068 2795 1251 2836 facere
1279 2795 1473 2837 bonum
1504 2797 1643 2849 quod

85 2865 223 2917 vult,
254 2865 342 2907 sed
369 2865 555 2907 facere
583 2865 778 2906 malum
807 2865 945 2918 quod
974 2880 1078 2907 non
1107 2865 1237 2907 vult.
1269 2866 1326 2908 Et
1350 2881 1388 2907 v.
1413 2867 1476 2908 21.
1503 2866 1643 2909 Com-

86 2937 262 2989 perio,
287 2937 422 2979 mihi
445 2937 653 2979 volenti
676 2936 856 2979 facere
879 2937 1096 2988 bonum,
1122 2936 1258 2979 hanc
1282 2938 1476 2991 legem,
1505 2939 1644 2992 quod

86 3007 218 3049 mihi
255 3009 448 3050 malum
485 3009 758 3061 adjaceat,
800 3008 1038 3060 ostendens,
1067 3023 1111 3049 se
1141 3008 1374 3060 voluntate,
1406 3025 1489 3062 qua
1520 3025 1640 3063 rege-
