1931 3224
582 136 647 178 DE
675 135 965 179 INOARNATIONE
997 132 1102 175 Fun
1135 131 1228 176 Dm.
1605 134 1682 175 243

122 261 413 316 conceptionis
442 261 627 313 modum,
656 261 779 303 Rom.
809 261 845 313 5,
877 261 939 302 14.
970 259 991 301 1
1023 258 1114 302 Cor.
1145 259 1208 311 15,
1239 258 1304 300 45.
1334 258 1398 300 47.
1428 257 1528 300 Joh.
1554 259 1591 309 3,
1619 259 1680 299 13.

122 337 163 376 et
192 334 228 384 6,
256 333 320 375 41.
350 335 428 375 etc.

173 402 308 445 XXII.
339 403 399 446 At
428 403 568 456 quoad
598 405 749 455 cetera,
776 403 1139 454 naturaliter,
1171 416 1244 443 seu
1275 390 1478 443 consueto
1507 402 1683 442 naturae

122 475 269 517 ordine
305 475 350 516 in
386 477 507 517 utero
546 474 738 528 Virginis
769 474 927 517 Mariae
960 473 1261 526 conformatus,
1293 473 1420 525 fotus,
1451 472 1577 524 altus,
1605 487 1683 514 no-

120 559 215 586 vem
244 547 436 598 gestatus
465 545 694 596 mensibus,
726 548 970 599 opportuno
1000 548 1149 599 partus
1178 547 1384 598 tempore,
1414 546 1591 585 naturae
1618 558 1685 585 re-

119 617 292 670 pagulis
335 617 543 677 reseratis,
574 632 647 658 seu
691 620 840 671 aperto
883 620 1018 668 utero,
1060 619 1186 658 natus
1226 616 1461 672 editusque,
1503 630 1550 656 30
1587 614 1685 656 111110

120 687 306 729 nutritus
346 688 632 741 educatusque
662 691 737 740 est,
768 688 840 730 Es.
871 688 907 740 7,
938 688 1000 729 14.
1030 688 1092 729 15.
1123 687 1222 729 Luc.
1254 687 1291 739 1,
1322 686 1385 728 56.
1416 689 1458 728 et
1488 687 1523 738 2,
1552 686 1589 727 6.
1620 685 1683 726 23.

119 759 184 801 40.
211 760 276 800 42.
306 760 369 801 52,
400 762 442 801 01
471 760 533 811 11,
564 761 626 801 27.

156 829 330 880 ,ΧΧΙΠ
367 829 508 872 Natus
546 833 610 872 est
651 833 794 872 autem
829 830 972 881 homo,
1012 832 1205 883 tempore
1240 831 1282 870 et
1309 829 1405 870 1000
1439 844 1462 870 3
1490 827 1582 870 Deo
1614 828 1685 870 de-

121 903 304 956 signato,
328 902 456 954 idque
485 904 678 955 tempore
709 903 968 955 opportuno,
993 900 1292 942 novissimo
1318 899 1480 941 scilicet
1504 899 1686 941 mundi

123 975 388 1027 tempore,
425 972 496 1014 Es.
535 974 572 1014 2.
613 975 741 1025 atque
781 972 1112 1014 adveniente
1152 972 1268 1024 ejus
1308 970 1684 1024 plenitudine,

123 1043 215 1086 Gal.
244 1045 281 1096 4,
311 1045 348 1085 4.
379 1044 609 1098 Sceptro
642 1060 666 1085 a
694 1043 759 1086 Ju
774 1045 835 1085 da
866 1044 1076 1095 ablato,
1106 1045 1259 1096 utpote
1287 1042 1486 1095 Augusto
1512 1041 1686 1083 Judaeis

121 1115 372 1169 imperante,
412 1115 560 1158 Genes.
590 1116 654 1167 49,
686 1116 748 1157 10.
778 1115 877 1157 Luc.
907 1117 942 1157 2.
973 1115 1067 1156 sub
1098 1114 1266 1156 finem
1296 1114 1358 1155 70.
1387 1112 1630 1154 Hebdom
1643 1127 1687 1153 a-

123 1187 305 1228 darum
342 1202 366 1228 a
404 1186 583 1228 Daniele
622 1187 950 1240 praedictarum,
990 1185 1097 1227 Dan.
1136 1187 1173 1227 9.
1212 1188 1340 1237 atque
1377 1185 1421 1225 in
1459 1183 1685 1233 Judaea,

123 1257 295 1299 civitate
320 1257 497 1299 Davidis
521 1257 789 1309 Bethlehem,
818 1257 948 1300 Mich.
977 1257 1014 1308 5,
1044 1258 1081 1298 2.
1110 1256 1235 1298 Μ311.
1264 1257 1300 1307 2,
1332 1256 1367 1296 1.
1393 1257 1429 1296 5.
1455 1254 1554 1296 Luc.
1584 1256 1620 1306 2,
1647 1255 1685 1296 4.

174 1328 332 1371 XXIV.
370 1329 560 1371 Modus
599 1344 728 1383 porro
771 1345 855 1382 quo
893 1328 1028 1370 Filius
1068 1327 1148 1370 Dei
1178 1327 1424 1381 unigenitus
1454 1326 1592 1368 factus
1623 1328 1687 1367 est

122 1414 232 1450 caro,
259 1402 324 1441 est
349 1415 425 1453 per
449 1400 819 1442 immediatam
847 1400 1101 1441 unionem
1128 1414 1398 1453 personae
1423 1397 1559 1439 Filii
1587 1397 1687 1438 Dei

122 1471 175 1512 ad
212 1470 444 1512 humanam
479 1474 688 1523 naturam,
728 1486 801 1512 seu
841 1469 1270 1523 assumptionem
1309 1469 1339 1510 h
1350 1485 1377 1510 11
1388 1483 1574 1510 11131130
1603 1484 1631 1509 11
1643 1483 1686 1509 3-

122 1544 299 1593 turae,
329 1543 374 1583 in
402 1557 530 1583 unam
561 1543 821 1594 eandemque
849 1556 1089 1594 personam,
1119 1540 1230 1581 Phil.
1260 1541 1297 1591 2,
1328 1540 1364 1581 7.
1394 1539 1526 1581 Hebr.
1555 1540 1591 1591 2,
1623 1540 1685 1581 16.

122 1612 190 1655 113
217 1615 265 1654 ut
294 1612 428 1654 Filius
458 1613 539 1654 Dei
572 1613 755 1654 secunda
789 1612 828 1654 S.
861 1611 901 1655 S.
931 1611 1152 1653 Trinitatis
1184 1613 1355 1652 aeterna
1380 1625 1575 1664 persona,
1600 1625 1686 1652 11011

122 1700 350 1738 personam
374 1684 766 1738 praeexsistentem,
793 1684 865 1725 sed
887 1683 1163 1726 dvuffo'wx‘rov
1178 1683 1378 1735 propriae
1401 1682 1685 1735 hypostaseos

125 1771 198 1798 seu
235 1756 537 1798 subsistentiae
578 1758 806 1809 expertem,
843 1756 933 1808 jam
961 1755 1059 1796 inde
1089 1769 1113 1795 a
1142 1753 1434 1806 conceptionis
1467 1754 1685 1794 momento
1729 1748 1747 1779 .'

125 1827 402 1881 assumpserit
440 1827 484 1868 in
523 1821 730 1880 personae
768 1826 989 1877 unitatem,
1021 1840 1197 1878 eamque
1227 1825 1309 1866 sibi
1338 1825 1559 1878 propriam
1589 1824 1687 1866 effe—

125 1899 241 1951 cerit,
285 1899 475 1951 adeoque
515 1912 612 1939 caro
652 1897 728 1939 illa
767 1900 886 1939 extra
923 1896 1081 1937 Filium
1119 1896 1201 1937 Dei
1240 1895 1562 1937 subsistentiam
1600 1910 1687 1937 11011

122 1970 293 2022 habeat,
331 1970 405 2012 sed
439 1970 483 2010 in
523 1984 571 2011 eo
611 1969 800 2020 exsistat,
833 1968 1038 2010 subsistat
1068 1970 1109 2009 et
1139 1967 1191 2008 ab
1222 1982 1270 2008 eo
1301 1968 1493 2020 gestetur
1524 1969 1565 2008 et
1594 1981 1687 2007 sus-

121 2043 324 2083 tentetur.

177 2111 314 2153 XXV.
356 2111 480 2154 Unde
522 2126 669 2154 revera
711 2111 891 2153 Filius
934 2110 1033 2152 Dei
1074 2109 1254 2152 Filius
1292 2108 1530 2151 hominis
1572 2124 1687 2152 esse

125 2183 331 2236 coepit,
359 2184 568 2225 manendo
601 2183 715 2236 quod
745 2185 847 2235 erat,
878 2185 920 2224 et
947 2181 1188 2236 incipiendo
1217 2196 1305 2223 esse
1332 2177 1446 2234 quod
1470 2196 1557 2223 non
1585 2183 1687 2232 erat,

123 2269 211 2297 non
248 2254 362 2307 quod
400 2255 439 2296 ei
477 2255 704 2307 quicquam
742 2254 796 2295 ad
822 2253 1130 2307 perfectionem
1159 2252 1404 2294 accesserit:
1436 2254 1478 2293 et
1506 2251 1687 2293 Filius

123 2325 363 2367 hominis
401 2325 578 2367 Filius
616 2325 715 2367 Dei
752 2325 933 2366 factus
974 2326 1076 2375 est,
1107 2323 1270 2365 scilicet
1300 2323 1414 2376 quod
1443 2322 1578 2363 Filius
1607 2321 1689 2362 Dei

126 2399 216 2439 erat
243 2411 321 2450 per
348 2398 557 2448 naturam,
585 2397 629 2438 id
656 2395 791 2437 Filius
820 2395 1005 2437 hominis
1033 2395 1172 2436 factus
1203 2396 1266 2436 est
1294 2409 1372 2448 per
1395 2393 1566 2434 unionis
1591 2406 1688 2445 gra—

124 2467 241 2508 tiam.
271 2466 416 2519 Atque
443 2467 545 2508 hinc
572 2467 709 2508 Maria
737 2466 911 2508 Mater
939 2465 1179 2518 Domini,
1210 2464 1307 2507 Luc.
1342 2465 1377 2516 1,
1402 2465 1464 2505 35.
1492 2466 1534 2505 01
1558 2463 1688 2506 Vete-

124 2539 241 2580 ribus
272 2537 469 2594 θεοτόκος,
505 2536 745 2590 Deipara
777 2536 1039 2590 appellatur.

177 2609 337 2652 XXVI.
377 2608 482 2650 Cum
518 2607 599 2672 hac
635 2608 792 2649 unione
828 2607 1073 2649 immediata
1110 2621 1317 2660 personae
1349 2595 1616 2657 assumentis,
1648 2608 1689 2648 et

124 2684 303 2724 naturae
326 2675 578 2733 assumptae*
597 2678 808 2730 cohaeret,
824 2680 872 2720 ut
888 2679 977 2731 ejus
994 2677 1248 2731 proprietas,
1274 2679 1593 2718 naturarum
1614 2676 1696 2718 in?

125 2755 209 2794 ter
247 2767 300 2794 se
328 2751 455 2793 unio
486 2765 576 2792 seu
605 2749 806 2801 1111111ος
837 2763 921 2802 qua
950 2750 1056 2790 duae
1085 2747 1297 2801 perfectae
1326 2750 1516 2800 naturae,
1546 2747 1689 2790 divina

127 2825 170 2865 et
196 2823 394 2874 humana,
425 2837 513 2864 non
540 2820 792 2862 naturaliter
818 2820 865 2862 in
892 2835 1021 2862 unam
1048 2821 1256 2870 naturam,
1286 2819 1330 2860 id
1360 2822 1436 2871 est,
1463 2820 1689 2862 essentiam

128 2895 170 2935 et
212 2893 455 2936 essentiales
498 2891 797 2945 proprietates,
841 2891 915 2932 sed
955 2890 1241 2944 hypostatice,
1279 2890 1323 2932 id
1361 2893 1436 2942 est,
1474 2890 1688 2933 mediante

128 2962 228 3005 Filii
267 2963 349 3006 Dei
385 2962 623 3017 hypostasi,
663 2961 708 3003 in
748 2964 877 3003 unam
912 2975 1139 3014 personam
1177 2960 1288 3003 inter
1325 2976 1368 3003 se
1406 2962 1550 3004 unitae
1579 2963 1689 3002 sunt.

147 3080 151 3081 ⁷
176 3066 366 3110 (1Χ,,.μ“-.κὶ0.»κᾪ
380 3067 469 3120 (ἕξῖψ
492 3079 495 3083 ·
