1931 3224
219 155 293 196 184
811 147 1052 188 DISPUTATm
1080 143 1174 186 XX.

217 281 258 320 et
294 276 485 326 Labanis,
526 274 598 327 qui
627 289 702 328 per
729 272 843 314 Deos
872 268 1083 310 Nachoris
1110 267 1282 320 juravit,
1313 265 1415 308 Gen.
1443 265 1508 317 31,
1539 265 1601 307 53.
1633 267 1774 308 osten-

220 349 292 389 dit.
332 347 445 388 Nam
482 361 567 387 non
596 345 689 386 ideo
718 343 926 397 probatur
954 339 1105 381 vitium
1129 337 1392 392 jurijurando
1422 337 1666 389 adhaerens,
1695 338 1774 379 etsi

214 418 446 472 juramenti
476 416 578 458 fides
608 418 648 457 et
676 415 830 456 veritas
858 411 1074 464 probetur.

272 489 362 531 LV.
401 487 643 530 Secundo
684 483 911 537 quaeritur,
952 497 1005 522 an
1030 482 1272 534 juramenta
1301 494 1378 532 per
1400 479 1530 521 falsos
1558 478 1673 521 Deos
1702 483 1776 522 aut

217 563 432 603 creaturas
471 558 595 608 facta,
633 555 835 598 servanda
873 553 959 594 sint
987 552 1039 593 ab
1068 552 1134 604 iis,
1165 551 1238 604 qui
1265 553 1417 604 postea
1444 551 1594 592 melius
1623 552 1774 606 edocti,

215 645 400 673 errorem
443 630 486 671 in
524 629 765 682 juramento
811 625 1040 666 admissum
1078 625 1328 676 agnoscunt.
1366 622 1699 677 Respondemus,
1740 624 1776 666 si

214 717 279 743 res
304 700 578 755 jurejurando
609 698 842 751 promissae
872 696 957 737 sint
986 696 1122 737 bonae
1148 697 1189 736 et
1209 696 1362 748 justae,
1380 695 1552 737 omnino
1569 696 1775 738 servanda

214 788 302 815 esse
345 771 548 825 ejusmodi
586 770 827 822 juramenta
870 767 1138 820 arbitramur,
1182 781 1231 808 ex
1273 766 1487 819 Analogia
1526 766 1610 809 loci
1651 766 1775 809 Matt.

213 845 274 895 23,
306 845 366 885 16.
397 845 438 884 et
467 856 583 894 seqq.

266 913 372 956 LVI.
416 912 604 955 Tertio
649 911 878 964 quaeritur,
924 925 977 952 an
1023 910 1164 952 omnia
1202 911 1447 963 juramenta
1486 912 1529 951 et
1558 912 1659 952 vota
1688 925 1775 953 ser-

212 986 347 1028 vanda
377 985 473 1037 sint,
504 999 611 1037 quae
640 984 689 1025 de
718 983 843 1024 rebus
872 981 1029 1023 futuris
1060 984 1266 1034 concepta
1296 983 1370 1022 aut
1394 984 1640 1035 nuncupata
1665 985 1775 1024 sunt.

212 1057 477 1111 Respondeo,
520 1055 661 1098 omnia
704 1069 752 1096 ea
788 1055 1031 1107 juramenta
1068 1068 1116 1094 ac
1155 1055 1253 1094 vota
1292 1067 1382 1094 esse
1419 1053 1637 1106 servanda,
1669 1068 1777 1106 quae

215 1129 476 1171 conditiones
515 1141 644 1180 supra
681 1141 705 1167 a
732 1125 856 1167 nobis
886 1124 1037 1166 allatas
1065 1124 1238 1176 habent,
1268 1124 1369 1166 licet
1399 1139 1446 1166 ea
1476 1125 1623 1178 gravia
1652 1124 1775 1167 nobis

215 1202 288 1241 aut
330 1199 529 1240 damnosa
570 1198 667 1249 sint,
711 1199 758 1238 ut
800 1196 940 1238 David
967 1197 1162 1247 testatur,
1191 1195 1261 1236 Ps.
1292 1196 1353 1247 15,
1383 1196 1421 1237 4.
1452 1197 1494 1237 et
1523 1196 1775 1249 exemplum,

215 1271 327 1325 quod
352 1273 491 1313 exstat
515 1269 604 1312 Jos.
628 1270 665 1311 9.
693 1269 743 1310 de
769 1267 1020 1320 GibeonitiS‚
1046 1269 1088 1309 et
1103 1266 1201 1308 Jud.
1217 1267 1280 1318 21,
1298 1267 1333 1308 1.
1351 1267 1401 1309 de
1415 1266 1680 1320 Benjamitis,
1697 1269 1776 1310 etc.

267 1341 395 1384 LVII.
438 1341 483 1384 Si
526 1356 633 1394 quae
675 1343 817 1382 tamen
851 1339 1125 1393 jurejurando
1162 1338 1374 1392 promissa
1403 1341 1512 1390 sunt,
1544 1354 1652 1392 quae
1681 1355 1777 1382 cum

214 1414 295 1456 Dei
323 1414 452 1455 verbo
482 1414 690 1466 pugnant,
720 1414 813 1453 tum
840 1410 1000 1453 valebit
1028 1410 1133 1452 illud
1161 1410 1348 1463 vulgare,
1378 1409 1438 1451 In
1466 1411 1618 1464 turpi
1647 1414 1775 1454 voto

214 1492 357 1527 muta
408 1485 704 1536 decretum,
762 1483 814 1525 in
860 1482 1018 1524 malis
1064 1482 1354 1536 promissis
1391 1481 1659 1524 'rescinde
1714 1482 1776 1525 si-

215 1557 346 1607 dem,
389 1556 743 1609 quemadmodum
786 1554 1028 1608 exemplum
1068 1553 1259 1606 Davidis,
1304 1555 1325 1595 1
1369 1553 1480 1597 Sam.
1523 1554 1587 1606 25,
1631 1555 1694 1597 33.
1734 1558 1777 1598 et

216 1628 373 1670 Christi
404 1627 691 1681 reprehensio,
720 1626 851 1668 Marc.
881 1627 917 1678 7,
947 1627 1009 1668 11.
1041 1626 1347 1667 demonstrant.
1377 1625 1490 1668 Nam
1518 1626 1682 1668 nullum
1706 1627 1776 1679 ju-

213 1701 461 1750 ramentum,
517 1698 749 1751 quamlibet
800 1712 965 1740 sacrum
1009 1699 1052 1739 et
1091 1697 1330 1748 vehemens,
1373 1697 1591 1739 hominem
1632 1699 1776 1752 potest

214 1770 374 1812 solvere
413 1770 465 1811 ab
497 1769 738 1811 obedientia
769 1784 896 1822 quam
924 1768 1016 1810 Deo
1046 1768 1182 1820 debet,
1212 1783 1289 1810 nec
1314 1769 1604 1821 juramentum
1631 1771 1776 1822 potest

214 1856 301 1883 esse
329 1841 569 1894 iniquitatis
598 1841 826 1883 vinculum.

267 1912 419 1954 LVIII.
459 1912 663 1962 Quarto
704 1912 934 1965 quaeritur,
975 1927 1027 1954 an
1063 1912 1220 1954 latroni
1249 1914 1321 1953 aut
1350 1912 1516 1965 piratae
1543 1912 1647 1954 fides
1677 1913 1776 1955 data

213 1984 268 2026 sit
296 1985 511 2026 servanda.
540 1984 805 2038 Respondeo,
834 1985 992 2026 latroni
1021 1999 1069 2026 ac
1092 1984 1257 2038 piratae
1282 1984 1532 2026 servandam
1544 1999 1633 2026 esse
1648 1985 1775 2027 fidem

212 2056 256 2097 in
284 2056 503 2109 promissis
533 2071 640 2109 quae
670 2056 869 2098 damnum
896 2058 1065 2098 tantum
1093 2056 1310 2109 privatum
1339 2070 1479 2098 secum
1507 2056 1698 2109 trahunt,
1724 2071 1775 2098 ex

215 2127 327 2169 dicto
366 2127 540 2169 Davidis
576 2127 645 2169 Ps.
687 2128 748 2169 15.
788 2127 833 2169 Si
865 2127 966 2180 quid
994 2142 1095 2169 vero
1125 2127 1323 2169 adversus
1352 2127 1672 2180 rempublicam,
1702 2130 1775 2170 aut

214 2198 315 2240 boni
345 2197 446 2240 civis
477 2198 662 2240 officium
686 2200 929 2252 juramento
959 2198 1217 2253 promissum
1245 2199 1313 2250 sit,
1338 2198 1381 2239 id
1407 2198 1565 2240 servari
1588 2213 1674 2241 non
1697 2213 1775 2252 po-

213 2271 310 2320 test,
341 2269 439 2322 quia
467 2270 511 2311 id
540 2273 687 2312 contra
715 2271 853 2324 legem
879 2270 961 2312 Dei
985 2272 1164 2324 pugnat.

266 2339 373 2382 LIX.
405 2340 606 2390 Quinto
637 2342 866 2394 quaeritur,
898 2357 951 2383 an
978 2342 1082 2383 fides
1110 2341 1336 2383 haereticis
1365 2342 1421 2383 sit
1445 2342 1661 2384 servanda.
1686 2341 1775 2384 Ne-

214 2414 318 2465 gant
356 2412 399 2453 id
426 2412 727 2465 RomanenseS,
757 2414 857 2467 quia
885 2414 952 2455 lex
981 2413 1061 2455 Dei
1090 2413 1327 2455 haereticos
1355 2413 1506 2468 punire
1529 2414 1664 2467 jubet.
1693 2413 1775 2456 Sed

213 2482 463 2535 respondeo,
500 2498 577 2526 nec
606 2484 795 2526 omnium
821 2485 1133 2527 haereticorum
1162 2499 1346 2538 poenam
1373 2485 1548 2527 mandat
1576 2484 1703 2538 Deus,
1733 2489 1774 2528 et

215 2553 249 2594 si
288 2568 467 2606 quorum
495 2561 677 2607 poenam
706 2556 890 2608 mandat,
919 2570 1006 2598 non
1033 2556 1206 2598 mandat
1235 2571 1381 2598 eorum
1409 2571 1591 2610 poenam
1620 2556 1775 2609 quibus

213 2623 315 2665 fides
343 2625 514 2678 publica
540 2626 584 2666 in
614 2626 874 2668 contrarium
903 2629 966 2668 est
994 2627 1105 2668 data.
1135 2627 1498 2676 Quemadmodum
1519 2627 1620 2669 licet
1643 2628 1775 2670 male-

214 2694 400 2737 dicentes
437 2696 619 2751 principi
657 2697 798 2738 divina
834 2697 927 2750 lege
969 2698 1267 2751 puniebantur,
1301 2697 1440 2740 noluit
1467 2700 1610 2740 tamen
1637 2698 1776 2741 David

218 2763 347 2807 Simei
382 2770 559 2820 propter
595 2768 678 2810 hoc
714 2769 884 2821 crimen,
923 2772 1071 2811 contra
1098 2769 1224 2811 fidem
1253 2769 1396 2811 datam
1423 2783 1561 2823 poena
1590 2758 1774 2813 comme-

216 2834 301 2876 rita
330 2836 453 2878 affici.

271 2905 356 2946 LX.
395 2907 556 2950 Sexto
598 2910 824 2963 quaeritur,
856 2925 909 2952 an
936 2911 1151 2965 frangenti
1178 2911 1305 2954 fidem
1332 2911 1434 2954 fides
1464 2925 1632 2965 quoque
1657 2912 1774 2955 fran-

218 2976 356 3028 genda
393 2977 460 3018 sit.
498 2978 763 3032 Respondeo,
801 2981 844 3022 in
870 2982 1122 3033 juramentis
1151 2983 1378 3036 reciprocis
1408 2985 1481 3025 aut
1509 2983 1774 3025 conditiona-
