1931 3224
266 172 341 212 192
843 169 1085 210 DISPUTATIO
1115 167 1230 209 XXI.

265 277 476 348 ruz-2³20,
514 311 538 337 o
550 310 577 348 p
590 311 617 336 u
630 310 669 347 s,
708 309 781 336 seu
821 295 992 345 nwwny,
1024 307 1042 334 s
1054 308 1074 334 e
1086 308 1106 334 r
1117 293 1329 344 vitium,
1361 294 1403 333 et
1433 294 1568 344 ³529
1604 273 1816 344 mat-2¹7&

262 367 305 408 id
343 370 419 419 est,
458 382 476 408 s
489 382 510 408 e
521 382 540 407 1·
550 366 658 408 vile
697 380 720 407 o
732 381 759 419 p
772 381 798 406 u
811 381 850 417 s,
892 363 989 405 Lev.
1028 365 1092 415 23,
1132 363 1167 404 8.
1197 363 1328 404 faciat
1354 363 1498 416 homo,
1527 379 1679 418 nempe
1709 379 1816 418 opus

263 452 396 479 suum.
436 437 553 490 Sex,
590 438 741 489 inquit,
781 435 970 477 diebus
1009 435 1330 488 operaberis
1369 437 1420 476 et
1456 435 1628 477 facies
1667 449 1816 477 omne

263 524 394 561 opus
444 511 611 558 tuum,
666 510 718 548 at
760 507 1025 559 septimus
1070 506 1183 547 dies
1227 508 1309 547 est
1351 503 1677 547 Sabbathum
1717 505 1817 547 Dei

260 580 362 630 tui,
405 581 532 620 tunc
573 593 675 619 non
716 577 886 618 facies
928 577 1096 618 ullum
1139 591 1291 630 opus,
1335 592 1505 630 neque
1545 580 1624 629 tu,
1662 591 1815 629 uxor,

259 650 438 701 filius,
468 650 619 700 filia,
651 663 823 700 neque
854 663 1040 690 servus
1070 648 1406 701 ancillaque,
1437 663 1608 701 neque
1636 648 1687 689 in
1704 647 1815 700 qui-

258 722 399 762 linus
439 736 529 762 seu
567 721 919 773 peregrinus,
959 720 1049 773 qui
1087 720 1139 761 in
1176 735 1204 773 p
1219 720 1359 762 ortis
1396 720 1520 761 tuis.
1549 718 1598 760 Id
1627 721 1703 767 est,
1732 717 1815 759 toti

258 793 401 834 domui
442 795 550 843 tuae,
592 792 678 832 imo
721 806 820 832 vero
859 794 901 833 et
940 791 1136 833 omnibus
1166 791 1453 832 animantibus
1483 789 1738 841 domesticis,
1767 789 1816 829 ut

255 865 353 906 bovi
392 866 433 904 et
471 863 602 914 asino,
643 877 751 915 quae
788 863 1003 904 laboriosa
1041 863 1224 904 maxime
1256 862 1360 915 (non
1391 861 1504 914 quod
1533 859 1814 902 sanctificatio

255 936 343 987 ejus
382 935 433 976 ad
470 935 595 975 bruta
624 936 800 987 spectet,
830 934 902 975 sed
930 948 983 975 ne
1012 934 1195 975 adhibiti
1226 934 1278 975 ad
1307 933 1497 975 laborem
1524 932 1691 974 homini
1720 931 1815 983 qui-

254 1008 363 1047 etem
403 1005 658 1058 impediant)
704 1005 807 1057 quin
849 1007 891 1046 et
935 1005 1121 1046 civitatis
1164 1005 1314 1046 incolis
1354 1007 1395 1046 et
1433 1003 1618 1055 advenis,
1656 1018 1708 1044 ne
1738 1016 1813 1044 suo

253 1077 446 1129 exemplo
483 1077 698 1131 publicam
739 1076 925 1129 quietem
954 1076 1254 1128 interturbent,
1286 1091 1393 1129 opus
1423 1074 1703 1126 interdicitur,
1733 1073 1813 1115 Ex.

253 1150 315 1190 20.
353 1149 478 1190 Deut.
517 1148 553 1190 5.
592 1148 736 1201 Atque
774 1148 835 1189 ita
874 1149 951 1190 sub
979 1149 1145 1202 negotii
1172 1148 1479 1202 prohibitione,
1510 1147 1646 1189 otium
1676 1147 1814 1187 exter-

249 1236 351 1262 num
387 1220 647 1273 praecipitur
682 1220 881 1273 religiose
910 1221 1163 1262 servandum
1175 1236 1183 1271 ;
1212 1221 1438 1274 ipsumque
1468 1219 1572 1261 adeo
1601 1217 1688 1260 tale
1719 1218 1800 1260 oti-

252 1308 323 1333 um
351 1292 395 1333 in
424 1294 544 1344 parte
574 1291 705 1333 divini
735 1291 873 1333 cultus
902 1291 1089 1345 ponitur.

306 1363 484 1406 XXVII.
523 1363 782 1405 Prohibetur
810 1379 912 1417 ergo
943 1379 1051 1417 opus
1080 1379 1152 1406 seu
1180 1364 1414 1418 negotium,
1446 1365 1488 1404 et
1517 1362 1687 1416 quidem
1714 1375 1813 1403 nos-

255 1440 381 1488 trum,
424 1436 582 1478 scilicet
626 1436 786 1488 servile,
830 1436 1135 1487 mechanicum,
1177 1436 1452 1487 laboriosum,
1497 1435 1812 1487 quaestuosum,

257 1509 552 1561 quotidianum
590 1510 717 1560 atque
756 1509 1017 1550 ordinarium
1029 1524 1037 1559 ;
1074 1509 1201 1561 idque
1237 1511 1330 1550 tum
1357 1508 1584 1561 privatum,
1613 1509 1705 1547 tum
1733 1521 1813 1559 pu-

247 1580 416 1632 blicum,
458 1581 501 1621 id
540 1582 616 1632 est,
656 1580 771 1633 quod
808 1581 1010 1633 privatim
1050 1583 1123 1622 aut
1160 1580 1331 1633 publice
1362 1594 1386 1620 a
1414 1578 1539 1620 nobis
1568 1578 1660 1619 fieri
1689 1578 1810 1630 solet,

247 1652 318 1694 Es.
357 1653 420 1704 58,
455 1653 492 1694 3.
523 1667 631 1705 quae
661 1667 791 1705 quum
821 1655 862 1694 et
891 1652 1110 1705 prohibita
1138 1651 1297 1693 fuerint
1326 1651 1371 1692 in
1399 1650 1520 1692 festis
1550 1649 1642 1690 aliis
1673 1649 1810 1691 solen-

245 1723 450 1774 nioribus,
489 1722 585 1765 Lev.
623 1724 686 1775 23,
726 1724 762 1765 7.
801 1724 837 1765 8.
876 1725 939 1765 25.
974 1724 1038 1765 32.
1068 1724 1131 1765 36.
1161 1722 1289 1764 Num.
1319 1723 1382 1774 28,
1413 1723 1477 1763 25.
1507 1721 1642 1763 multo
1673 1721 1810 1774 magis

246 1793 478 1836 Sabbatho.
520 1794 583 1836 Ut
624 1793 831 1836 Israelitis
874 1793 1014 1837 Sabb
1027 1795 1155 1836 atho
1196 1795 1221 1836 d
1234 1809 1257 1836 o
1270 1809 1312 1835 m
1326 1809 1349 1836 0
1390 1808 1481 1848 egr
1494 1793 1574 1835 edi
1613 1792 1674 1834 ad
1704 1807 1761 1834 co
1775 1792 1809 1833 1-

244 1865 281 1906 li
294 1880 393 1919 gen
406 1866 521 1907 dum
558 1865 714 1907 Mann
727 1881 771 1918 a,
810 1866 888 1908 Ex.
927 1867 990 1917 16,
1029 1867 1092 1907 22.
1122 1866 1226 1908 item
1254 1865 1388 1919 Lign
1401 1880 1424 1907 a
1437 1899 1446 1917 ,
1475 1864 1602 1907 Num.
1635 1865 1696 1917 15,
1727 1865 1805 1916 32.,

246 1936 347 1989 quin
386 1937 681 1979 accendere
710 1938 903 1991 ignem,
942 1937 1020 1979 Ex.
1058 1938 1123 1989 35,
1163 1938 1200 1978 3.
1240 1951 1474 1990 coquere
1513 1938 1562 1977 et
1605 1935 1806 1987 lixare,

243 2006 320 2048 Ex.
362 2008 422 2059 16,
464 2007 525 2049 14.
562 2008 623 2049 ita
660 2011 708 2049 ut
746 2024 831 2050 non
869 2009 953 2051 nisi
989 2008 1186 2062 pridiana
1222 2008 1343 2049 edere
1373 2010 1414 2049 et
1444 2007 1633 2060 reposita
1661 2006 1807 2048 bibere

242 2078 403 2130 liceret,
438 2081 486 2119 ut
515 2079 575 2120 ait
603 2078 798 2132 Ignatius
828 2080 879 2121 ad
907 2079 1052 2134 Magn.
1083 2082 1125 2121 et
1154 2080 1380 2121 continuus
1409 2094 1509 2120 usus
1539 2077 1803 2131 comprobat,

244 2139 396 2191 arare
435 2152 485 2191 et
520 2152 740 2203 metere,
770 2150 847 2192 Ex.
877 2152 942 2203 34,
971 2152 1035 2192 21.
1066 2150 1136 2192 To
1151 2151 1266 2192 rcul
1281 2152 1395 2192 aria
1425 2149 1662 2200 calcare,
1691 2147 1802 2190 Neh.

244 2221 306 2273 13,
341 2222 402 2263 15.
432 2221 578 2263 ferre
609 2224 660 2263 et
689 2221 882 2264 efferre
913 2237 1067 2274 onus,
1097 2221 1184 2264 Jer.
1215 2222 1278 2274 17,
1305 2223 1368 2264 21.
1393 2223 1457 2263 22.
1482 2220 1690 2262 inferre
1718 2234 1802 2261 res

244 2308 270 2334 v
285 2292 489 2344 enales,
528 2291 637 2334 Neh.
679 2294 741 2334 13.
778 2294 1008 2335 vendere
1043 2295 1093 2335 et
1122 2309 1315 2345 emere,
1346 2293 1456 2335 Neh.
1485 2294 1548 2346 10,
1580 2294 1643 2335 31.
1674 2307 1801 2347 pug-

250 2379 278 2405 n
289 2379 344 2405 ar
356 2379 396 2416 e,
429 2365 449 2405 1
481 2363 588 2406 Mac.
619 2365 655 2416 2,
686 2365 749 2406 36.
780 2380 798 2406 s
811 2380 832 2407 e
843 2380 870 2418 p
884 2380 905 2406 e
916 2365 929 2405 l
941 2365 955 2406 i
966 2380 986 2406 r
998 2380 1019 2407 e
1031 2398 1040 2416 ,
1069 2366 1094 2406 2
1123 2364 1230 2407 Mac.
1261 2366 1323 2417 12,
1353 2366 1417 2407 30.
1449 2367 1490 2407 et
1519 2364 1684 2406 similia.

293 2435 491 2477 XXVIII.
521 2436 600 2477 His
630 2436 834 2478 accedunt
864 2451 971 2490 quae
1000 2436 1043 2477 in
1066 2435 1192 2479 Novo
1215 2436 1489 2479 Testamento
1509 2440 1798 2488 recensentur;

240 2510 287 2548 ut
325 2510 433 2559 sunt,
474 2510 565 2548 tum
602 2522 649 2549 ea
686 2523 794 2560 quae
832 2523 882 2550 ex
921 2508 1121 2561 opinione
1159 2507 1186 2550 J
1189 2509 1419 2551 udae-orum
1449 2509 1502 2550 ab
1530 2509 1649 2562 ipsis,
1679 2509 1800 2561 quasi

240 2578 448 2621 Sabbathi
476 2579 733 2632 profanatio,
764 2578 933 2621 Christo
963 2579 1308 2633 improperantur
1321 2597 1330 2631 ς
1359 2582 1476 2634 puta,
1506 2580 1554 2622 cli
1564 2595 1581 2622 s
1592 2581 1672 2634 cip
1682 2581 1767 2622 ulo
1778 2595 1796 2622 s

241 2651 354 2702 ejus
397 2665 509 2692 cum
552 2665 609 2692 eo
653 2650 933 2693 Sabbatho
978 2665 1071 2704 per
1111 2654 1230 2705 sata
1269 2654 1482 2704 euntes,
1511 2651 1716 2693 vellere
1747 2654 1797 2692 et

239 2721 483 2762 manibus
521 2723 765 2763 atterere
798 2722 998 2775 spicas,
1027 2721 1132 2763 Mat.
1163 2723 1225 2775 12,
1255 2724 1292 2764 2.
1324 2723 1444 2776 quasi
1471 2723 1514 2764 in
1543 2738 1592 2765 eo
1623 2723 1796 2776 quidam

241 2794 472 2843 apparatus
515 2793 598 2834 cibi
642 2795 771 2843 esset3
809 2793 862 2847 ip
876 2808 987 2835 Sum
1025 2809 1213 2836 curare
1243 2810 1333 2837 seu
1362 2810 1550 2837 sanare
1578 2810 1793 2849 aegros,

240 2859 343 2902 Mat.
373 2863 434 2914 12,
464 2863 526 2904 10.
557 2867 805 2905 sanatum
836 2865 880 2917 ej
894 2879 951 2906 us
975 2865 1130 2917 jussu
1159 2866 1360 2908 lectum
1387 2865 1588 2908 tollere
1618 2868 1668 2907 et
1697 2881 1794 2908 am-

239 2931 449 2985 bulare,
487 2932 586 2975 Joh.
625 2936 661 2976 5.
701 2935 994 2989 collyrium
1033 2951 1090 2977 ex
1128 2940 1290 2990 sputo
1330 2939 1381 2979 et
1408 2939 1558 2978 terra
1586 2936 1791 2990 facere,

232 3005 273 3044 et
312 3003 457 3045 caeci
489 3018 512 3045 o
527 3005 664 3046 culis
693 3006 937 3059 illinere;
968 3008 1155 3059 ejusdem
1186 3009 1366 3062 imperio
1397 3023 1609 3051 caecum
1639 3008 1791 3050 abire
