1931 3224
276 167 353 207 644
882 165 1128 209 DISPUTATIO
1160 166 1225 209 LI.

275 305 371 332 vere
401 290 572 332 fuerunt
601 283 801 343 animata,
832 291 972 333 anima
1000 291 1208 343 humana,
1234 292 1307 334 aut
1332 291 1517 333 animata
1541 305 1628 333 non
1650 291 1832 334 fuerunt.

277 361 322 405 Si
351 362 550 416 primum,
580 361 637 404 eis
667 362 795 404 etiam
827 363 1032 417 competit
1060 364 1337 416 resurrectiog
1368 363 1403 405 si
1432 351 1584 417 minus,
1614 364 1716 406 talia
1746 379 1833 406 me-

275 433 358 476 rito
389 434 668 476 excluduntur
697 450 720 476 a
743 435 1064 487 resurrectione,
1092 450 1199 489 quae
1223 435 1409 477 hominis
1436 435 1725 478 definitionem
1749 451 1836 479 non

275 499 524 548 sortiuntur.
550 505 652 548 Cum
677 506 920 561 Augustino
945 510 1089 550 tamen
1115 508 1332 560 sentimus,
1348 508 1410 550 ita
1425 510 1712 551 resurrectura
1728 523 1834 562 (11130

273 576 424 619 vitiata
453 580 563 631 sunt,
592 580 640 620 ut
665 579 904 632 corrigatur
930 582 971 622 et
996 580 1242 622 emendetur
1265 582 1427 622 natura.
1455 579 1511 622 Et
1535 581 1677 623 omnia
1703 595 1835 634 quae

274 649 481 702 singuli
520 650 721 703 quique
760 654 974 705 partus,
1013 652 1097 694 vel
1137 652 1392 706 amplius,
1424 652 1508 694 vel
1536 652 1711 695 minus
1741 652 1836 694 ali-

274 722 422 775 quid,
453 722 725 775 habendo,
754 723 840 765 vel
870 723 1096 776 quadam
1122 725 1288 766 nimia
1312 724 1674 766 deformitate
1698 739 1836 767 mon-

274 796 390 837 stra
414 794 693 848 dicuntur,
721 795 783 837 ad
805 795 1068 839 humanae
1093 799 1321 838 naturae
1346 795 1587 850 figuram
1608 812 1723 840 esse
1743 812 1836 852 per

272 867 741 910 resurrectionem
770 869 1083 911 revocanda.
1112 868 1330 912 Enchirid.
1358 869 1411 911 ad
1433 868 1631 911 Laurent.
1657 884 1746 925 cap.
1771 869 1835 912 37.

326 937 546 981 XXXVII.
593 933 697 981 Cum
739 940 888 982 eodem
923 955 1009 982 non
1047 940 1291 982 dubitamus
1329 955 1526 993 asserere,
1563 941 1756 984 futurum
1791 942 1836 983 in

274 1010 583 1053 resurrectione
626 1026 801 1054 sexuum
843 1012 1088 1054 descrimen.
1133 1012 1257 1063 Quod
1293 1016 1407 1056 recte
1445 1013 1660 1067 colligitur
1699 1028 1749 1056 ex
1786 1027 1834 1055 eo

274 1083 388 1135 (111οᾶ
429 1082 623 1126 Christus
661 1084 965 1139 interrogatus,
1006 1086 1124 1138 cujus
1152 1087 1317 1140 septem
1344 1085 1526 1128 fratrum
1553 1085 1698 1128 futura
1728 1086 1837 1128 esset

275 1169 394 1207 uxor,
426 1170 553 1209 quam
582 1156 740 1210 singuli
769 1156 1016 1210 habuerant,
1046 1172 1131 1200 non
1160 1158 1334 1211 negavit
1361 1158 1405 1200 in
1434 1158 1743 1200 resurrectione
1770 1156 1836 1198 fu—

274 1229 392 1268 turas
435 1226 625 1280 feminas,
668 1243 775 1281 quae
819 1229 1120 1282 compendiosa
1156 1229 1306 1271 fuisset
1341 1230 1577 1283 responsio,
1616 1230 1651 1271 si
1687 1229 1838 1271 fuisset

275 1313 394 1350 vera;
420 1300 493 1341 sed
517 1300 690 1354 nuptias
713 1302 882 1342 tantum
907 1315 996 1342 esse
1019 1300 1197 1353 futuras,
1218 1301 1404 1354 negavit.
1430 1301 1521 1344 Imo
1547 1301 1675 1344 etiam
1690 1315 1837 1343 sexum

276 1371 525 1414 muliebrem
553 1372 744 1414 futurum
774 1387 862 1414 esse
890 1373 1092 1425 firmavit,
1123 1373 1313 1426 dicendo,
1342 1388 1445 1415 non
1467 1374 1694 1427 nubent,
1722 1373 1836 1427 quod

281 1443 333 1485 ad
370 1444 548 1486 feminas
586 1444 782 1499 pertinet,
812 1459 986 1498 neque
1014 1459 1211 1487 uxores
1241 1445 1458 1498 ducent,
1486 1445 1599 1498 quod
1631 1445 1683 1487 ad
1711 1445 1836 1487 viros.

275 1515 457 1558 Futuras
498 1530 599 1570 ergo
630 1531 738 1570 quae
765 1516 836 1559 hic
863 1516 1021 1559 nubere
1048 1517 1197 1569 solent,
1228 1517 1358 1559 etiam
1385 1516 1553 1560 futuros
1585 1516 1658 1570 qui
1686 1531 1838 1559 uxores

275 1587 346 1630 hic
391 1588 540 1631 ducere
578 1589 728 1642 solent,
767 1589 840 1631 sed
876 1588 959 1631 1100
991 1589 1052 1631 ibi
1081 1604 1167 1631 non
1194 1589 1395 1642 facturos,
1424 1587 1499 1631 De
1529 1588 1687 1631 Civit.
1718 1588 1835 1642 Dei,

275 1659 384 1702 Lib.
425 1661 487 1702 22.
527 1675 618 1714 cap.
657 1661 719 1703 17.
755 1660 805 1702 Id
842 1661 1035 1714 sequitur
1064 1662 1193 1704 etiam
1218 1676 1268 1703 ex
1299 1677 1347 1704 eo
1379 1661 1493 1715 quod
1520 1660 1633 1704 idem
1660 1674 1836 1703 numero

276 1746 440 1786 corpus,
483 1734 531 1774 ut
573 1747 702 1786 supra
745 1732 975 1788 probatum
1017 1733 1111 1786 fuit,
1154 1748 1376 1787 resurgere
1421 1733 1558 1786 debet,
1603 1733 1716 1786 quod
1750 1746 1836 1775 non

274 1804 406 1857 fieret,
435 1803 517 1846 nisi
545 1804 722 1847 haberet
752 1805 920 1848 easdem
949 1806 1213 1848 conditiones
1241 1806 1565 1858 individuantes,
1595 1805 1707 1848 inter
1733 1819 1837 1859 quas

274 1889 360 1918 non
397 1877 572 1918 minime
612 1879 675 1919 est
713 1893 836 1919 sexus
874 1878 1191 1921 determinatus.
1232 1878 1309 1920 Oui
1339 1878 1437 1920 addi
1465 1880 1620 1932 potest,
1652 1878 1766 1932 quod
1793 1879 1838 1919 in

275 1949 596 2001 resurrectione,
626 1964 711 1991 non
739 1949 956 1991 individua
983 1952 1146 2003 natura,
1175 1965 1252 1993 nec
1279 1951 1485 2004 perfectio
1515 1953 1589 1993 aut
1611 1950 1837 2004 integritas

276 2020 535 2074 specierum,
555 2021 627 2063 sed
656 2021 761 2063 vitia
786 2022 993 2064 duntaxat
1021 2024 1198 2064 naturae
1228 2022 1313 2064 sint
1342 2022 1570 2065 abolenda:
1595 2022 1707 2064 inter
1731 2036 1838 2075 quae

276 2106 361 2134 non
391 2095 454 2135 est
482 2093 680 2147 ponenda
710 2109 886 2136 sexuum
917 2093 1148 2136 distinctio.

329 2163 571 2206 XXXVIII.
603 2164 830 2215 Quaeritur
856 2166 986 2208 etiam
1011 2166 1060 2208 de
1085 2166 1200 2209 omni
1226 2180 1452 2221 corporum
1478 2165 1760 2219 deformitate,
1789 2180 1838 2207 ex

278 2235 444 2277 defectu
481 2236 547 2278 vel
583 2236 765 2278 membri
804 2237 1105 2290 convenientis,
1135 2237 1203 2279 vel
1232 2251 1445 2291 congruae
1476 2235 1743 2290 quantitatis,
1771 2234 1839 2277 vel

277 2308 514 2350 accessione
553 2309 732 2351 membri
771 2309 1140 2362 disconvenientis,
1170 2309 1237 2352 vel
1265 2309 1518 2351 inconcinno
1549 2308 1837 2350 membrorum

277 2379 374 2433 situ,
412 2395 466 2422 an
502 2379 606 2422 haec
646 2381 789 2423 omnia
828 2380 912 2423 sint
943 2381 1224 2435 corrigenda?
1254 2380 1370 2430 Quae
1401 2380 1683 2434 quaestiones,
1715 2381 1762 2421 ut
1791 2393 1839 2420 ea

278 2465 386 2504 quae
429 2452 482 2493 ad
518 2451 740 2494 hominum
779 2455 986 2496 staturam
1023 2453 1223 2508 pertinet,
1264 2468 1359 2495 cum
1387 2452 1432 2494 in
1461 2451 1590 2495 Sacra
1618 2451 1840 2505 Scriptura

279 2536 521 2575 expressam
557 2537 643 2565 non
680 2523 867 2567 habeant
906 2526 1176 2580 solutionem,
1214 2525 1511 2580 probabilibus
1541 2527 1708 2566 tantum
1739 2539 1838 2566 con-

272 2594 451 2647 jecturis
479 2595 760 2650 resolvuntur,
790 2613 894 2651 quas
925 2598 997 2640 alii
1026 2598 1132 2641 alias
1163 2598 1365 2649 afferunt;
1395 2597 1572 2652 proinde
1600 2611 1687 2639 non
1714 2598 1839 2650 puta-

278 2679 372 2707 mus
399 2681 523 2721 posse
552 2667 714 2721 aliquid
743 2669 848 2711 certi
877 2670 926 2712 de
956 2670 1041 2712 illis
1071 2669 1248 2724 definiri,
1278 2671 1446 2711 tantum
1474 2669 1518 2710 id
1548 2668 1837 2724 existimamus

278 2753 435 2791 verum,
466 2738 708 2783 ablaturum
740 2756 830 2783 esse
858 2740 997 2783 Deum
1019 2757 1042 2783 a
1067 2741 1318 2798 glorificatis
1345 2739 1594 2794 corporibus
1619 2740 1839 2792 cujuscun—

280 2824 360 2862 que
401 2825 523 2853 sexus
563 2815 636 2854 aut
675 2815 877 2866 staturae,
918 2813 1121 2866 quicquid
1159 2812 1472 2855 deformitatem
1510 2811 1697 2864 aliquam
1733 2809 1838 2863 ipsis

279 2881 515 2936 affingeret.
554 2882 623 2925 Ad
651 2883 808 2938 impios
837 2899 937 2927 vero
969 2884 1083 2938 quod
1113 2884 1280 2936 attinet,
1309 2883 1429 2927 Non
1459 2883 1615 2925 debet
1643 2880 1738 2924 nos
1767 2880 1839 2922 fa-

279 2953 457 3006 tigare
507 2955 724 2997 incerta
764 2955 1036 2998 habitudo
1083 2970 1285 3009 eorum,
1329 2968 1553 3009 quorum
1595 2955 1746 2994 certa
1790 2954 1839 2993 et

281 3024 619 3080 sempiterna
649 3028 756 3069 erit
786 3027 1076 3081 damnatio,
1107 3028 1290 3082 August.
1319 3025 1492 3069 Euchir.
1521 3039 1613 3078 cap.
1641 3025 1705 3067 92.
