1931 3224
282 133 359 174 630
891 129 1134 172 DISPUTATIO
1166 128 1233 171 LI.

283 257 309 298 d
320 272 341 298 e
370 271 423 298 re
434 270 453 297 s
464 270 492 297 u
502 270 523 296 r
534 269 554 296 r
566 269 586 295 e
599 254 711 295 ctio
726 267 785 296 ne
814 254 864 296 10
878 268 905 307 q
916 254 980 306 ui,
1012 253 1331 296 existimaverit.
1361 254 1419 296 Et
1448 257 1560 297 certe
1589 259 1719 309 prout
1746 257 1852 311 legi-

283 331 352 369 tur
379 327 424 368 in
453 326 549 368 edit.
579 325 766 378 vulgata,
795 325 866 366 vix
897 325 1058 378 aliquid
1082 327 1227 379 potest
1257 326 1395 379 magis
1425 326 1648 380 perspicue
1677 328 1730 369 ad
1759 343 1852 371 eam

283 415 371 441 rem
405 397 595 452 exprimi.
635 396 757 440 Scio
797 398 937 439 enim
975 397 1115 450 quod
1151 397 1483 451 Redemptor
1519 413 1662 441 meus
1700 399 1853 453 vivit,

285 473 335 511 et
368 470 422 510 in
458 469 760 510 novissimo
801 469 883 510 die
915 469 974 510 de
1007 471 1157 511 terra
1185 472 1600 512 resurrecturus
1629 485 1758 513 sum:
1787 470 1854 513 Et

283 555 494 583 rursum
532 539 915 581 circumdabor
951 540 1099 593 pelle
1135 554 1259 592 mea,
1298 543 1348 582 et
1375 541 1428 582 in
1458 556 1617 583 carne
1645 556 1756 583 mea
1783 542 1855 584 vi-

284 614 418 656 debo
460 612 625 654 Deum
666 626 846 654 meum.
892 610 1050 659 Quem
1091 612 1314 654 visurus
1352 627 1462 654 sum
1499 627 1596 666 ego
1635 612 1764 666 ipse,
1805 615 1855 655 et

284 685 430 727 oculi
467 685 566 726 mei
605 684 961 738 conspecturi
1000 686 1139 735 sunt,
1179 686 1230 725 et
1267 698 1372 726 non
1407 684 1569 725 alius:
1607 685 1856 739 reposita

284 760 364 799 est
393 757 522 799 haec
550 771 673 809 spes
702 770 825 807 mea,
863 755 914 796 in
943 755 1065 796 sinu
1093 769 1218 797 meo.
1249 754 1366 804 Quae
1397 755 1477 797 etsi
1504 755 1633 808 paulo
1659 756 1784 797 aliter
1810 771 1854 798 se

282 830 467 871 habeant
504 828 548 869 in
585 829 706 870 textu
744 826 953 879 Hebraeo,
984 829 1026 868 et
1050 827 1094 868 in
1121 841 1230 868 vers.
1260 842 1344 868 Lxx.
1377 827 1680 880 quoquomodo
1708 830 1853 870 tamen

283 902 516 951 vertantur,
554 898 660 940 nihil
700 898 779 940 erit
809 898 922 951 quod
949 913 1036 940 non
1065 898 1404 941 commodissime
1432 899 1485 941 ad
1512 899 1629 941 illius
1658 901 1854 953 mysterii

282 973 409 1015 fidem
447 970 740 1025 explicandam
774 972 815 1011 et
844 970 1175 1012 confirmandam
1202 970 1353 1012 adduci
1381 969 1528 1024 possit,
1557 973 1605 1012 ut
1630 986 1655 1013 a
1684 971 1853 1014 doctiss.

284 1045 505 1097 interpret.
544 1043 721 1085 Tremel.
761 1044 802 1084 et
841 1042 869 1084 J
871 1057 940 1084 un.
981 1044 1024 1084 et
1052 1042 1146 1084 aliis
1174 1042 1336 1085 factum
1361 1045 1435 1085 est.
1467 1042 1658 1092 Quorum
1686 1047 1855 1087 senten-

285 1115 402 1166 tiam,
432 1130 539 1168 quae
565 1114 647 1156 fuit
676 1113 895 1156 universae
924 1114 1079 1156 veteris
1107 1113 1334 1167 Ecclesiae,
1360 1114 1389 1157 J
1390 1115 1622 1163 udaeorum
1644 1115 1856 1169 interpre-

284 1186 520 1228 tationibus
557 1185 847 1239 praeferimus,
885 1186 965 1228 etsi
1002 1185 1172 1227 doctiss.
1212 1184 1424 1228 Mercerus
1461 1186 1506 1227 in
1545 1201 1637 1228 eam
1676 1187 1856 1241 pedibus

285 1257 431 1309 iverit3
461 1273 485 1299 a
515 1273 598 1311 qua
625 1272 703 1299 nos
733 1257 961 1309 dimovent,
991 1257 1247 1310 protestatio
1272 1257 1350 1299 illa
1372 1257 1399 1299 J
1403 1257 1486 1310 obi,
1510 1257 1560 1300 de
1574 1257 1855 1301 inscribendis

286 1329 425 1371 verbis
453 1330 540 1371 suis
561 1344 580 1371 6
591 1332 610 1371 t
619 1330 707 1383 ylo
736 1330 758 1370 f
765 1344 786 1371 e
795 1344 816 1371 r
828 1344 848 1371 r
859 1344 881 1371 e
893 1343 930 1381 o,
954 1329 1082 1382 plena
1105 1329 1179 1373 illa
1203 1344 1331 1382 quam
1354 1329 1581 1383 profitetur
1597 1345 1615 1372 s
1627 1331 1707 1372 616
1717 1345 1746 1372 11
1755 1334 1774 1373 t
1784 1332 1798 1373 i
1809 1347 1855 1385 a,

287 1416 415 1454 quam
443 1401 730 1443 indubitatam
757 1401 916 1443 habere
944 1415 1030 1442 non
1059 1403 1231 1454 poterat
1260 1401 1310 1442 de
1333 1401 1587 1444 liberatione
1615 1403 1854 1456 temporali;

287 1488 312 1515 a
335 1473 474 1515 verbis
498 1473 593 1525 illis,
618 1488 646 1526 p
660 1487 683 1514 o
697 1472 987 1514 steriorem
1017 1487 1113 1525 sup
1127 1487 1180 1514 er
1209 1472 1491 1526 pulverem
1517 1477 1855 1516 resurrectu-

286 1560 345 1586 ru
356 1560 410 1597 m,
450 1559 557 1598 quae
593 1545 680 1586 sive
709 1544 762 1586 ad
791 1543 1122 1598 Redemptorem
1150 1544 1401 1597 referantur,
1431 1545 1519 1587 sive
1548 1545 1600 1586 ad
1628 1544 1656 1587 J
1659 1545 1730 1587 obi
1758 1561 1855 1599 per-

288 1631 449 1668 sonam,
487 1616 540 1658 ad
579 1616 789 1658 bonorum
827 1616 872 1657 in
910 1615 991 1658 hac
1018 1615 1106 1657 vita
1134 1616 1450 1658 restitutionem
1479 1616 1550 1658 vix
1577 1619 1757 1670 possunt
1787 1633 1855 1660 ac-

288 1688 561 1731 commodari.
603 1688 642 1730 A
684 1687 937 1730 certitudine
978 1687 1200 1730 videndi
1251 1687 1289 1730 D
1303 1703 1417 1730 eum
1466 1689 1519 1730 111
1561 1704 1583 1731 6
1595 1703 1720 1731 arne
1763 1704 1855 1731 sua

287 1762 517 1813 postquam
556 1775 580 1801 a
622 1775 648 1801 v
659 1775 680 1802 e
691 1775 712 1801 r
722 1760 827 1802 mib
839 1775 867 1801 u
878 1775 896 1801 s
939 1775 959 1802 e
971 1775 989 1801 s
1000 1775 1018 1802 s
1031 1762 1081 1802 et
1125 1775 1146 1802 e
1156 1775 1177 1801 r
1189 1774 1213 1802 0
1226 1775 1244 1802 6
1257 1775 1293 1813 a,
1337 1775 1444 1814 quae
1484 1760 1749 1814 periphrasis
1792 1764 1855 1804 est

286 1833 437 1874 mortis
474 1834 623 1885 status,
663 1832 705 1874 et
743 1832 1035 1875 dissolutionis
1074 1832 1278 1886 corporis,
1317 1835 1395 1875 etc.
1427 1831 1543 1882 Quae
1569 1835 1712 1875 tamen
1741 1833 1855 1875 arbi-

286 1906 450 1945 tramur
484 1904 612 1946 etiam
639 1919 664 1946 a
692 1903 719 1946 J
723 1904 805 1946 obo
835 1904 965 1947 fuisse
993 1919 1216 1958 perpensa,
1245 1906 1294 1946 ut
1324 1919 1374 1946 ex
1403 1919 1452 1947 eo
1476 1919 1597 1958 spem
1621 1919 1741 1947 suam
1756 1918 1855 1947 con-

287 1975 476 2017 firmaret
511 1975 561 2017 de
599 1975 870 2017 restitutione
908 1990 984 2017 sua
1020 1976 1261 2030 temporali,
1301 1976 1353 2018 ab
1393 1990 1441 2018 eo
1480 1977 1553 2030 qui
1590 1976 1749 2019 virtute
1780 1991 1855 2018 sua

288 2049 481 2089 mortuos
511 2047 563 2089 ad
592 2047 725 2089 vitam
754 2049 1028 2089 revocaturus
1058 2049 1161 2089 erat.

342 2118 415 2161 IX.
446 2119 599 2161 Esaiae
628 2118 871 2173 Prophetae
899 2119 1149 2161 vaticinium
1178 2135 1268 2173 cap.
1301 2121 1364 2172 26,
1396 2120 1457 2162 19.
1487 2119 1527 2162 V
1538 2120 1589 2161 iv
1602 2134 1623 2162 e
1633 2121 1691 2161 nt
1721 2134 1764 2161 m
1775 2134 1799 2161 o
1811 2134 1853 2162 1·-

288 2191 369 2232 tui
405 2191 508 2243 tui,
548 2190 842 2233 interfecti
879 2191 980 2233 mei
1017 2193 1332 2245 resurgent.
1373 2194 1451 2233 etc.
1480 2190 1590 2233 Item
1618 2191 1854 2233 Ezechielis

290 2278 311 2304 c
323 2278 346 2304 a
358 2278 398 2316 p.
439 2263 503 2314 37,
544 2263 580 2304 1.
622 2265 672 2304 et
711 2277 729 2304 s
742 2277 763 2304 e
776 2278 803 2316 q
815 2277 855 2315 q.
893 2263 937 2304 in
969 2277 1053 2315 quo
1084 2263 1228 2316 agitur
1256 2263 1306 2305 de
1336 2277 1488 2317 campo
1520 2262 1684 2305 ossibus
1714 2262 1854 2316 pleno,

289 2335 426 2387 iisque
464 2334 738 2376 vehementer
777 2333 911 2385 siccis,
942 2333 1095 2386 quibus
1126 2333 1293 2376 dicebat
1321 2333 1544 2386 Dominus,
1573 2333 1689 2375 intr
1701 2348 1724 2375 o
1737 2347 1780 2374 m
1790 2333 1806 2374 1
1815 2335 1855 2375 t-

290 2409 398 2448 tam
436 2406 489 2447 in
526 2420 619 2448 vos
658 2406 949 2460 Spiritum,
990 2408 1041 2447 et
1070 2405 1297 2458 vivetis,
1328 2408 1379 2447 et
1408 2405 1543 2447 dabo
1573 2420 1733 2458 super
1761 2419 1854 2447 vos

289 2492 507 2531 nervos,
561 2480 611 2519 et
659 2491 1007 2519 succrescere
1052 2477 1252 2519 faciam
1297 2493 1461 2532 super
1506 2493 1599 2520 vos
1639 2492 1854 2529 carnes,

291 2553 368 2592 616.
409 2550 575 2592 videtur
611 2550 794 2603 quidem,
825 2551 861 2592 si
888 2549 1018 2592 verba
1047 2552 1298 2604 spectemus,
1328 2553 1595 2593 mortuorum
1627 2564 1855 2604 corporum

292 2621 529 2664 describere
554 2622 920 2680 resurrectionem,
947 2636 1074 2675 quam
1098 2624 1243 2664 tamen
1265 2621 1459 2675 plerique
1483 2621 1744 2675 lnterpretes
1767 2636 1855 2663 non

292 2693 401 2735 male
433 2693 664 2747 figuratam
691 2693 951 2747 intelligunt,
985 2693 1036 2735 de
1065 2693 1320 2736 liberatione
1349 2708 1400 2735 ex
1430 2692 1681 2747 captivitate
1710 2692 1854 2746 Baby-

295 2764 445 2815 lonica,
483 2766 524 2806 et
565 2764 736 2818 pristini
772 2765 933 2819 vigoris
972 2765 1306 2819 recuperatione.
1347 2763 1468 2807 Facit
1495 2763 1772 2806 nihilominus
1801 2763 1854 2806 ad

295 2836 617 2878 resurrectionis
655 2836 830 2890 proprie
859 2837 918 2878 sic
947 2835 1085 2878 dictae
1114 2835 1352 2878 doctrinam
1381 2835 1723 2888 confirmandam,
1754 2835 1854 2889 quia

296 2906 331 2947 si
368 2921 443 2959 per
481 2906 802 2949 similitudinem
840 2906 1050 2960 quandam
1088 2906 1193 2949 haec
1220 2906 1426 2958 dicantur,
1455 2920 1541 2948 non
1569 2905 1677 2948 solet
1705 2905 1854 2948 simili-

297 2976 400 3018 tudo
440 2977 614 3029 desumi,
653 2978 719 3019 vel
757 2978 810 3019 ab
848 2977 1195 3032 impossibilibus,
1234 2978 1299 3020 vel
1336 2977 1390 3020 ab
1427 2977 1479 3019 iis
1509 2991 1615 3030 quae
1645 2979 1718 3019 aut
1744 2992 1852 3019 nun·

1929 1199 1931 1239 „„-„
1923 1103 1931 1179 ,⁸224
1924 951 1931 1091 ..Q
1910 0 1931 942 -„-Q„Qfflm*-QQQQQ2.LM
