1931 3224
220 178 298 219 180
815 174 1058 215 DISPUTATIO
1087 171 1180 214 XX.

222 302 374 342 affectu
403 299 606 353 profecta,
636 313 721 340 non
751 313 839 340 esse
867 296 1080 350 legitima;
1111 295 1235 348 quale
1263 294 1345 336 fuit
1378 293 1568 345 Davidis,
1596 307 1690 335 611111
1713 295 1779 335 111-

220 372 505 414 ternecionem
543 371 685 412 domui
722 369 901 411 Nabalis
938 368 1072 409 iratus
1104 366 1279 419 juravit,
1310 367 1331 407 1
1362 364 1475 407 Sam.
1503 366 1566 417 25,
1597 366 1660 406 22.
1690 365 1780 406 Α111

222 444 271 485 (16
308 443 432 485 rebus
469 443 654 494 incertis,
686 441 808 494 quale
837 440 918 481 fuit
946 439 1142 490 Herodis,
1173 439 1246 491 qui
1275 437 1440 491 puellae
1470 437 1679 479 saltatrici
1709 437 1781 479 da-

219 518 363 556 turum
392 529 435 556 se
459 514 632 567 juravit,
663 511 864 565 quicquid
893 511 1101 563 petiisset,
1127 509 1282 550 Matth.
1309 510 1371 561 14,
1397 509 1432 550 7.
1462 508 1550 549 Aut
1580 508 1630 549 de
1657 508 1782 550 rebus

220 586 375 639 impiis,
416 586 537 637 quale
565 585 646 625 fuit
674 582 935 624 Judae0rum
962 582 1145 633 illorum,
1176 581 1250 633 qui
1277 595 1321 622 se
1350 580 1492 622 cibum
1519 594 1605 621 non
1637 594 1782 633 sump-

219 660 338 699 turos
368 658 651 710 conjurarant,
680 655 761 696 nisi
790 654 928 696 occiso
959 653 1104 704 Paulo,
1134 652 1228 694 Act.
1258 653 1322 704 23,
1351 653 1414 694 13.

273 727 429 769 XXVI.
466 728 532 768 Ad
570 727 895 780 promissorium
933 726 1016 767 hoc
1050 726 1283 778 juramenti
1320 739 1466 778 genus,
1495 727 1620 766 vota
1647 723 1782 776 perti-

218 803 330 851 nent,
375 799 426 840 ad
469 813 648 851 quorum
690 801 852 839 rectum
894 812 1029 848 usum,
1067 796 1330 838 conditiones
1366 796 1412 836 in
1442 796 1557 837 omni
1585 795 1781 849 legitimo

215 873 456 924 juramento
487 870 718 923 requisitae
749 884 917 922 quoque
947 869 1176 922 pertinent.

271 941 449 984 XXVII.
479 941 602 984 Unde
630 941 775 994 liquet,
808 941 950 982 omnia
977 941 1050 982 illa
1079 943 1181 982 vota
1205 955 1293 982 esse
1318 939 1647 992 condemnanda,
1674 954 1781 992 quae

220 1015 287 1056 vel
316 1014 517 1056 creaturis
546 1013 664 1064 fiunt,
695 1013 762 1055 vel
790 1015 960 1064 temere,
992 1015 1033 1070 et
1063 1013 1113 1054 de
1140 1012 1265 1054 rebus
1288 1011 1445 1063 vetitis,
1471 1013 1544 1052 aut
1568 1010 1612 1052 in
1635 1013 1783 1052 nostra

219 1087 433 1139 potestate
461 1100 543 1127 non
575 1085 680 1136 sitis,
709 1087 1022 1138 nuncupantur.
1052 1084 1121 1125 Ad
1149 1098 1256 1137 quae
1283 1082 1504 1125 referimus
1534 1084 1645 1134 vota,
1677 1096 1784 1135 quae

220 1157 331 1198 inter
358 1156 608 1198 Pontificios
637 1155 803 1198 Sanctis
832 1158 1052 1207 voventur,
1081 1156 1186 1197 item
1214 1155 1298 1196 tria
1319 1155 1391 1196 illa
1417 1169 1526 1207 quae
1551 1153 1783 1195 Monacha-

221 1229 285 1270 tui
310 1228 548 1270 communia
572 1230 680 1280 sunt,
706 1243 858 1282 nempe
882 1228 1149 1282 paupertatis
1174 1226 1450 1279 voluntariae,
1477 1225 1711 1268 caelibatus
1742 1227 1784 1266 et

223 1299 499 1351 obedientiae,
530 1302 576 1341 ut
606 1302 771 1351 vocant,
801 1300 1021 1353 regularis.

273 1370 475 1413 XXVIII.
517 1370 728 1425 Legitima
768 1387 868 1413 vero
907 1374 1008 1413 vota
1035 1371 1210 1425 proprie
1240 1371 1351 1413 circa
1378 1385 1445 1412 res
1475 1369 1665 1412 divinum
1696 1368 1783 1411 cul-

220 1445 312 1483 tum
351 1444 591 1495 spectantes
622 1445 854 1496 versantur,
887 1443 974 1485 sive
1003 1458 1080 1496 per
1110 1458 1153 1485 se
1184 1445 1225 1485 et
1255 1443 1424 1495 directe,
1455 1442 1541 1483 sive
1570 1455 1645 1495 per
1674 1440 1784 1482 acci-

221 1515 321 1556 dens
352 1516 392 1555 et
419 1514 636 1556 indirecte.

273 1583 429 1626 XXIX.
460 1584 575 1634 Quae
604 1600 680 1638 per
709 1600 752 1627 86
783 1588 824 1627 61
855 1585 1012 1627 directe
1041 1585 1230 1627 divinum
1260 1585 1420 1627 cultum
1449 1586 1656 1638 spectant,
1687 1586 1785 1626 sunt

221 1657 287 1700 vel
313 1657 569 1699 universalia
597 1657 663 1698 vel
693 1657 981 1710 particularia.

274 1728 408 1770 XXX.
447 1728 715 1771 Universalia
752 1744 921 1771 rursum
960 1731 1058 1771 sunt
1095 1729 1162 1771 vel
1192 1728 1406 1771 ordinaria
1435 1730 1477 1770 et
1504 1728 1712 1781 perpetua
1739 1725 1784 1767 in

221 1798 412 1841 Ecclesia
441 1798 535 1849 Dei,
559 1799 625 1840 vel
650 1799 987 1841 extraordinaria
1003 1802 1044 1841 et
1060 1800 1186 1842 certis
1202 1802 1371 1841 tantum
1387 1798 1553 1840 casibus
1568 1800 1783 1840 renovata.

275 1869 431 1912 XXXI.
463 1869 686 1911 Ordinaria
716 1874 825 1923 sunt,
856 1886 933 1924 per
964 1885 1071 1924 quae
1097 1871 1255 1924 singuli
1277 1871 1420 1912 fideles
1448 1870 1501 1911 ad
1528 1872 1670 1911 totum
1699 1868 1787 1911 cul-

222 1945 314 1984 tum
343 1942 544 1983 divinitus
567 1942 824 1994 institutum,
853 1943 1174 1994 observandum,
1200 1957 1224 1983 a
1250 1958 1306 1994 se,
1333 1945 1406 1984 aut
1427 1941 1676 1997 parentibus
1701 1940 1787 1982 suis

225 2014 490 2067 obligantur3
523 2028 630 2066 quae
661 2014 869 2067 obligatio
898 2015 941 2056 in
964 2014 1090 2056 Novo
1116 2014 1391 2056 Testamento
1411 2028 1493 2067 ‚per
1516 2013 1788 2066 Baptismum

223 2085 459 2137 inchoatur,
499 2100 575 2139 per
614 2085 787 2127 Sacram
823 2101 923 2127 vero
953 2085 1137 2128 Coenam
1164 2088 1395 2127 renovatur
1424 2099 1472 2126 66
1501 2083 1788 2126 confirmatur.

223 2156 346 2198 Unde
384 2159 426 2198 et
461 2157 574 2198 illius
613 2157 889 2211 obligationis
927 2158 1156 2212 signacula,
1188 2157 1462 2199 Sacramenta
1491 2171 1515 2197 a
1543 2155 1677 2197 veteri
1705 2154 1788 2196 Ec-

225 2228 350 2270 clesia
379 2230 475 2269 sunt
505 2229 731 2282 appellata.

277 2298 455 2340 XXXII.
493 2299 846 2342 Extraordinaria
878 2316 997 2353 voco,
1028 2316 1136 2354 quae
1166 2301 1292 2343 certis
1323 2301 1489 2343 casibus
1519 2302 1592 2341 aut
1620 2301 1788 2351 tempo-

224 2370 341 2412 ribus
397 2384 701 2423 nonnunquam
754 2387 778 2413 a
826 2374 919 2414 tota
970 2372 1175 2424 Ecclesia,
1229 2374 1303 2413 aut
1354 2371 1407 2413 ab
1458 2371 1572 2412 illius
1624 2362 1804 2423 optima⁴

225 2444 348 2495 parte
384 2445 655 2494 renovantur,
691 2443 890 2485 adversus
928 2443 1110 2485 aliorum
1147 2459 1172 2484 a
1198 2458 1298 2485 vero
1328 2442 1409 2484 Dei
1439 2442 1554 2484 cultu
1586 2439 1788 2482 defectio-

224 2529 332 2565 nem,
377 2516 450 2554 aut
492 2514 779 2567 corruptionis
821 2515 989 2557 futurae
1027 2517 1201 2566 metum,
1240 2515 1384 2567 qualia
1419 2515 1521 2555 vota
1559 2512 1727 2566 publice
1764 2526 1789 2552 a

225 2585 369 2637 Josua,
400 2585 489 2627 ι108.
519 2587 581 2637 24,
614 2587 675 2628 25.
707 2602 730 2628 a
761 2585 894 2638 Josia,
924 2589 948 2628 2
977 2587 1082 2640 Reg.
1113 2587 1176 2639 23,
1206 2587 1242 2628 3.
1276 2586 1329 2627 ab
1358 2585 1506 2637 Esdra,
1535 2584 1635 2626 Esd.
1661 2583 1724 2635 10,
1750 2582 1788 2623 5.

226 2659 267 2697 et
294 2657 507 2698 nonnullis
537 2657 642 2710 aliis,
672 2657 783 2699 inter
810 2657 891 2699 Dei
919 2658 1127 2711 populum
1154 2657 1326 2699 fuerunt
1353 2656 1565 2698 instituta.

280 2727 478 2769 XXXIII.
508 2728 790 2771 Particularia
818 2732 920 2771 vota
949 2730 1132 2783 appello,
1164 2744 1270 2782 quae
1299 2744 1324 2770 a
1352 2726 1683 2782 particularibus
1707 2725 1788 2767 Ec-

228 2796 378 2840 clesiae
417 2800 616 2841 membris
654 2801 773 2853 fiunt,
813 2801 940 2853 idque
977 2802 1042 2843 vel
1069 2802 1114 2843 in
1142 2801 1267 2842 rebus
1295 2799 1543 2842 necessariis
1572 2800 1614 2840 et
1641 2813 1718 2851 per
1746 2812 1789 2839 86

228 2870 397 2920 86116118,
427 2871 492 2912 vel
520 2871 564 2912 in
592 2872 716 2913 rebus
745 2872 895 2913 mediis
926 2874 967 2913 et
991 2887 1067 2925 per
1097 2887 1140 2914 se
1169 2871 1429 2925 adiaphoris.

281 2940 480 2983 XXXIV.
511 2941 560 2983 In
589 2943 713 2985 rebus
738 2944 895 2985 sanctis
920 2946 961 2985 et
984 2943 1108 2985 bonis
1133 2943 1196 2996 pii
1220 2956 1526 2995 nonnunquam
1551 2955 1661 2983 novo
1686 2942 1787 2982 voto

229 3027 271 3055 se
300 3012 585 3065 obstringunt,
614 3016 662 3055 ut
691 3015 828 3057 calcar
857 3014 938 3057 sibi
965 3015 1018 3056 ad
1047 3015 1250 3057 virtutem
1278 3014 1472 3067 aliquam.
1493 3027 1517 3054 a
1544 3011 1636 3054 Deo
1665 3025 1789 3065 prae-
