1931 3224
595 149 659 192 DE
689 148 909 192 LIBERTATE
939 148 1190 190 GHmsTmNA.
1600 145 1676 186 367

117 276 274 317 nostris
304 275 418 328 apud
445 275 583 317 Deum
609 277 786 326 constet,
816 276 863 316 ut
887 274 936 316 de
961 273 1154 327 legitimo
1179 285 1320 313 rerum
1344 269 1676 312 indifferentium

117 362 197 388 usu
237 349 350 389 recte
393 347 521 388 simus
563 347 773 398 instructi,
817 349 859 388 et
897 344 1155 387 sufficienter
1193 342 1446 394 confirmati,
1486 343 1527 383 et
1570 339 1678 382 nihil

118 418 340 460 dubitante
379 418 636 460 conscientia
676 420 749 459 aut
787 431 974 470 agamus,
1014 417 1088 458 aut
1127 414 1365 456 audeamus.
1406 412 1528 462 Quod
1566 410 1677 453 enim

117 503 192 542 per
221 504 264 530 se
288 503 374 531 non
404 491 466 530 est
492 504 714 531 commune
739 491 813 530 aut
836 489 1064 542 impurum,
1088 487 1134 528 in
1159 501 1207 528 eo
1234 485 1307 539 qui
1330 484 1439 527 illud
1464 483 1678 525 existimat

116 560 341 614 impurum,
372 560 700 612 contaminatur,
727 559 851 601 Rom.
883 559 944 612 14,
976 558 1038 600 14.

169 629 365 672 XXXIV.
405 629 485 679 Qui
525 645 626 684 ergo
666 630 716 672 de
742 631 940 672 libertate
969 644 1044 671 sua
1071 627 1260 671 nondum
1289 628 1387 668 sunt
1416 625 1533 677 certi,
1561 623 1677 665 ideo-

118 717 198 756 que
226 703 271 744 in
300 717 379 744 usu
409 702 636 754 haesitant,
667 702 876 754 dubitant,
908 704 980 743 aut
1009 717 1060 744 ex
1087 701 1230 753 aliqua
1260 697 1557 753 superstitiosa
1588 694 1680 748 opi-

116 774 243 815 nione
280 773 490 824 laborant,
531 773 590 814 eis
619 787 762 814 rerum
791 772 980 825 alioquin
1007 770 1343 813 indifferentium
1371 783 1471 810 usus
1499 781 1586 808 11011
1617 767 1681 807 031

115 844 359 886 indifferens
390 846 462 885 aut
492 858 724 895 concessus,
752 844 852 895 quia
876 843 990 895 quod
1014 842 1187 894 faciunt,
1215 857 1265 883 ex
1287 841 1369 882 fide
1394 854 1481 882 non
1504 837 1679 888 faciunt,

116 913 239 956 Rom.
281 914 342 966 14,
381 915 418 955 5.
459 914 521 955 14.
561 915 623 955 22.
665 917 707 955 01
746 914 809 955 23.
850 929 986 966 neque
1018 915 1197 967 possunt
1226 913 1340 954 bona
1367 911 1449 952 Dei
1478 909 1680 962 accipere,

117 985 257 1026 animo
296 985 530 1027 fluctuante
566 987 607 1027 et
646 985 773 1027 dubia
812 985 1083 1037 conscientia,
1126 999 1218 1026 cum
1249 984 1486 1038 gratiarum
1515 979 1680 1023 actione

118 1071 167 1098 ex
207 1056 347 1098 animo
387 1057 580 1110 profecta
619 1058 692 1110 qui
720 1056 801 1099 Dei
830 1057 1153 1099 beneficentiam
1184 1058 1225 1097 et
1255 1055 1492 1097 bonitatem
1521 1052 1566 1093 in
1595 1050 1680 1092 suis

119 1128 240 1170 donis
271 1131 488 1182 agnoscat,
519 1144 602 1182 qua
629 1131 774 1171 tamen
804 1129 906 1182 sola,
930 1129 974 1170 in
998 1143 1122 1171 usum
1144 1130 1339 1170 nostrum
1362 1123 1680 1168 sanctificantur

121 1202 339 1243 creaturae
366 1200 460 1251 Dei,
491 1201 512 1243 1
544 1200 652 1243 Tim.
683 1200 721 1253 4,
751 1200 789 1242 5.

169 1271 347 1314 XXXV.
390 1272 512 1314 Fidei
554 1272 682 1325 hujus
725 1272 1011 1326 praelucentis
1052 1271 1126 1313 fax
1167 1285 1254 1313 11011
1298 1269 1436 1311 30111111
1472 1266 1535 1308 101
1574 1279 1681 1319 quae

117 1343 253 1385 media
293 1343 459 1396 dicitur,
489 1346 686 1386 naturam
713 1343 946 1397 investigat
975 1345 1017 1385 et
1047 1343 1196 1396 aperit,
1227 1356 1329 1383 num
1357 1339 1556 1382 videlicet
1584 1337 1681 1378 talis

118 1415 174 1456 sit
204 1414 248 1456 in
279 1430 343 1465 se3
374 1415 447 1457 sed
476 1416 606 1456 etiam
636 1415 735 1456 dum
765 1415 926 1456 corda
955 1413 1247 1467 purificat,
1277 1412 1373 1453 Act.
1406 1412 1469 1463 15,
1498 1411 1535 1452 5.
1565 1424 1683 1451 men-

117 1488 205 1526 tem
235 1488 277 1527 et
306 1486 610 1527 conscientiam
639 1486 691 1527 ab
717 1485 1012 1538 inquinatione
1036 1486 1269 1536 conservat,
1294 1482 1398 1524 facit
1423 1484 1470 1523 ut
1495 1495 1561 1522 res
1584 1480 1682 1521 illae

118 1556 268 1609 cupide
305 1571 391 1598 non
430 1559 700 1610 appetantur,
741 1557 922 1610 superbe
960 1571 1045 1598 non
1076 1556 1314 1606 efferantur,
1345 1553 1564 1594 luxuriose
1594 1566 1681 1593 non

120 1628 399 1681 effundantur,
441 1631 482 1671 et
520 1644 567 1670 ea
599 1644 706 1682 quae
735 1643 811 1682 per
840 1643 882 1670 se
911 1628 1029 1669 licita
1058 1629 1191 1678 erant,
1220 1626 1287 1667 his
1319 1624 1435 1666 vitiis
1465 1638 1551 1665 non
1583 1636 1683 1663 con-

118 1700 388 1742 taminentur.
432 1700 490 1741 Et
531 1702 580 1742 ut
621 1715 728 1753 pura
770 1699 1028 1742 conscientia
1065 1698 1146 1740 Dei
1185 1698 1319 1748 donis,
1359 1694 1540 1737 mundi
1577 1707 1683 1746 pure

117 1774 307 1819 utantur,
347 1771 544 1825 quibus
583 1772 760 1813 omnia
797 1771 989 1813 munda
1018 1772 1165 1822 sunt,
1195 1769 1278 1811 Tit.
1310 1769 1346 1821 1,
1378 1768 1440 1809 13.
1470 1767 1544 1819 qui
1572 1765 1684 1806 sive

120 1843 285 1884 edunt
313 1843 426 1885 sive
455 1842 671 1894 bibunt,
701 1843 815 1884 sive
847 1842 977 1895 quid
1006 1841 1246 1892 faciunt,
1279 1838 1459 1882 omnia
1486 1838 1540 1878 in
1570 1835 1682 1890 glo-

118 1914 251 1955 riam
278 1912 377 1955 Dei
404 1913 640 1966 faciunt,
673 1915 694 1956 1
725 1913 817 1956 001.
849 1914 910 1966 10,
942 1914 1006 1955 31.

172 1984 371 2027 XXXVI.
411 1985 640 2027 Coercetur
679 1987 900 2039 praeterea
940 1984 1116 2026 libertas
1153 1984 1197 2024 in
1236 1982 1405 2033 talibus,
1437 1995 1513 2034 per
1542 1979 1681 2032 legem

120 2056 332 2107 caritatis3
377 2072 486 2110 quae
529 2057 664 2110 exigit
704 2060 752 2099 ut
796 2056 978 2098 fratrum
1020 2056 1299 2106 infirmorum,
1343 2053 1416 2106 qui
1460 2052 1596 2094 adhuc
1634 2051 1684 2092 de

120 2128 331 2170 libertatis
379 2143 477 2170 suae
519 2128 819 2182 praerogativa
862 2143 949 2170 non
991 2127 1095 2171 satis
1140 2126 1278 2168 edocti
1321 2127 1431 2177 sunt,
1474 2123 1684 2166 habeatur

120 2200 252 2251 rati03
289 2202 337 2241 ut
376 2214 522 2242 eorum
551 2202 723 2253 captum
752 2200 1030 2251 moderemur,
1061 2199 1189 2251 idque
1217 2197 1428 2251 tantisper
1458 2196 1558 2237 dum
1585 2208 1685 2248 pos-

121 2271 207 2312 sint
249 2271 417 2323 erudiri,
461 2286 692 2325 eorumque
737 2272 1076 2314 aedificationem
1112 2283 1410 2324 procuremus:
1449 2282 1535 2309 non
1574 2267 1685 2309 enim

122 2356 288 2396 semper
333 2343 511 2384 omnia
549 2358 681 2396 quae
719 2343 913 2395 licent,
955 2342 1120 2384 etiam
1157 2340 1490 2390 aedificant,
1530 2338 1552 2378 1
1591 2335 1684 2378 001.

123 2413 185 2464 10,
225 2413 289 2454 23.
331 2413 605 2467 Quapropter
631 2414 745 2456 idem
772 2413 1007 2467 Apostolus
1036 2412 1269 2466 inquiebat,
1300 2410 1355 2452 Si
1387 2424 1508 2452 esca
1537 2422 1684 2449 scan-

123 2484 328 2526 dalizet
368 2485 599 2528 fratrem
634 2500 823 2536 meum,
861 2499 966 2527 non
1004 2483 1339 2526 manducabo
1381 2494 1594 2523 carnem
1630 2479 1680 2520 in

123 2558 423 2608 aeternum,
447 2571 510 2598 ne
533 2557 762 2599 fratrem
787 2571 955 2599 meum
979 2554 1367 2605 scandalizem,
1391 2552 1514 2594 Rom.
1542 2551 1605 2602 14,
1621 2551 1684 2591 22.

124 2628 145 2668 1
186 2627 278 2670 Cor.
313 2628 350 2680 8,
382 2628 443 2669 13.
476 2628 567 2678 Qua
595 2628 640 2670 in
671 2643 716 2670 re
745 2631 889 2670 tamen
915 2628 1182 2670 infirmorum
1210 2627 1274 2668 est
1304 2627 1346 2666 01
1378 2621 1683 2677 ignorantium,

123 2698 382 2740 firmioribus
407 2701 476 2752 jus
506 2702 547 2741 et
574 2699 817 2742 libertatem
847 2714 967 2742 suam
995 2699 1245 2751 relinquere,
1276 2698 1317 2738 et
1348 2695 1552 2746 edentem,
1584 2707 1686 2746 gna-

124 2784 220 2812 rum
249 2785 348 2812 suae
377 2770 601 2822 libertatis,
632 2785 718 2812 non
748 2771 1038 2822 condemnare,
1069 2769 1192 2810 Rom.
1223 2768 1284 2818 14,
1315 2766 1377 2807 15.

177 2841 398 2884 XXXVII.
437 2841 518 2885 Sed
557 2842 748 2895 quamvis
784 2841 963 2883 infirmis
1001 2842 1053 2883 ad
1090 2838 1427 2882 aedificationem
1456 2835 1686 2878 cedendum

129 2913 197 2966 sit,
236 2913 448 2956 obstinate
484 2916 629 2956 tamen
667 2913 988 2967 superstitiosis,
1028 2914 1102 2954 aut
1129 2910 1345 2953 malitiose
1373 2908 1685 2960 insidiantibus,

130 2984 237 3025 nihil
278 2985 322 3026 in
360 2985 667 3039 praejudicium
704 2987 875 3026 nostrae
913 2983 1124 3025 libertatis
1163 2984 1227 3024 est
1264 2979 1595 3022 concedendum:
1634 2993 1686 3020 ne
