1931 3224
622 84 685 127 Dr.
715 84 895 130 PnccATo
926 87 1148 132 OmcmAm.
1601 98 1675 141 121

120 207 293 248 terum
330 223 355 249 a
391 209 635 261 peccatis
671 210 1009 266 redimimur,
1046 215 1272 268 proprie
1310 217 1475 261 fidem
1504 220 1679 264 Chris-

119 277 324 320 tianam
367 280 694 333 consistere,
738 297 833 324 cum
874 283 1057 338 August.
1101 301 1328 341 censemUS,
1358 289 1448 332 Lib.
1478 292 1528 334 de
1556 293 1676 337 Pecc.

119 348 224 402 orig.
264 365 298 391 c.
336 350 398 392 14.
438 350 538 393 Ideo
570 352 681 394 enim
708 353 841 396 Filius
869 355 949 398 Dei
978 371 1147 400 carnem
1175 361 1404 414 assumpsit
1433 362 1676 419 humanam,

118 421 159 461 et
196 420 240 461 in
272 435 319 462 ea
347 422 438 474 pati
467 423 614 476 voluit,
643 427 691 466 ut
719 425 953 469 humanum
981 443 1114 482 genus
1142 445 1167 471 a
1195 431 1399 475 servitute
1427 436 1603 489 peccati,
1632 437 1676 479 in

117 505 200 543 qua
240 506 291 533 ex
332 493 696 545 praevaricatione
737 498 866 550 primi
908 500 1097 553 parentis
1134 501 1414 556 detinebatur,
1454 505 1675 560 liberaret;

113 561 223 603 unde
246 563 334 615 jam
366 563 479 618 olim,
510 568 552 607 et
581 566 664 608 hoc
691 570 897 622 tempore,
921 570 1110 614 Ecclesia
1135 574 1303 618 eosdem
1328 577 1492 630 gratiae
1517 579 1675 623 Christi

113 633 257 675 hostes
285 649 409 687 passa
437 638 512 688 est,
544 638 585 678 et
613 638 789 691 patitur,
834 655 939 693 quos
969 643 1189 696 originalis
1217 648 1383 700 peccati
1413 653 1586 705 experta
1610 655 1673 694 est

111 708 442 764 oppugnatores.

162 774 237 817 IV.
278 776 343 819 De
382 780 561 821 naturae
604 781 858 835 obliquitate
900 787 942 827 et
984 786 1284 842 depravatione
1312 792 1541 846 aliquando
1570 810 1671 838 con-

110 834 248 899 questi
276 851 386 902 sunt,
416 850 490 902 qui
513 851 620 893 nihil
644 853 747 895 alias
771 869 898 910 supra
921 859 1118 900 naturam
1142 865 1386 913 sapuerunt.
1412 863 1669 910 Homines

107 920 303 960 natura
336 935 428 962 sua
457 936 563 964 esse
591 924 781 977 malos,
813 929 864 968 et
892 927 1078 971 induci
1105 946 1210 973 non
1238 947 1397 985 posse
1426 939 1482 977 ut
1507 938 1668 990 justi-

105 988 236 1030 tiam
274 990 479 1044 colant,
519 994 685 1036 notavit
717 995 855 1050 Plato,
884 997 975 1040 Lib.
1005 1001 1041 1042 2.
1073 1001 1123 1043 de
1150 1002 1315 1056 Repub.
1346 1005 1403 1047 Et
1431 1006 1576 1050 Cicero
1606 1010 1667 1052 la-

105 1062 318 1102 mentatus
347 1065 422 1115 est,
451 1063 732 1107 Hominem
761 1082 785 1108 a
809 1071 1007 1112 natura
1031 1086 1264 1116 noverca
1288 1076 1340 1118 in
1366 1077 1536 1120 lucem
1561 1081 1664 1134 edi,

104 1144 336 1184 corpore
372 1135 532 1188 nudo,
570 1135 768 1192 fragili
796 1142 958 1193 atque
987 1142 1233 1199 infirmo,
1264 1148 1441 1192 animo
1471 1152 1533 1193 ad
1563 1168 1665 1195 mo-

102 1202 297 1245 lestias
349 1207 532 1260 anxio,
583 1209 645 1250 ad
690 1209 918 1255 timores
960 1214 1175 1270 humili,
1219 1220 1280 1261 ad
1321 1220 1541 1265 labores
1584 1225 1664 1267 de-

101 1274 226 1327 bili,
263 1277 324 1319 ad
361 1278 627 1323 libidines
656 1283 919 1337 proclivi,
949 1286 1002 1328 in
1033 1302 1135 1340 quo
1166 1290 1383 1334 divinus
1412 1293 1558 1347 ignis
1587 1297 1660 1339 sit

103 1345 351 1400 obrutus,
395 1349 676 1404 ingenium
719 1357 770 1396 et
812 1370 998 1399 mores.
1042 1358 1209 1403 Citatur
1251 1363 1304 1404 ab
1346 1364 1458 1420 Aug.
1496 1366 1586 1410 Lib.
1623 1369 1661 1411 4.

99 1419 248 1459 contra
274 1418 361 1461 Jul.
390 1435 454 1462 ex.
483 1421 574 1464 Lib.
604 1423 654 1466 de
682 1425 846 1480 Repub.
879 1427 962 1471 Sed
990 1445 1127 1483 neque
1155 1434 1313 1476 malum
1341 1437 1444 1479 satis
1474 1453 1660 1492 agnove-

97 1490 210 1541 runt,
238 1504 376 1543 neque
403 1492 456 1534 ad
484 1494 585 1535 mali
619 1511 788 1539 causam
816 1501 858 1541 et
885 1499 1060 1554 fontem,
1090 1504 1303 1557 spirituali
1331 1507 1423 1550 luce
1453 1509 1657 1564 destituti,

95 1561 315 1613 pervenire
343 1565 588 1615 potuerunt.

148 1630 200 1673 V.
243 1632 312 1675 Ab
353 1634 518 1686 Adamo
561 1638 603 1680 in
646 1643 853 1695 posteros,
893 1648 1116 1698 peccatum
1144 1663 1242 1690 vere
1270 1650 1330 1692 sic
1359 1651 1519 1693 dictum
1548 1653 1658 1696 deri-

94 1703 196 1755 vari,
235 1719 284 1746 ex
322 1705 544 1761 Scriptura
582 1710 749 1754 Veteris
787 1716 829 1756 et
861 1715 975 1758 Novi
1004 1717 1266 1762 Testamenti
1294 1721 1655 1767 evidentissimum

95 1776 177 1825 est;
207 1774 251 1817 in
280 1791 363 1829 qua
387 1777 479 1832 ipse
504 1779 619 1823 Deus
645 1785 807 1838 asserit,
833 1801 984 1830 omne
1012 1789 1338 1844 figmentum
1367 1797 1417 1837 et
1447 1797 1654 1851 cogita-

93 1846 277 1890 tiones
307 1851 488 1893 cordis
517 1852 756 1909 humani,
786 1859 1158 1904 tantummodo
1188 1865 1385 1908 malum
1415 1882 1529 1910 esse
1553 1883 1654 1911 om-

91 1918 144 1958 ni
184 1921 449 1974 tempore,
495 1923 595 1967 Gen.
639 1927 677 1978 6,
720 1928 757 1969 5.
799 1929 928 1983 idque
971 1947 995 1973 a
1037 1936 1284 1987 pueritia
1321 1937 1518 1992 ipsius,
1551 1939 1652 1985 Gen.

92 1989 128 2040 8,
166 1990 229 2031 21.
266 1991 325 2033 Et
361 1992 448 2035 Job
477 1999 618 2049 negat,
648 2013 807 2051 posse
835 2004 1085 2046 mundum
1113 2008 1265 2050 nasci
1296 2024 1355 2051 ex
1382 2011 1651 2057 immundo

91 2065 410 2116 conceptum
438 2068 660 2122 semine,
690 2070 788 2114 Job.
821 2073 881 2115 14.
911 2075 969 2116 Et
997 2075 1135 2119 David
1165 2081 1360 2133 agnoscit
1389 2097 1442 2125 se
1471 2085 1524 2125 in
1554 2085 1651 2128 ini-

90 2132 406 2184 quitatibus
458 2143 804 2195 conceptum,
857 2144 925 2187 Ps.
968 2147 1031 2200 51,
1077 2150 1112 2191 7.
1156 2150 1212 2192 Et
1252 2151 1444 2195 Christus
1487 2158 1648 2209 asserit,

89 2217 302 2247 carnem
340 2221 455 2250 esse
494 2211 754 2265 quicquid
791 2229 851 2256 ex
889 2230 1044 2260 carne
1072 2222 1252 2263 natum
1284 2226 1383 2276 est,
1414 2224 1513 2267 Joh.
1543 2227 1580 2278 3,
1611 2229 1648 2270 6.

87 2273 145 2315 Et
183 2274 353 2329 Paulus,
392 2294 485 2332 per
522 2296 678 2325 unum
708 2284 977 2330 hominem
1007 2295 1288 2343 peccatum
1318 2295 1371 2336 in
1399 2297 1649 2340 mundum

86 2344 344 2401 intrasse,
374 2365 468 2403 per
497 2357 780 2406 peccatum
810 2362 1054 2414 mortem,
1085 2365 1135 2404 et
1162 2364 1243 2405 ita
1271 2365 1325 2406 in
1355 2381 1535 2410 omnes
1560 2369 1647 2412 ho-

85 2417 254 2460 mines
291 2424 515 2465 mortem
552 2430 972 2485 pertransiisse,
1012 2435 1065 2476 in
1103 2451 1205 2489 quo
1244 2452 1424 2481 omnes
1463 2455 1646 2493 pecca-

84 2494 306 2543 verunt,
345 2494 509 2537 etiam
545 2497 585 2539 ii
623 2501 713 2551 qui
749 2517 852 2544 non
890 2512 1259 2559 peccaverunt
1299 2510 1360 2552 ad
1388 2511 1645 2554 similitu-

84 2561 259 2604 dinem
286 2564 498 2620 Adami,
528 2568 650 2613 Rom.
680 2572 717 2624 5,
749 2574 810 2615 12.
842 2576 902 2617 13.
943 2577 1004 2618 14.
1035 2581 1085 2620 et
1113 2594 1208 2622 nos
1238 2595 1418 2624 omnes
1447 2587 1644 2629 natura

84 2647 197 2675 esse
238 2634 395 2678 filios
437 2638 571 2693 irae,
614 2641 725 2696 Eph.
770 2646 805 2697 2,
849 2647 885 2688 3.
932 2647 1046 2697 Quae
1089 2665 1223 2703 pauca
1253 2667 1275 2694 e
1302 2654 1446 2696 multis
1475 2656 1642 2709 selecta,

81 2705 278 2748 morbum
315 2710 419 2751 satis
457 2711 674 2767 detegunt,
713 2730 837 2768 quem
869 2718 1001 2761 Satan
1030 2723 1214 2775 tegendo
1243 2724 1519 2769 incurabilem
1547 2730 1643 2771 red-

82 2776 179 2820 dere
206 2780 356 2822 tentat.

133 2848 208 2891 VI.
255 2850 373 2894 Idem
411 2847 618 2897 evincitur
655 2859 893 2903 rationibus
929 2863 1180 2906 firmissimis
1219 2881 1269 2908 ex
1307 2869 1507 2924 analogia
1542 2872 1640 2915 fidei

78 2919 236 2971 petitis.
275 2923 309 2964 1.
346 2924 386 2965 A
425 2925 743 2972 circumcisione
771 2932 885 2986 olim,
917 2937 958 2976 et
986 2935 1199 2988 baptismo
1228 2938 1309 2981 hoc
1336 2942 1542 2995 tempore,
1573 2943 1637 2985 in-
