<?xml version="1.0" encoding="UTF-8"?>
<!DOCTYPE html PUBLIC "-//W3C//DTD XHTML 1.0 Transitional//EN"
    "http://www.w3.org/TR/xhtml1/DTD/xhtml1-transitional.dtd">
<html xmlns="http://www.w3.org/1999/xhtml" xml:lang="en" lang="en">
 <head>
  <title>
</title>
<meta http-equiv="Content-Type" content="text/html;charset=utf-8" />
  <meta name='ocr-system' content='tesseract 3.04.00' />
  <meta name='ocr-capabilities' content='ocr_page ocr_carea ocr_par ocr_line ocrx_word'/>
</head>
<body>
  <div class='ocr_page' id='page_1' title='image "./synopsispurioris00poly_0680.png"; bbox 0 0 1931 3224; ppageno 0'>
   <div class='ocr_carea' id='block_1_1' title="bbox 288 140 1255 183">
    <p class='ocr_par' dir='ltr' id='par_1_1' title="bbox 288 140 1255 183">
     <span class='ocr_line' id='line_1_1' title="bbox 288 140 1255 183; baseline 0 -1"><span class='ocrx_word' id='word_1_1' title='bbox 288 141 366 182; x_wconf 89' lang='grc'><strong>660</strong></span> <span class='ocrx_word' id='word_1_2' title='bbox 900 140 1139 183; x_wconf 76' lang='lat' dir='ltr'><strong>DISPUTArm</strong></span> <span class='ocrx_word' id='word_1_3' title='bbox 1167 140 1255 183; x_wconf 88' lang='lat' dir='ltr'>LII.</span> 
     </span>
    </p>
   </div>
   <div class='ocr_carea' id='block_1_2' title="bbox 286 264 1852 1679">
    <p class='ocr_par' dir='ltr' id='par_1_2' title="bbox 286 264 1852 959">
     <span class='ocr_line' id='line_1_2' title="bbox 289 264 1852 319; baseline 0.003 -13"><span class='ocrx_word' id='word_1_4' title='bbox 289 266 334 306; x_wconf 91' lang='lat' dir='ltr'><strong>in</strong></span> <span class='ocrx_word' id='word_1_5' title='bbox 376 265 502 319; x_wconf 88' lang='lat' dir='ltr'><strong>plena</strong></span> <span class='ocrx_word' id='word_1_6' title='bbox 543 265 618 306; x_wconf 90' lang='lat' dir='ltr'><strong>illa</strong></span> <span class='ocrx_word' id='word_1_7' title='bbox 653 265 929 307; x_wconf 73' lang='lat' dir='ltr'><strong>beatitudinis</strong></span> <span class='ocrx_word' id='word_1_8' title='bbox 972 265 1175 308; x_wconf 70' lang='lat' dir='ltr'><strong>fruitione</strong></span> <span class='ocrx_word' id='word_1_9' title='bbox 1216 265 1341 319; x_wconf 81' lang='lat' dir='ltr'>plene</span> <span class='ocrx_word' id='word_1_10' title='bbox 1382 264 1473 308; x_wconf 85' lang='lat' dir='ltr'><strong>fore</strong></span> <span class='ocrx_word' id='word_1_11' title='bbox 1515 269 1766 308; x_wconf 86' lang='lat' dir='ltr'><strong>renovatum</strong></span> <span class='ocrx_word' id='word_1_12' title='bbox 1803 282 1852 310; x_wconf 88' lang='lat' dir='ltr'><strong>ac</strong></span> 
     </span>
     <span class='ocr_line' id='line_1_3' title="bbox 290 334 1849 390; baseline 0.001 -11"><span class='ocrx_word' id='word_1_13' title='bbox 290 336 611 379; x_wconf 87' lang='lat' dir='ltr'><strong>sanctificatum.</strong></span> <span class='ocrx_word' id='word_1_14' title='bbox 648 334 772 379; x_wconf 85' lang='lat' dir='ltr'>Unde</span> <span class='ocrx_word' id='word_1_15' title='bbox 812 339 854 379; x_wconf 91' lang='lat' dir='ltr'><strong>et</strong></span> <span class='ocrx_word' id='word_1_16' title='bbox 891 336 1130 390; x_wconf 72' lang='lat' dir='ltr'>Apostolus</span> <span class='ocrx_word' id='word_1_17' title='bbox 1168 336 1320 379; x_wconf 88' lang='lat' dir='ltr'><strong>Petrus</strong></span> <span class='ocrx_word' id='word_1_18' title='bbox 1350 337 1374 378; x_wconf 83' lang='lat'><strong>2</strong></span> <span class='ocrx_word' id='word_1_19' title='bbox 1403 336 1495 379; x_wconf 90' lang='lat' dir='ltr'><strong>Pet.</strong></span> <span class='ocrx_word' id='word_1_20' title='bbox 1523 337 1560 390; x_wconf 86' lang='lat'><strong>3,</strong></span> <span class='ocrx_word' id='word_1_21' title='bbox 1592 338 1653 379; x_wconf 88' lang='grc'><strong>13.</strong></span> <span class='ocrx_word' id='word_1_22' title='bbox 1682 353 1710 379; x_wconf 98' lang='grc'><strong>11</strong></span> <span class='ocrx_word' id='word_1_23' title='bbox 1722 353 1746 380; x_wconf 96' lang='grc'><strong>0</strong></span> <span class='ocrx_word' id='word_1_24' title='bbox 1757 354 1783 380; x_wconf 88' lang='lat' dir='ltr'><strong>v</strong></span> <span class='ocrx_word' id='word_1_25' title='bbox 1794 353 1818 382; x_wconf 96' lang='lat' dir='ltr'>o</span> <span class='ocrx_word' id='word_1_26' title='bbox 1831 353 1849 381; x_wconf 93' lang='lat' dir='ltr'><strong>s</strong></span> 
     </span>
     <span class='ocr_line' id='line_1_4' title="bbox 289 408 1852 462; baseline 0.001 -13"><span class='ocrx_word' id='word_1_27' title='bbox 289 408 441 450; x_wconf 90' lang='lat' dir='ltr'><strong>coelo</strong></span> <span class='ocrx_word' id='word_1_28' title='bbox 455 422 473 449; x_wconf 91' lang='grc'><strong>0</strong></span> <span class='ocrx_word' id='word_1_29' title='bbox 512 410 564 449; x_wconf 89' lang='lat' dir='ltr'><strong>et</strong></span> <span class='ocrx_word' id='word_1_30' title='bbox 600 422 789 450; x_wconf 87' lang='lat' dir='ltr'><strong>novam</strong></span> <span class='ocrx_word' id='word_1_31' title='bbox 828 410 1031 450; x_wconf 91' lang='lat' dir='ltr'><strong>terram</strong></span> <span class='ocrx_word' id='word_1_32' title='bbox 1058 409 1290 462; x_wconf 88' lang='lat' dir='ltr'><strong>promittit,</strong></span> <span class='ocrx_word' id='word_1_33' title='bbox 1320 409 1374 450; x_wconf 95' lang='lat' dir='ltr'><strong>in</strong></span> <span class='ocrx_word' id='word_1_34' title='bbox 1402 408 1597 461; x_wconf 88' lang='lat' dir='ltr'><strong>quibus</strong></span> <span class='ocrx_word' id='word_1_35' title='bbox 1623 409 1852 461; x_wconf 86' lang='lat' dir='ltr'><strong>justitia</strong></span> 
     </span>
     <span class='ocr_line' id='line_1_5' title="bbox 288 479 1850 532; baseline 0.002 -12"><span class='ocrx_word' id='word_1_36' title='bbox 288 479 658 529; x_wconf 82' lang='lat' dir='ltr'><strong>inhabitabit3</strong></span> <span class='ocrx_word' id='word_1_37' title='bbox 689 482 817 532; x_wconf 87' lang='lat' dir='ltr'><strong>atque</strong></span> <span class='ocrx_word' id='word_1_38' title='bbox 846 481 1011 522; x_wconf 85' lang='lat' dir='ltr'><strong>animae</strong></span> <span class='ocrx_word' id='word_1_39' title='bbox 1042 481 1264 522; x_wconf 89' lang='lat' dir='ltr'><strong>beatorum</strong></span> <span class='ocrx_word' id='word_1_40' title='bbox 1295 480 1339 521; x_wconf 91' lang='lat' dir='ltr'><strong>in</strong></span> <span class='ocrx_word' id='word_1_41' title='bbox 1368 480 1485 522; x_wconf 91' lang='lat' dir='ltr'><strong>coelo</strong></span> <span class='ocrx_word' id='word_1_42' title='bbox 1515 479 1680 522; x_wconf 89' lang='lat' dir='ltr'><strong>stolis</strong></span> <span class='ocrx_word' id='word_1_43' title='bbox 1709 480 1850 523; x_wconf 90' lang='lat' dir='ltr'><strong>albis</strong></span> 
     </span>
     <span class='ocr_line' id='line_1_6' title="bbox 288 550 1852 606; baseline 0.003 -15"><span class='ocrx_word' id='word_1_44' title='bbox 288 550 613 602; x_wconf 86' lang='lat' dir='ltr'><strong>induuntur,</strong></span> <span class='ocrx_word' id='word_1_45' title='bbox 641 553 694 592; x_wconf 93' lang='lat' dir='ltr'><strong>et</strong></span> <span class='ocrx_word' id='word_1_46' title='bbox 715 550 925 605; x_wconf 87' lang='lat' dir='ltr'><strong>palmae</strong></span> <span class='ocrx_word' id='word_1_47' title='bbox 949 552 1018 593; x_wconf 88' lang='lat' dir='ltr'><strong>iis</strong></span> <span class='ocrx_word' id='word_1_48' title='bbox 1042 552 1095 593; x_wconf 92' lang='lat' dir='ltr'><strong>in</strong></span> <span class='ocrx_word' id='word_1_49' title='bbox 1118 551 1365 593; x_wconf 89' lang='lat' dir='ltr'><strong>manibus</strong></span> <span class='ocrx_word' id='word_1_50' title='bbox 1392 551 1607 604; x_wconf 86' lang='lat' dir='ltr'><strong>dantur,</strong></span> <span class='ocrx_word' id='word_1_51' title='bbox 1632 554 1852 606; x_wconf 87' lang='lat' dir='ltr'><strong>tamquam</strong></span> 
     </span>
     <span class='ocr_line' id='line_1_7' title="bbox 288 619 1852 679; baseline 0.003 -16"><span class='ocrx_word' id='word_1_52' title='bbox 288 619 483 672; x_wconf 86' lang='lat' dir='ltr'><strong>Satanae,</strong></span> <span class='ocrx_word' id='word_1_53' title='bbox 534 621 694 674; x_wconf 91' lang='lat' dir='ltr'><strong>mundi,</strong></span> <span class='ocrx_word' id='word_1_54' title='bbox 747 625 790 664; x_wconf 90' lang='lat' dir='ltr'><strong>et</strong></span> <span class='ocrx_word' id='word_1_55' title='bbox 840 623 1004 677; x_wconf 91' lang='lat' dir='ltr'><strong>peccati</strong></span> <span class='ocrx_word' id='word_1_56' title='bbox 1047 623 1295 676; x_wconf 87' lang='lat' dir='ltr'><strong>victoribus,</strong></span> <span class='ocrx_word' id='word_1_57' title='bbox 1339 623 1474 677; x_wconf 89' lang='lat' dir='ltr'><strong>Apoc.</strong></span> <span class='ocrx_word' id='word_1_58' title='bbox 1517 623 1554 675; x_wconf 86' lang='lat'><strong>7,</strong></span> <span class='ocrx_word' id='word_1_59' title='bbox 1596 625 1632 666; x_wconf 88' lang='lat'><strong>9.</strong></span> <span class='ocrx_word' id='word_1_60' title='bbox 1675 627 1718 666; x_wconf 91' lang='lat' dir='ltr'><strong>et</strong></span> <span class='ocrx_word' id='word_1_61' title='bbox 1758 625 1852 679; x_wconf 87' lang='lat' dir='ltr'><strong>ipsa</strong></span> 
     </span>
     <span class='ocr_line' id='line_1_8' title="bbox 286 692 1852 749; baseline 0.003 -16"><span class='ocrx_word' id='word_1_62' title='bbox 286 706 444 746; x_wconf 85' lang='lat' dir='ltr'><strong>sponsa</strong></span> <span class='ocrx_word' id='word_1_63' title='bbox 482 692 642 735; x_wconf 81' lang='lat' dir='ltr'><strong>Christi</strong></span> <span class='ocrx_word' id='word_1_64' title='bbox 680 693 925 747; x_wconf 88' lang='lat' dir='ltr'><strong>ingressura</strong></span> <span class='ocrx_word' id='word_1_65' title='bbox 963 694 1015 736; x_wconf 85' lang='lat' dir='ltr'><strong>ad</strong></span> <span class='ocrx_word' id='word_1_66' title='bbox 1051 709 1269 748; x_wconf 87' lang='lat' dir='ltr'><strong>sponsum,</strong></span> <span class='ocrx_word' id='word_1_67' title='bbox 1299 694 1352 736; x_wconf 91' lang='lat' dir='ltr'><strong>ad</strong></span> <span class='ocrx_word' id='word_1_68' title='bbox 1380 694 1679 737; x_wconf 81' lang='lat' dir='ltr'><strong>solennitatem</strong></span> <span class='ocrx_word' id='word_1_69' title='bbox 1706 696 1852 749; x_wconf 89' lang='lat' dir='ltr'><strong>nupti-</strong></span> 
     </span>
     <span class='ocr_line' id='line_1_9' title="bbox 287 762 1852 820; baseline 0.003 -17"><span class='ocrx_word' id='word_1_70' title='bbox 287 762 396 804; x_wconf 85' lang='lat' dir='ltr'><strong>alem</strong></span> <span class='ocrx_word' id='word_1_71' title='bbox 425 762 550 816; x_wconf 85' lang='lat' dir='ltr'>plene</span> <span class='ocrx_word' id='word_1_72' title='bbox 579 764 885 817; x_wconf 74' lang='lat' dir='ltr'>celebrandam,</span> <span class='ocrx_word' id='word_1_73' title='bbox 915 766 969 807; x_wconf 92' lang='lat' dir='ltr'><strong>in</strong></span> <span class='ocrx_word' id='word_1_74' title='bbox 982 766 1168 807; x_wconf 89' lang='lat' dir='ltr'><strong>duitur</strong></span> <span class='ocrx_word' id='word_1_75' title='bbox 1196 781 1224 819; x_wconf 90' lang='lat' dir='ltr'><strong>p</strong></span> <span class='ocrx_word' id='word_1_76' title='bbox 1237 766 1426 807; x_wconf 89' lang='lat' dir='ltr'><strong>rimum</strong></span> <span class='ocrx_word' id='word_1_77' title='bbox 1453 766 1616 820; x_wconf 82' lang='lat' dir='ltr'>bysso</span> <span class='ocrx_word' id='word_1_78' title='bbox 1647 781 1782 820; x_wconf 88' lang='lat' dir='ltr'><strong>pura</strong></span> <span class='ocrx_word' id='word_1_79' title='bbox 1803 782 1852 809; x_wconf 90' lang='lat' dir='ltr'><strong>ac</strong></span> 
     </span>
     <span class='ocr_line' id='line_1_10' title="bbox 287 835 1850 890; baseline 0.002 -14"><span class='ocrx_word' id='word_1_80' title='bbox 287 835 598 889; x_wconf 88' lang='lat' dir='ltr'><strong>splendida,</strong></span> <span class='ocrx_word' id='word_1_81' title='bbox 651 851 784 889; x_wconf 88' lang='lat' dir='ltr'><strong>quae</strong></span> <span class='ocrx_word' id='word_1_82' title='bbox 837 840 962 879; x_wconf 87' lang='lat' dir='ltr'><strong>sunt</strong></span> <span class='ocrx_word' id='word_1_83' title='bbox 1002 837 1459 890; x_wconf 84' lang='lat' dir='ltr'><strong>justificationes</strong></span> <span class='ocrx_word' id='word_1_84' title='bbox 1501 837 1850 890; x_wconf 80' lang='lat' dir='ltr'><strong>Sanctorum,</strong></span> 
     </span>
     <span class='ocr_line' id='line_1_11' title="bbox 286 904 580 959; baseline 0.01 -14"><span class='ocrx_word' id='word_1_85' title='bbox 286 904 421 959; x_wconf 89' lang='lat' dir='ltr'><strong>Apoc.</strong></span> <span class='ocrx_word' id='word_1_86' title='bbox 453 906 514 958; x_wconf 85' lang='lat'><strong>19,</strong></span> <span class='ocrx_word' id='word_1_87' title='bbox 544 907 580 948; x_wconf 83' lang='lat'><strong>8.</strong></span> 
     </span>
    </p>

    <p class='ocr_par' dir='ltr' id='par_1_3' title="bbox 287 977 1850 1321">
     <span class='ocr_line' id='line_1_12' title="bbox 339 977 1850 1033; baseline 0.002 -14"><span class='ocrx_word' id='word_1_88' title='bbox 339 977 540 1020; x_wconf 90' lang='lat' dir='ltr'><strong>XXVIII.</strong></span> <span class='ocrx_word' id='word_1_89' title='bbox 579 978 821 1033; x_wconf 87' lang='lat' dir='ltr'><strong>Utrumque</strong></span> <span class='ocrx_word' id='word_1_90' title='bbox 851 996 952 1023; x_wconf 85' lang='lat' dir='ltr'><strong>vero</strong></span> <span class='ocrx_word' id='word_1_91' title='bbox 980 981 1063 1024; x_wconf 87' lang='lat' dir='ltr'><strong>hoc</strong></span> <span class='ocrx_word' id='word_1_92' title='bbox 1091 981 1335 1024; x_wconf 88' lang='lat' dir='ltr'><strong>beatificum</strong></span> <span class='ocrx_word' id='word_1_93' title='bbox 1363 981 1444 1023; x_wconf 91' lang='lat' dir='ltr'><strong>Dei</strong></span> <span class='ocrx_word' id='word_1_94' title='bbox 1471 980 1723 1023; x_wconf 90' lang='lat' dir='ltr'><strong>beneficium</strong></span> <span class='ocrx_word' id='word_1_95' title='bbox 1751 995 1850 1023; x_wconf 92' lang='lat' dir='ltr'><strong>con-</strong></span> 
     </span>
     <span class='ocr_line' id='line_1_13' title="bbox 288 1044 1850 1110; baseline 0.002 -19"><span class='ocrx_word' id='word_1_96' title='bbox 288 1053 489 1103; x_wconf 90' lang='lat' dir='ltr'><strong>sequetur</strong></span> <span class='ocrx_word' id='word_1_97' title='bbox 516 1051 659 1103; x_wconf 91' lang='lat' dir='ltr'><strong>tertio,</strong></span> <span class='ocrx_word' id='word_1_98' title='bbox 688 1052 823 1105; x_wconf 90' lang='lat' dir='ltr'><strong>ipsius</strong></span> <span class='ocrx_word' id='word_1_99' title='bbox 851 1044 1027 1095; x_wconf 86' lang='lat' dir='ltr'><strong>humani</strong></span> <span class='ocrx_word' id='word_1_100' title='bbox 1057 1055 1261 1107; x_wconf 84' lang='lat' dir='ltr'><strong>corporis,</strong></span> <span class='ocrx_word' id='word_1_101' title='bbox 1292 1054 1483 1107; x_wconf 79' lang='lat' dir='ltr'>adeoque</span> <span class='ocrx_word' id='word_1_102' title='bbox 1509 1054 1644 1096; x_wconf 87' lang='lat' dir='ltr'><strong>totius</strong></span> <span class='ocrx_word' id='word_1_103' title='bbox 1664 1052 1850 1110; x_wconf 88' lang='lat' dir='ltr'><strong>hominis</strong></span> 
     </span>
     <span class='ocr_line' id='line_1_14' title="bbox 287 1121 1850 1179; baseline 0.003 -16"><span class='ocrx_word' id='word_1_104' title='bbox 287 1121 476 1175; x_wconf 84' lang='lat' dir='ltr'><strong>perfecta</strong></span> <span class='ocrx_word' id='word_1_105' title='bbox 513 1122 566 1176; x_wconf 90' lang='lat' dir='ltr'><strong>gl</strong></span> <span class='ocrx_word' id='word_1_106' title='bbox 578 1136 602 1163; x_wconf 93' lang='grc'>0</span> <span class='ocrx_word' id='word_1_107' title='bbox 614 1137 635 1163; x_wconf 93' lang='lat' dir='ltr'><strong>r</strong></span> <span class='ocrx_word' id='word_1_108' title='bbox 645 1122 659 1164; x_wconf 91' lang='lat' dir='ltr'><strong>i</strong></span> <span class='ocrx_word' id='word_1_109' title='bbox 670 1122 711 1163; x_wconf 80' lang='lat' dir='ltr'><strong>fi</strong></span> <span class='ocrx_word' id='word_1_110' title='bbox 727 1138 748 1164; x_wconf 97' lang='grc'><strong>0</strong></span> <span class='ocrx_word' id='word_1_111' title='bbox 762 1139 785 1165; x_wconf 89' lang='lat' dir='ltr'><strong>a</strong></span> <span class='ocrx_word' id='word_1_112' title='bbox 795 1125 813 1164; x_wconf 89' lang='lat' dir='ltr'><strong>t</strong></span> <span class='ocrx_word' id='word_1_113' title='bbox 825 1124 839 1165; x_wconf 89' lang='lat' dir='ltr'><strong>i</strong></span> <span class='ocrx_word' id='word_1_114' title='bbox 852 1138 875 1166; x_wconf 94' lang='lat'>0</span> <span class='ocrx_word' id='word_1_115' title='bbox 890 1157 899 1176; x_wconf 88' lang='lat'><strong>,</strong></span> <span class='ocrx_word' id='word_1_116' title='bbox 939 1139 1045 1177; x_wconf 88' lang='lat' dir='ltr'><strong>quae</strong></span> <span class='ocrx_word' id='word_1_117' title='bbox 1075 1125 1330 1178; x_wconf 86' lang='lat' dir='ltr'><strong>glorificatio</strong></span> <span class='ocrx_word' id='word_1_118' title='bbox 1358 1125 1402 1167; x_wconf 88' lang='lat' dir='ltr'><strong>in</strong></span> <span class='ocrx_word' id='word_1_119' title='bbox 1430 1124 1663 1179; x_wconf 86' lang='lat' dir='ltr'><strong>Scripturis</strong></span> <span class='ocrx_word' id='word_1_120' title='bbox 1691 1126 1850 1178; x_wconf 87' lang='lat' dir='ltr'><strong>partim</strong></span> 
     </span>
     <span class='ocr_line' id='line_1_15' title="bbox 287 1194 1850 1251; baseline 0.003 -16"><span class='ocrx_word' id='word_1_121' title='bbox 287 1208 363 1246; x_wconf 91' lang='lat' dir='ltr'><strong>per</strong></span> <span class='ocrx_word' id='word_1_122' title='bbox 391 1194 674 1237; x_wconf 83' lang='lat' dir='ltr'><strong>remotionem</strong></span> <span class='ocrx_word' id='word_1_123' title='bbox 702 1196 839 1237; x_wconf 85' lang='lat' dir='ltr'><strong>omnis</strong></span> <span class='ocrx_word' id='word_1_124' title='bbox 868 1196 1216 1249; x_wconf 75' lang='lat' dir='ltr'><strong>imperfectionis,</strong></span> <span class='ocrx_word' id='word_1_125' title='bbox 1241 1197 1399 1251; x_wconf 87' lang='lat' dir='ltr'><strong>partim</strong></span> <span class='ocrx_word' id='word_1_126' title='bbox 1422 1212 1499 1251; x_wconf 93' lang='lat' dir='ltr'><strong>per</strong></span> <span class='ocrx_word' id='word_1_127' title='bbox 1522 1197 1850 1240; x_wconf 86' lang='lat' dir='ltr'><strong>affirmationem</strong></span> 
     </span>
     <span class='ocr_line' id='line_1_16' title="bbox 288 1266 1380 1321; baseline 0.003 -14"><span class='ocrx_word' id='word_1_128' title='bbox 288 1266 546 1309; x_wconf 88' lang='lat' dir='ltr'><strong>contrariam</strong></span> <span class='ocrx_word' id='word_1_129' title='bbox 576 1267 828 1321; x_wconf 86' lang='lat' dir='ltr'><strong>omnigenae</strong></span> <span class='ocrx_word' id='word_1_130' title='bbox 857 1268 1131 1321; x_wconf 85' lang='lat' dir='ltr'><strong>perfectionis</strong></span> <span class='ocrx_word' id='word_1_131' title='bbox 1159 1269 1380 1311; x_wconf 87' lang='lat' dir='ltr'><strong>indicatur.</strong></span> 
     </span>
    </p>

    <p class='ocr_par' dir='ltr' id='par_1_4' title="bbox 288 1337 1852 1679">
     <span class='ocr_line' id='line_1_17' title="bbox 342 1337 1849 1394; baseline 0.002 -15"><span class='ocrx_word' id='word_1_132' title='bbox 342 1337 498 1380; x_wconf 90' lang='lat' dir='ltr'>XXIX.</span> <span class='ocrx_word' id='word_1_133' title='bbox 537 1338 828 1382; x_wconf 84' lang='lat' dir='ltr'><strong>Removentur</strong></span> <span class='ocrx_word' id='word_1_134' title='bbox 868 1354 969 1394; x_wconf 89' lang='lat' dir='ltr'><strong>ergo</strong></span> <span class='ocrx_word' id='word_1_135' title='bbox 999 1341 1051 1382; x_wconf 90' lang='lat' dir='ltr'><strong>ab</strong></span> <span class='ocrx_word' id='word_1_136' title='bbox 1079 1340 1252 1382; x_wconf 91' lang='lat' dir='ltr'><strong>homine</strong></span> <span class='ocrx_word' id='word_1_137' title='bbox 1281 1341 1536 1394; x_wconf 88' lang='lat' dir='ltr'><strong>glorificato,</strong></span> <span class='ocrx_word' id='word_1_138' title='bbox 1566 1356 1653 1384; x_wconf 91' lang='lat' dir='ltr'><strong>non</strong></span> <span class='ocrx_word' id='word_1_139' title='bbox 1681 1344 1849 1383; x_wconf 87' lang='lat' dir='ltr'><strong>tantum</strong></span> 
     </span>
     <span class='ocr_line' id='line_1_18' title="bbox 290 1410 1851 1464; baseline 0.001 -13"><span class='ocrx_word' id='word_1_140' title='bbox 290 1410 432 1452; x_wconf 86' lang='lat' dir='ltr'><strong>omnia</strong></span> <span class='ocrx_word' id='word_1_141' title='bbox 472 1424 520 1452; x_wconf 85' lang='lat' dir='ltr'><strong>ea</strong></span> <span class='ocrx_word' id='word_1_142' title='bbox 558 1425 664 1463; x_wconf 89' lang='lat' dir='ltr'><strong>quae</strong></span> <span class='ocrx_word' id='word_1_143' title='bbox 703 1426 754 1452; x_wconf 90' lang='lat' dir='ltr'><strong>ex</strong></span> <span class='ocrx_word' id='word_1_144' title='bbox 792 1413 966 1464; x_wconf 87' lang='lat' dir='ltr'><strong>peccato</strong></span> <span class='ocrx_word' id='word_1_145' title='bbox 1005 1414 1103 1453; x_wconf 90' lang='lat' dir='ltr'><strong>sunt</strong></span> <span class='ocrx_word' id='word_1_146' title='bbox 1141 1414 1214 1453; x_wconf 87' lang='lat' dir='ltr'><strong>aut</strong></span> <span class='ocrx_word' id='word_1_147' title='bbox 1252 1426 1414 1464; x_wconf 90' lang='lat' dir='ltr'><strong>poenae</strong></span> <span class='ocrx_word' id='word_1_148' title='bbox 1441 1412 1652 1454; x_wconf 89' lang='lat' dir='ltr'><strong>rationem</strong></span> <span class='ocrx_word' id='word_1_149' title='bbox 1679 1412 1851 1464; x_wconf 91' lang='lat' dir='ltr'><strong>habent,</strong></span> 
     </span>
     <span class='ocr_line' id='line_1_19' title="bbox 289 1481 1851 1536; baseline 0.001 -13"><span class='ocrx_word' id='word_1_150' title='bbox 289 1482 362 1524; x_wconf 91' lang='lat' dir='ltr'><strong>sed</strong></span> <span class='ocrx_word' id='word_1_151' title='bbox 390 1481 518 1524; x_wconf 87' lang='lat' dir='ltr'><strong>etiam</strong></span> <span class='ocrx_word' id='word_1_152' title='bbox 551 1496 657 1535; x_wconf 89' lang='lat' dir='ltr'><strong>quae</strong></span> <span class='ocrx_word' id='word_1_153' title='bbox 686 1482 873 1524; x_wconf 84' lang='lat' dir='ltr'><strong>hominis</strong></span> <span class='ocrx_word' id='word_1_154' title='bbox 901 1482 1127 1524; x_wconf 80' lang='lat' dir='ltr'>animalem</span> <span class='ocrx_word' id='word_1_155' title='bbox 1158 1483 1458 1536; x_wconf 88' lang='lat' dir='ltr'><strong>conditionem,</strong></span> <span class='ocrx_word' id='word_1_156' title='bbox 1487 1498 1538 1526; x_wconf 93' lang='lat' dir='ltr'><strong>ex</strong></span> <span class='ocrx_word' id='word_1_157' title='bbox 1558 1483 1601 1525; x_wconf 90' lang='lat' dir='ltr'><strong>vi</strong></span> <span class='ocrx_word' id='word_1_158' title='bbox 1625 1483 1851 1526; x_wconf 83' lang='lat' dir='ltr'><strong>creationis</strong></span> 
     </span>
     <span class='ocr_line' id='line_1_20' title="bbox 290 1553 1851 1608; baseline 0.001 -14"><span class='ocrx_word' id='word_1_159' title='bbox 290 1553 451 1606; x_wconf 86' lang='lat' dir='ltr'><strong>primae</strong></span> <span class='ocrx_word' id='word_1_160' title='bbox 490 1553 534 1594; x_wconf 92' lang='lat' dir='ltr'><strong>in</strong></span> <span class='ocrx_word' id='word_1_161' title='bbox 562 1553 645 1595; x_wconf 89' lang='lat' dir='ltr'><strong>hoc</strong></span> <span class='ocrx_word' id='word_1_162' title='bbox 673 1554 830 1595; x_wconf 88' lang='lat' dir='ltr'><strong>mundo</strong></span> <span class='ocrx_word' id='word_1_163' title='bbox 860 1554 1105 1607; x_wconf 89' lang='lat' dir='ltr'><strong>respiciunt.</strong></span> <span class='ocrx_word' id='word_1_164' title='bbox 1134 1553 1278 1608; x_wconf 88' lang='lat' dir='ltr'><strong>Atque</strong></span> <span class='ocrx_word' id='word_1_165' title='bbox 1307 1554 1402 1596; x_wconf 93' lang='lat' dir='ltr'><strong>ideo</strong></span> <span class='ocrx_word' id='word_1_166' title='bbox 1429 1569 1516 1596; x_wconf 89' lang='lat' dir='ltr'><strong>non</strong></span> <span class='ocrx_word' id='word_1_167' title='bbox 1542 1556 1711 1596; x_wconf 85' lang='lat' dir='ltr'><strong>tantum</strong></span> <span class='ocrx_word' id='word_1_168' title='bbox 1739 1568 1851 1596; x_wconf 88' lang='lat' dir='ltr'><strong>asse-</strong></span> 
     </span>
     <span class='ocr_line' id='line_1_21' title="bbox 288 1624 1852 1679; baseline 0 -13"><span class='ocrx_word' id='word_1_169' title='bbox 288 1624 409 1677; x_wconf 88' lang='lat' dir='ltr'><strong>ritur,</strong></span> <span class='ocrx_word' id='word_1_170' title='bbox 450 1625 563 1678; x_wconf 86' lang='lat' dir='ltr'><strong>quod</strong></span> <span class='ocrx_word' id='word_1_171' title='bbox 600 1625 638 1666; x_wconf 92' lang='lat' dir='ltr'>D</span> <span class='ocrx_word' id='word_1_172' title='bbox 653 1640 743 1667; x_wconf 89' lang='lat' dir='ltr'><strong>eus</strong></span> <span class='ocrx_word' id='word_1_173' title='bbox 782 1625 1067 1679; x_wconf 82' lang='lat' dir='ltr'><strong>absterget</strong></span> <span class='ocrx_word' id='word_1_174' title='bbox 1097 1640 1298 1667; x_wconf 91' lang='lat' dir='ltr'><strong>omnem</strong></span> <span class='ocrx_word' id='word_1_175' title='bbox 1326 1626 1616 1668; x_wconf 87' lang='lat' dir='ltr'><strong>lacrumam</strong></span> <span class='ocrx_word' id='word_1_176' title='bbox 1645 1625 1706 1667; x_wconf 89' lang='lat' dir='ltr'><strong>ab</strong></span> <span class='ocrx_word' id='word_1_177' title='bbox 1736 1639 1852 1667; x_wconf 89' lang='lat' dir='ltr'><strong>ocu-</strong></span> 
     </span>
    </p>
   </div>
   <div class='ocr_carea' id='block_1_3' title="bbox 286 1693 1927 1751">
    <p class='ocr_par' dir='ltr' id='par_1_5' title="bbox 286 1693 1927 1751">
     <span class='ocr_line' id='line_1_22' title="bbox 286 1693 1927 1751; baseline 0 -13"><span class='ocrx_word' id='word_1_178' title='bbox 286 1697 355 1738; x_wconf 88' lang='lat' dir='ltr'><strong>lis</strong></span> <span class='ocrx_word' id='word_1_179' title='bbox 381 1711 581 1749; x_wconf 91' lang='lat' dir='ltr'><strong>eorum,</strong></span> <span class='ocrx_word' id='word_1_180' title='bbox 609 1700 658 1740; x_wconf 92' lang='lat' dir='ltr'><strong>et</strong></span> <span class='ocrx_word' id='word_1_181' title='bbox 684 1698 823 1751; x_wconf 89' lang='lat' dir='ltr'><strong>quod</strong></span> <span class='ocrx_word' id='word_1_182' title='bbox 849 1712 988 1740; x_wconf 91' lang='lat' dir='ltr'><strong>mors</strong></span> <span class='ocrx_word' id='word_1_183' title='bbox 1012 1698 1158 1740; x_wconf 87' lang='lat' dir='ltr'><strong>ultra</strong></span> <span class='ocrx_word' id='word_1_184' title='bbox 1182 1713 1285 1740; x_wconf 89' lang='lat' dir='ltr'><strong>non</strong></span> <span class='ocrx_word' id='word_1_185' title='bbox 1312 1698 1439 1750; x_wconf 90' lang='lat' dir='ltr'><strong>erit,</strong></span> <span class='ocrx_word' id='word_1_186' title='bbox 1463 1712 1636 1750; x_wconf 89' lang='lat' dir='ltr'><strong>neque</strong></span> <span class='ocrx_word' id='word_1_187' title='bbox 1658 1696 1850 1749; x_wconf 85' lang='lat' dir='ltr'><strong>luctus,</strong></span> <span class='ocrx_word' id='word_1_188' title='bbox 1925 1693 1927 1695; x_wconf 50' lang='grc'>’</span> 
     </span>
    </p>
   </div>
   <div class='ocr_carea' id='block_1_4' title="bbox 286 1769 1851 1823">
    <p class='ocr_par' dir='ltr' id='par_1_6' title="bbox 286 1769 1851 1823">
     <span class='ocr_line' id='line_1_23' title="bbox 286 1769 1851 1823; baseline 0 -13"><span class='ocrx_word' id='word_1_189' title='bbox 286 1784 457 1822; x_wconf 91' lang='lat' dir='ltr'><strong>neque</strong></span> <span class='ocrx_word' id='word_1_190' title='bbox 488 1770 712 1817; x_wconf 86' lang='lat' dir='ltr'><strong>clamor,</strong></span> <span class='ocrx_word' id='word_1_191' title='bbox 741 1784 913 1822; x_wconf 89' lang='lat' dir='ltr'><strong>neque</strong></span> <span class='ocrx_word' id='word_1_192' title='bbox 943 1769 1117 1820; x_wconf 87' lang='lat' dir='ltr'><strong>dolor,</strong></span> <span class='ocrx_word' id='word_1_193' title='bbox 1149 1770 1283 1823; x_wconf 89' lang='lat' dir='ltr'><strong>Apoc.</strong></span> <span class='ocrx_word' id='word_1_194' title='bbox 1313 1770 1377 1822; x_wconf 92' lang='grc'><strong>21,</strong></span> <span class='ocrx_word' id='word_1_195' title='bbox 1405 1770 1443 1811; x_wconf 84' lang='grc'><strong>4.</strong></span> <span class='ocrx_word' id='word_1_196' title='bbox 1473 1769 1580 1811; x_wconf 92' lang='lat' dir='ltr'><strong>Item</strong></span> <span class='ocrx_word' id='word_1_197' title='bbox 1610 1769 1723 1822; x_wconf 88' lang='lat' dir='ltr'><strong>quod</strong></span> <span class='ocrx_word' id='word_1_198' title='bbox 1747 1783 1851 1811; x_wconf 89' lang='lat' dir='ltr'><strong>non</strong></span> 
     </span>
    </p>
   </div>
   <div class='ocr_carea' id='block_1_5' title="bbox 289 1840 1931 1901">
    <p class='ocr_par' dir='ltr' id='par_1_7' title="bbox 289 1840 1931 1901">
     <span class='ocr_line' id='line_1_24' title="bbox 289 1840 1931 1901; baseline -0.001 -19"><span class='ocrx_word' id='word_1_199' title='bbox 289 1841 538 1883; x_wconf 89' lang='lat' dir='ltr'><strong>esurient</strong></span> <span class='ocrx_word' id='word_1_200' title='bbox 577 1841 838 1894; x_wconf 88' lang='lat' dir='ltr'><strong>amplius,</strong></span> <span class='ocrx_word' id='word_1_201' title='bbox 877 1857 1049 1894; x_wconf 86' lang='lat' dir='ltr'><strong>neque</strong></span> <span class='ocrx_word' id='word_1_202' title='bbox 1079 1842 1279 1884; x_wconf 87' lang='lat' dir='ltr'><strong>sitient</strong></span> <span class='ocrx_word' id='word_1_203' title='bbox 1309 1841 1566 1896; x_wconf 86' lang='lat' dir='ltr'><strong>amplius,</strong></span> <span class='ocrx_word' id='word_1_204' title='bbox 1595 1855 1767 1893; x_wconf 90' lang='lat' dir='ltr'><strong>neque</strong></span> <span class='ocrx_word' id='word_1_205' title='bbox 1794 1840 1848 1882; x_wconf 91' lang='lat' dir='ltr'><strong>in</strong></span> <span class='ocrx_word' id='word_1_206' title='bbox 1927 1899 1931 1901; x_wconf 13' lang='grc' dir='ltr'><strong>Α</strong></span> 
     </span>
    </p>
   </div>
   <div class='ocr_carea' id='block_1_6' title="bbox 289 1911 1851 1967">
    <p class='ocr_par' dir='ltr' id='par_1_8' title="bbox 289 1911 1851 1967">
     <span class='ocr_line' id='line_1_25' title="bbox 289 1911 1851 1967; baseline 0 -13"><span class='ocrx_word' id='word_1_207' title='bbox 289 1927 376 1954; x_wconf 90' lang='grc'><strong>000</strong></span> <span class='ocrx_word' id='word_1_208' title='bbox 413 1912 627 1954; x_wconf 86' lang='lat' dir='ltr'><strong>incidet</strong></span> <span class='ocrx_word' id='word_1_209' title='bbox 666 1911 776 1964; x_wconf 84' lang='lat' dir='ltr'><strong>Sol,</strong></span> <span class='ocrx_word' id='word_1_210' title='bbox 816 1928 990 1967; x_wconf 90' lang='lat' dir='ltr'><strong>neque</strong></span> <span class='ocrx_word' id='word_1_211' title='bbox 1026 1913 1174 1955; x_wconf 89' lang='lat' dir='ltr'><strong>ullus</strong></span> <span class='ocrx_word' id='word_1_212' title='bbox 1212 1916 1417 1964; x_wconf 87' lang='lat' dir='ltr'><strong>aestus,</strong></span> <span class='ocrx_word' id='word_1_213' title='bbox 1445 1913 1580 1966; x_wconf 87' lang='lat' dir='ltr'><strong>Apoc.</strong></span> <span class='ocrx_word' id='word_1_214' title='bbox 1611 1913 1646 1965; x_wconf 83' lang='lat'><strong>7,</strong></span> <span class='ocrx_word' id='word_1_215' title='bbox 1678 1913 1740 1954; x_wconf 88' lang='grc'><strong>16.</strong></span> <span class='ocrx_word' id='word_1_216' title='bbox 1768 1911 1851 1954; x_wconf 84' lang='lat' dir='ltr'><strong>Sed</strong></span> 
     </span>
    </p>
   </div>
   <div class='ocr_carea' id='block_1_7' title="bbox 288 1983 1931 2038">
    <p class='ocr_par' dir='ltr' id='par_1_9' title="bbox 288 1983 1931 2038">
     <span class='ocr_line' id='line_1_26' title="bbox 288 1983 1931 2038; baseline 0 -12"><span class='ocrx_word' id='word_1_217' title='bbox 288 1985 430 2036; x_wconf 88' lang='lat' dir='ltr'><strong>etiam,</strong></span> <span class='ocrx_word' id='word_1_218' title='bbox 470 1984 610 2036; x_wconf 87' lang='lat' dir='ltr'><strong>quod</strong></span> <span class='ocrx_word' id='word_1_219' title='bbox 646 1984 788 2026; x_wconf 88' lang='lat' dir='ltr'><strong>Deus</strong></span> <span class='ocrx_word' id='word_1_220' title='bbox 826 1987 1072 2027; x_wconf 87' lang='lat' dir='ltr'><strong>ventrem</strong></span> <span class='ocrx_word' id='word_1_221' title='bbox 1111 1987 1161 2027; x_wconf 91' lang='lat' dir='ltr'><strong>et</strong></span> <span class='ocrx_word' id='word_1_222' title='bbox 1199 2000 1347 2027; x_wconf 86' lang='lat' dir='ltr'><strong>escas</strong></span> <span class='ocrx_word' id='word_1_223' title='bbox 1385 1984 1657 2036; x_wconf 83' lang='lat' dir='ltr'><strong>abolebit,</strong></span> <span class='ocrx_word' id='word_1_224' title='bbox 1695 1984 1715 2025; x_wconf 92' lang='grc'><strong>1</strong></span> <span class='ocrx_word' id='word_1_225' title='bbox 1757 1983 1850 2026; x_wconf 87' lang='lat' dir='ltr'><strong>Cor.</strong></span> <span class='ocrx_word' id='word_1_226' title='bbox 1928 2035 1931 2038; x_wconf 14' lang='grc' dir='ltr'>ἱ</span> 
     </span>
    </p>
   </div>
   <div class='ocr_carea' id='block_1_8' title="bbox 277 2054 1850 2110">
    <p class='ocr_par' dir='ltr' id='par_1_10' title="bbox 277 2054 1850 2110">
     <span class='ocr_line' id='line_1_27' title="bbox 277 2054 1850 2110; baseline 0.001 -14"><span class='ocrx_word' id='word_1_227' title='bbox 277 2056 324 2105; x_wconf 85' lang='grc'><strong>,6,</strong></span> <span class='ocrx_word' id='word_1_228' title='bbox 356 2056 419 2097; x_wconf 83' lang='grc'><strong>13.</strong></span> <span class='ocrx_word' id='word_1_229' title='bbox 444 2054 553 2097; x_wconf 90' lang='lat' dir='ltr'><strong>Item</strong></span> <span class='ocrx_word' id='word_1_230' title='bbox 578 2055 691 2108; x_wconf 91' lang='lat' dir='ltr'><strong>quod</strong></span> <span class='ocrx_word' id='word_1_231' title='bbox 714 2055 766 2097; x_wconf 89' lang='lat' dir='ltr'><strong>in</strong></span> <span class='ocrx_word' id='word_1_232' title='bbox 790 2056 1200 2098; x_wconf 88' lang='lat' dir='ltr'><strong>resurrectione</strong></span> <span class='ocrx_word' id='word_1_233' title='bbox 1224 2071 1396 2110; x_wconf 91' lang='lat' dir='ltr'><strong>neque</strong></span> <span class='ocrx_word' id='word_1_234' title='bbox 1419 2070 1616 2098; x_wconf 88' lang='lat' dir='ltr'><strong>uxores</strong></span> <span class='ocrx_word' id='word_1_235' title='bbox 1641 2056 1850 2108; x_wconf 82' lang='lat' dir='ltr'><strong>ducent,</strong></span> 
     </span>
    </p>
   </div>
   <div class='ocr_carea' id='block_1_9' title="bbox 286 2126 1931 2182">
    <p class='ocr_par' dir='ltr' id='par_1_11' title="bbox 286 2126 1931 2182">
     <span class='ocr_line' id='line_1_28' title="bbox 286 2126 1931 2182; baseline -0.001 -13"><span class='ocrx_word' id='word_1_236' title='bbox 286 2142 459 2180; x_wconf 86' lang='lat' dir='ltr'><strong>neque</strong></span> <span class='ocrx_word' id='word_1_237' title='bbox 495 2129 723 2180; x_wconf 90' lang='lat' dir='ltr'><strong>nuptum</strong></span> <span class='ocrx_word' id='word_1_238' title='bbox 761 2128 1058 2180; x_wconf 88' lang='lat' dir='ltr'><strong>dabuntur,</strong></span> <span class='ocrx_word' id='word_1_239' title='bbox 1098 2129 1189 2170; x_wconf 92' lang='lat' dir='ltr'><strong>sed</strong></span> <span class='ocrx_word' id='word_1_240' title='bbox 1230 2130 1387 2171; x_wconf 91' lang='lat' dir='ltr'><strong>erunt</strong></span> <span class='ocrx_word' id='word_1_241' title='bbox 1425 2131 1482 2171; x_wconf 94' lang='lat' dir='ltr'><strong>ut</strong></span> <span class='ocrx_word' id='word_1_242' title='bbox 1518 2128 1719 2182; x_wconf 86' lang='lat' dir='ltr'><strong>Angeli</strong></span> <span class='ocrx_word' id='word_1_243' title='bbox 1755 2126 1852 2169; x_wconf 88' lang='lat' dir='ltr'><strong>Dei</strong></span> <span class='ocrx_word' id='word_1_244' title='bbox 1930 2172 1931 2180; x_wconf 19' lang='lat'>¹</span> 
     </span>
    </p>
   </div>
   <div class='ocr_carea' id='block_1_10' title="bbox 286 2198 881 2251">
    <p class='ocr_par' dir='ltr' id='par_1_12' title="bbox 286 2198 881 2251">
     <span class='ocr_line' id='line_1_29' title="bbox 286 2198 881 2251; baseline 0.002 -11"><span class='ocrx_word' id='word_1_245' title='bbox 286 2199 340 2241; x_wconf 92' lang='lat' dir='ltr'><strong>in</strong></span> <span class='ocrx_word' id='word_1_246' title='bbox 369 2198 543 2250; x_wconf 88' lang='lat' dir='ltr'><strong>coelo,</strong></span> <span class='ocrx_word' id='word_1_247' title='bbox 571 2198 696 2241; x_wconf 89' lang='lat' dir='ltr'><strong>Matt.</strong></span> <span class='ocrx_word' id='word_1_248' title='bbox 725 2200 788 2251; x_wconf 87' lang='grc'><strong>22,</strong></span> <span class='ocrx_word' id='word_1_249' title='bbox 818 2200 881 2241; x_wconf 84' lang='grc'><strong>30.</strong></span> 
     </span>
    </p>
   </div>
   <div class='ocr_carea' id='block_1_11' title="bbox 289 2269 1931 2397">
    <p class='ocr_par' dir='ltr' id='par_1_13' title="bbox 289 2245 1931 2408">
     <span class='ocr_line' id='line_1_30' title="bbox 339 2269 1852 2325; baseline 0 -13"><span class='ocrx_word' id='word_1_250' title='bbox 339 2269 474 2312; x_wconf 87' lang='grc' dir='ltr'>ΧΧΧ.</span> <span class='ocrx_word' id='word_1_251' title='bbox 502 2269 756 2312; x_wconf 80' lang='lat' dir='ltr'><strong>Affirmatur</strong></span> <span class='ocrx_word' id='word_1_252' title='bbox 784 2286 884 2313; x_wconf 85' lang='lat' dir='ltr'><strong>vero</strong></span> <span class='ocrx_word' id='word_1_253' title='bbox 914 2272 964 2314; x_wconf 89' lang='lat' dir='ltr'><strong>de</strong></span> <span class='ocrx_word' id='word_1_254' title='bbox 995 2287 1056 2324; x_wconf 90' lang='lat' dir='ltr'><strong>eo,</strong></span> <span class='ocrx_word' id='word_1_255' title='bbox 1083 2271 1196 2325; x_wconf 91' lang='lat' dir='ltr'><strong>quod</strong></span> <span class='ocrx_word' id='word_1_256' title='bbox 1219 2271 1360 2313; x_wconf 90' lang='lat' dir='ltr'><strong>illud</strong></span> <span class='ocrx_word' id='word_1_257' title='bbox 1384 2271 1526 2325; x_wconf 90' lang='lat' dir='ltr'><strong>quod</strong></span> <span class='ocrx_word' id='word_1_258' title='bbox 1550 2271 1852 2313; x_wconf 91' lang='lat' dir='ltr'><strong>seminatur</strong></span> 
     </span>
     <span class='ocr_line' id='line_1_31' title="bbox 289 2342 1931 2397; baseline 0.001 -15"><span class='ocrx_word' id='word_1_259' title='bbox 289 2342 685 2395; x_wconf 74' lang='lat' dir='ltr'><strong>corruptibile,</strong></span> <span class='ocrx_word' id='word_1_260' title='bbox 726 2343 1069 2386; x_wconf 86' lang='lat' dir='ltr'><strong>excitabitur</strong></span> <span class='ocrx_word' id='word_1_261' title='bbox 1106 2343 1572 2397; x_wconf 85' lang='lat' dir='ltr'><strong>incorruptibile:</strong></span> <span class='ocrx_word' id='word_1_262' title='bbox 1611 2342 1750 2396; x_wconf 92' lang='lat' dir='ltr'><strong>quod</strong></span> <span class='ocrx_word' id='word_1_263' title='bbox 1779 2356 1852 2384; x_wconf 83' lang='grc'><strong>00·</strong></span> <span class='ocrx_word' id='word_1_264' title='bbox 1923 2345 1931 2381; x_wconf 76' lang='lat'><strong>:³</strong></span> 
     </span>
    </p>
   </div>
   <div class='ocr_carea' id='block_1_12' title="bbox 288 2412 1931 2612">
    <p class='ocr_par' dir='ltr' id='par_1_14' title="bbox 288 2412 1931 2612">
     <span class='ocr_line' id='line_1_32' title="bbox 288 2412 1931 2469; baseline 0.001 -15"><span class='ocrx_word' id='word_1_265' title='bbox 288 2412 1853 2469; x_wconf 80' lang='lat' dir='ltr'><strong>minaturignominiosum,excitabiturgloriosun1;quod</strong></span> <span class='ocrx_word' id='word_1_266' title='bbox 1929 2419 1931 2466; x_wconf 61' lang='grc' dir='ltr'>ξ</span> 
     </span>
     <span class='ocr_line' id='line_1_33' title="bbox 288 2484 1931 2540; baseline 0.002 -15"><span class='ocrx_word' id='word_1_267' title='bbox 288 2484 590 2525; x_wconf 87' lang='lat' dir='ltr'><strong>seminatur</strong></span> <span class='ocrx_word' id='word_1_268' title='bbox 631 2484 935 2538; x_wconf 85' lang='lat' dir='ltr'><strong>infirmum,</strong></span> <span class='ocrx_word' id='word_1_269' title='bbox 978 2487 1322 2529; x_wconf 87' lang='lat' dir='ltr'><strong>excitabitur</strong></span> <span class='ocrx_word' id='word_1_270' title='bbox 1362 2489 1581 2540; x_wconf 88' lang='lat' dir='ltr'><strong>potens:</strong></span> <span class='ocrx_word' id='word_1_271' title='bbox 1625 2489 1675 2529; x_wconf 91' lang='lat' dir='ltr'><strong>et</strong></span> <span class='ocrx_word' id='word_1_272' title='bbox 1713 2485 1851 2540; x_wconf 89' lang='lat' dir='ltr'><strong>quod</strong></span> <span class='ocrx_word' id='word_1_273' title='bbox 1927 2509 1931 2529; x_wconf 69' lang='lat'>‹</span> 
     </span>
     <span class='ocr_line' id='line_1_34' title="bbox 289 2555 1931 2612; baseline 0.002 -16"><span class='ocrx_word' id='word_1_274' title='bbox 289 2555 592 2597; x_wconf 86' lang='lat' dir='ltr'><strong>seminatur</strong></span> <span class='ocrx_word' id='word_1_275' title='bbox 635 2557 893 2610; x_wconf 87' lang='lat' dir='ltr'><strong>animale,</strong></span> <span class='ocrx_word' id='word_1_276' title='bbox 937 2558 1284 2601; x_wconf 87' lang='lat' dir='ltr'><strong>excitabitur</strong></span> <span class='ocrx_word' id='word_1_277' title='bbox 1326 2558 1649 2612; x_wconf 84' lang='lat' dir='ltr'><strong>spirituale,</strong></span> <span class='ocrx_word' id='word_1_278' title='bbox 1693 2559 1714 2600; x_wconf 92' lang='lat'>1</span> <span class='ocrx_word' id='word_1_279' title='bbox 1758 2556 1852 2600; x_wconf 81' lang='lat' dir='ltr'><strong>Cor.</strong></span> <span class='ocrx_word' id='word_1_280' title='bbox 1928 2558 1931 2569; x_wconf 66' lang='lat'><strong>¹</strong></span> 
     </span>
    </p>
   </div>
   <div class='ocr_carea' id='block_1_13' title="bbox 289 2626 1852 2682">
    <p class='ocr_par' dir='ltr' id='par_1_15' title="bbox 289 2626 1852 2682">
     <span class='ocr_line' id='line_1_35' title="bbox 289 2626 1852 2682; baseline 0.002 -14"><span class='ocrx_word' id='word_1_281' title='bbox 289 2627 352 2679; x_wconf 86' lang='lat'><strong>15,</strong></span> <span class='ocrx_word' id='word_1_282' title='bbox 380 2627 445 2669; x_wconf 85' lang='grc'><strong>42.</strong></span> <span class='ocrx_word' id='word_1_283' title='bbox 474 2626 597 2680; x_wconf 89' lang='lat' dir='ltr'><strong>Item,</strong></span> <span class='ocrx_word' id='word_1_284' title='bbox 627 2629 742 2682; x_wconf 92' lang='lat' dir='ltr'><strong>quod</strong></span> <span class='ocrx_word' id='word_1_285' title='bbox 764 2630 863 2671; x_wconf 89' lang='lat' dir='ltr'><strong>hoc</strong></span> <span class='ocrx_word' id='word_1_286' title='bbox 885 2631 1115 2672; x_wconf 89' lang='lat' dir='ltr'><strong>mortale</strong></span> <span class='ocrx_word' id='word_1_287' title='bbox 1139 2631 1330 2673; x_wconf 90' lang='lat' dir='ltr'><strong>induet</strong></span> <span class='ocrx_word' id='word_1_288' title='bbox 1352 2629 1852 2680; x_wconf 86' lang='lat' dir='ltr'><strong>immortalitatem,</strong></span> 
     </span>
    </p>
   </div>
   <div class='ocr_carea' id='block_1_14' title="bbox 289 2694 1931 2826">
    <p class='ocr_par' dir='ltr' id='par_1_16' title="bbox 289 2694 1931 2826">
     <span class='ocr_line' id='line_1_36' title="bbox 289 2694 1931 2755; baseline 0 -14"><span class='ocrx_word' id='word_1_289' title='bbox 289 2713 326 2741; x_wconf 78' lang='lat' dir='ltr'><strong>V.</strong></span> <span class='ocrx_word' id='word_1_290' title='bbox 367 2700 431 2741; x_wconf 79' lang='lat'><strong>53.</strong></span> <span class='ocrx_word' id='word_1_291' title='bbox 470 2699 528 2742; x_wconf 85' lang='lat' dir='ltr'><strong>Et</strong></span> <span class='ocrx_word' id='word_1_292' title='bbox 560 2700 674 2753; x_wconf 88' lang='lat' dir='ltr'><strong>quod</strong></span> <span class='ocrx_word' id='word_1_293' title='bbox 705 2701 886 2753; x_wconf 89' lang='lat' dir='ltr'><strong>qualis</strong></span> <span class='ocrx_word' id='word_1_294' title='bbox 915 2701 1019 2743; x_wconf 90' lang='lat' dir='ltr'><strong>ille</strong></span> <span class='ocrx_word' id='word_1_295' title='bbox 1045 2701 1331 2754; x_wconf 85' lang='lat' dir='ltr'><strong>coelestis,</strong></span> <span class='ocrx_word' id='word_1_296' title='bbox 1359 2716 1548 2755; x_wconf 88' lang='lat' dir='ltr'><strong>nempe</strong></span> <span class='ocrx_word' id='word_1_297' title='bbox 1577 2694 1851 2753; x_wconf 76' lang='lat' dir='ltr'><strong>Christus,</strong></span> <span class='ocrx_word' id='word_1_298' title='bbox 1930 2732 1931 2737; x_wconf 64' lang='lat'><strong>,</strong></span> 
     </span>
     <span class='ocr_line' id='line_1_37' title="bbox 289 2770 1931 2826; baseline 0.001 -15"><span class='ocrx_word' id='word_1_299' title='bbox 289 2770 433 2812; x_wconf 89' lang='lat' dir='ltr'><strong>tales</strong></span> <span class='ocrx_word' id='word_1_300' title='bbox 472 2773 522 2812; x_wconf 90' lang='lat' dir='ltr'><strong>et</strong></span> <span class='ocrx_word' id='word_1_301' title='bbox 561 2772 830 2814; x_wconf 89' lang='lat' dir='ltr'><strong>coelestes</strong></span> <span class='ocrx_word' id='word_1_302' title='bbox 868 2771 1045 2814; x_wconf 86' lang='lat' dir='ltr'><strong>futuri</strong></span> <span class='ocrx_word' id='word_1_303' title='bbox 1084 2775 1228 2825; x_wconf 91' lang='lat' dir='ltr'><strong>sunt,</strong></span> <span class='ocrx_word' id='word_1_304' title='bbox 1267 2775 1309 2815; x_wconf 92' lang='lat' dir='ltr'><strong>et</strong></span> <span class='ocrx_word' id='word_1_305' title='bbox 1347 2772 1490 2815; x_wconf 90' lang='lat' dir='ltr'><strong>sicut</strong></span> <span class='ocrx_word' id='word_1_306' title='bbox 1517 2771 1852 2826; x_wconf 82' lang='lat' dir='ltr'><strong>gestavimus</strong></span> <span class='ocrx_word' id='word_1_307' title='bbox 1926 2774 1931 2806; x_wconf 67' lang='grc' dir='ltr'>ἕ</span> 
     </span>
    </p>
   </div>
   <div class='ocr_carea' id='block_1_15' title="bbox 290 2840 1922 3046">
    <p class='ocr_par' dir='ltr' id='par_1_17' title="bbox 290 2840 1922 3046">
     <span class='ocr_line' id='line_1_38' title="bbox 290 2840 1921 2902; baseline 0 -19"><span class='ocrx_word' id='word_1_308' title='bbox 290 2840 586 2896; x_wconf 87' lang='lat' dir='ltr'><strong>imaginem</strong></span> <span class='ocrx_word' id='word_1_309' title='bbox 615 2840 862 2895; x_wconf 84' lang='lat' dir='ltr'><strong>Terreni,</strong></span> <span class='ocrx_word' id='word_1_310' title='bbox 893 2843 974 2884; x_wconf 89' lang='lat' dir='ltr'><strong>ita</strong></span> <span class='ocrx_word' id='word_1_311' title='bbox 1002 2843 1164 2886; x_wconf 88' lang='lat' dir='ltr'><strong>etiam</strong></span> <span class='ocrx_word' id='word_1_312' title='bbox 1192 2843 1531 2898; x_wconf 75' lang='lat' dir='ltr'><strong>gestabimus</strong></span> <span class='ocrx_word' id='word_1_313' title='bbox 1559 2841 1852 2896; x_wconf 86' lang='lat' dir='ltr'><strong>imaginem</strong></span> <span class='ocrx_word' id='word_1_314' title='bbox 1920 2898 1921 2902; x_wconf 10' lang='grc' dir='ltr'><strong>Ἰ</strong></span> 
     </span>
     <span class='ocr_line' id='line_1_39' title="bbox 293 2912 1921 2968; baseline 0.001 -15"><span class='ocrx_word' id='word_1_315' title='bbox 293 2912 587 2966; x_wconf 82' lang='lat' dir='ltr'><strong>Coelestis,</strong></span> <span class='ocrx_word' id='word_1_316' title='bbox 624 2929 663 2955; x_wconf 87' lang='lat' dir='ltr'><strong>v.</strong></span> <span class='ocrx_word' id='word_1_317' title='bbox 701 2914 767 2956; x_wconf 80' lang='lat'><strong>49.</strong></span> <span class='ocrx_word' id='word_1_318' title='bbox 804 2913 896 2956; x_wconf 90' lang='lat' dir='ltr'><strong>Imo</strong></span> <span class='ocrx_word' id='word_1_319' title='bbox 921 2914 1062 2967; x_wconf 86' lang='lat' dir='ltr'><strong>justi</strong></span> <span class='ocrx_word' id='word_1_320' title='bbox 1088 2915 1382 2968; x_wconf 86' lang='lat' dir='ltr'><strong>fulgebunt</strong></span> <span class='ocrx_word' id='word_1_321' title='bbox 1410 2917 1468 2957; x_wconf 89' lang='lat' dir='ltr'><strong>ut</strong></span> <span class='ocrx_word' id='word_1_322' title='bbox 1496 2913 1577 2955; x_wconf 88' lang='lat' dir='ltr'><strong>sol</strong></span> <span class='ocrx_word' id='word_1_323' title='bbox 1603 2913 1657 2954; x_wconf 90' lang='lat' dir='ltr'><strong>in</strong></span> <span class='ocrx_word' id='word_1_324' title='bbox 1684 2926 1850 2967; x_wconf 88' lang='lat' dir='ltr'><strong>regno</strong></span> <span class='ocrx_word' id='word_1_325' title='bbox 1920 2918 1921 2922; x_wconf 78' lang='grc'>’</span> 
     </span>
     <span class='ocr_line' id='line_1_40' title="bbox 291 2983 1922 3046; baseline 0.001 -22"><span class='ocrx_word' id='word_1_326' title='bbox 291 2983 475 3025; x_wconf 86' lang='lat' dir='ltr'><strong>Patris</strong></span> <span class='ocrx_word' id='word_1_327' title='bbox 500 3000 700 3037; x_wconf 88' lang='lat' dir='ltr'><strong>eorum,</strong></span> <span class='ocrx_word' id='word_1_328' title='bbox 725 2985 850 3028; x_wconf 86' lang='lat' dir='ltr'><strong>Matt.</strong></span> <span class='ocrx_word' id='word_1_329' title='bbox 876 2986 938 3038; x_wconf 83' lang='lat'><strong>13,</strong></span> <span class='ocrx_word' id='word_1_330' title='bbox 963 2987 1027 3028; x_wconf 83' lang='lat'><strong>41.</strong></span> <span class='ocrx_word' id='word_1_331' title='bbox 1052 2985 1117 3028; x_wconf 87' lang='lat' dir='ltr'><strong>Et</strong></span> <span class='ocrx_word' id='word_1_332' title='bbox 1142 2986 1459 3028; x_wconf 89' lang='lat' dir='ltr'><strong>erudientes</strong></span> <span class='ocrx_word' id='word_1_333' title='bbox 1483 2983 1851 3038; x_wconf 89' lang='lat' dir='ltr'><strong>splendebunt</strong></span> <span class='ocrx_word' id='word_1_334' title='bbox 1920 3040 1922 3046; x_wconf 65' lang='lat'><strong>,</strong></span> 
     </span>
    </p>
   </div>
   <div class='ocr_carea' id='block_1_16' title="bbox 1915 2569 1931 3224">
    <p class='ocr_par' dir='ltr' id='par_1_18' title="bbox 1915 2569 1931 3224">
     <span class='ocr_line' id='line_1_41' title="bbox 1915 2569 1931 3224; baseline 0 0"><span class='ocrx_word' id='word_1_335' title='bbox 1915 2569 1931 3224; x_wconf 95' lang='lat' dir='ltr'><strong> </strong></span> 
     </span>
    </p>
   </div>
  </div>
 </body>
</html>
