<?xml version="1.0" encoding="UTF-8"?>
<!DOCTYPE html PUBLIC "-//W3C//DTD XHTML 1.0 Transitional//EN"
    "http://www.w3.org/TR/xhtml1/DTD/xhtml1-transitional.dtd">
<html xmlns="http://www.w3.org/1999/xhtml" xml:lang="en" lang="en">
 <head>
  <title>
</title>
<meta http-equiv="Content-Type" content="text/html;charset=utf-8" />
  <meta name='ocr-system' content='tesseract 3.04.00' />
  <meta name='ocr-capabilities' content='ocr_page ocr_carea ocr_par ocr_line ocrx_word'/>
</head>
<body>
  <div class='ocr_page' id='page_1' title='image "./synopsispurioris00poly_0165.png"; bbox 0 0 1931 3224; ppageno 0'>
   <div class='ocr_carea' id='block_1_1' title="bbox 652 167 1682 219">
    <p class='ocr_par' dir='ltr' id='par_1_1' title="bbox 652 167 1682 219">
     <span class='ocr_line' id='line_1_1' title="bbox 652 167 1682 219; baseline 0.01 -10"><span class='ocrx_word' id='word_1_1' title='bbox 652 167 715 209; x_wconf 67' lang='lat' dir='ltr'>Da</span> <span class='ocrx_word' id='word_1_2' title='bbox 746 168 926 212; x_wconf 65' lang='lat' dir='ltr'>PaccA&#39;ro</span> <span class='ocrx_word' id='word_1_3' title='bbox 956 170 1145 213; x_wconf 70' lang='lat' dir='ltr'>Aomm.</span> <span class='ocrx_word' id='word_1_4' title='bbox 1604 176 1682 219; x_wconf 85' lang='lat'>143</span> 
     </span>
    </p>
   </div>
   <div class='ocr_carea' id='block_1_2' title="bbox 90 281 1734 3064">
    <p class='ocr_par' dir='ltr' id='par_1_2' title="bbox 117 281 1679 422">
     <span class='ocr_line' id='line_1_2' title="bbox 117 281 1679 351; baseline 0.012 -27"><span class='ocrx_word' id='word_1_5' title='bbox 117 281 412 329; x_wconf 88' lang='lat' dir='ltr'>Irremissibile</span> <span class='ocrx_word' id='word_1_6' title='bbox 450 292 514 331; x_wconf 87' lang='lat' dir='ltr'>est</span> <span class='ocrx_word' id='word_1_7' title='bbox 547 292 661 343; x_wconf 91' lang='lat' dir='ltr'>quod</span> <span class='ocrx_word' id='word_1_8' title='bbox 688 294 855 336; x_wconf 88' lang='lat' dir='ltr'>veniam</span> <span class='ocrx_word' id='word_1_9' title='bbox 885 296 1088 348; x_wconf 80' lang='lat' dir='ltr'>consequi</span> <span class='ocrx_word' id='word_1_10' title='bbox 1115 310 1201 337; x_wconf 91' lang='lat' dir='ltr'>non</span> <span class='ocrx_word' id='word_1_11' title='bbox 1230 299 1385 350; x_wconf 90' lang='lat' dir='ltr'>potest,</span> <span class='ocrx_word' id='word_1_12' title='bbox 1416 299 1516 351; x_wconf 86' lang='lat' dir='ltr'>quia</span> <span class='ocrx_word' id='word_1_13' title='bbox 1546 315 1679 342; x_wconf 88' lang='lat' dir='ltr'>reme-</span> 
     </span>
     <span class='ocr_line' id='line_1_3' title="bbox 118 352 1522 422; baseline 0.014 -29"><span class='ocrx_word' id='word_1_14' title='bbox 118 352 187 394; x_wconf 88' lang='lat' dir='ltr'>dia</span> <span class='ocrx_word' id='word_1_15' title='bbox 217 357 358 398; x_wconf 87' lang='lat' dir='ltr'>onmia</span> <span class='ocrx_word' id='word_1_16' title='bbox 386 373 463 411; x_wconf 91' lang='lat' dir='ltr'>per</span> <span class='ocrx_word' id='word_1_17' title='bbox 490 375 597 413; x_wconf 88' lang='lat' dir='ltr'>quae</span> <span class='ocrx_word' id='word_1_18' title='bbox 625 364 748 406; x_wconf 88' lang='lat' dir='ltr'>venia</span> <span class='ocrx_word' id='word_1_19' title='bbox 779 365 1009 419; x_wconf 87' lang='lat' dir='ltr'>obtinetur,</span> <span class='ocrx_word' id='word_1_20' title='bbox 1038 367 1314 420; x_wconf 69' lang='lat' dir='ltr'>pertinaciter</span> <span class='ocrx_word' id='word_1_21' title='bbox 1341 370 1522 422; x_wconf 89' lang='lat' dir='ltr'>repellit.</span> 
     </span>
    </p>

    <p class='ocr_par' dir='ltr' id='par_1_3' title="bbox 113 423 1679 707">
     <span class='ocr_line' id='line_1_4' title="bbox 169 423 1679 492; baseline 0.013 -27"><span class='ocrx_word' id='word_1_22' title='bbox 169 423 363 469; x_wconf 83' lang='lat' dir='ltr'>XLVIII.</span> <span class='ocrx_word' id='word_1_23' title='bbox 402 428 674 476; x_wconf 85' lang='lat' dir='ltr'>Remissibile</span> <span class='ocrx_word' id='word_1_24' title='bbox 711 449 735 476; x_wconf 90' lang='lat' dir='ltr'>a</span> <span class='ocrx_word' id='word_1_25' title='bbox 772 434 1009 479; x_wconf 88' lang='lat' dir='ltr'>Pontificiis</span> <span class='ocrx_word' id='word_1_26' title='bbox 1048 438 1328 492; x_wconf 69' lang='lat' dir='ltr'>distinguitur</span> <span class='ocrx_word' id='word_1_27' title='bbox 1354 440 1399 481; x_wconf 88' lang='lat' dir='ltr'>in</span> <span class='ocrx_word' id='word_1_28' title='bbox 1428 442 1607 484; x_wconf 82' lang='lat' dir='ltr'>mortale</span> <span class='ocrx_word' id='word_1_29' title='bbox 1637 445 1679 485; x_wconf 89' lang='lat' dir='ltr'>et</span> 
     </span>
     <span class='ocr_line' id='line_1_5' title="bbox 115 496 1678 567; baseline 0.013 -32"><span class='ocrx_word' id='word_1_30' title='bbox 115 496 289 539; x_wconf 85' lang='lat' dir='ltr'>veniale.</span> <span class='ocrx_word' id='word_1_31' title='bbox 320 498 497 544; x_wconf 87' lang='lat' dir='ltr'>Veniale</span> <span class='ocrx_word' id='word_1_32' title='bbox 526 508 681 547; x_wconf 84' lang='lat' dir='ltr'>vocant</span> <span class='ocrx_word' id='word_1_33' title='bbox 711 507 825 559; x_wconf 92' lang='lat' dir='ltr'>quod</span> <span class='ocrx_word' id='word_1_34' title='bbox 851 511 1034 551; x_wconf 86' lang='lat' dir='ltr'>mortem</span> <span class='ocrx_word' id='word_1_35' title='bbox 1060 525 1146 552; x_wconf 91' lang='lat' dir='ltr'>non</span> <span class='ocrx_word' id='word_1_36' title='bbox 1176 514 1373 564; x_wconf 88' lang='lat' dir='ltr'>meretur,</span> <span class='ocrx_word' id='word_1_37' title='bbox 1404 513 1475 554; x_wconf 89' lang='lat' dir='ltr'>sed</span> <span class='ocrx_word' id='word_1_38' title='bbox 1500 516 1678 567; x_wconf 89' lang='lat' dir='ltr'>propter</span> 
     </span>
     <span class='ocr_line' id='line_1_6' title="bbox 114 568 1678 635; baseline 0.012 -26"><span class='ocrx_word' id='word_1_39' title='bbox 114 568 371 620; x_wconf 81' lang='lat' dir='ltr'>parvitatem</span> <span class='ocrx_word' id='word_1_40' title='bbox 399 587 517 615; x_wconf 86' lang='lat' dir='ltr'>suam</span> <span class='ocrx_word' id='word_1_41' title='bbox 547 577 670 618; x_wconf 86' lang='lat' dir='ltr'>venia</span> <span class='ocrx_word' id='word_1_42' title='bbox 698 577 874 631; x_wconf 89' lang='lat' dir='ltr'>dignum</span> <span class='ocrx_word' id='word_1_43' title='bbox 905 583 980 622; x_wconf 87' lang='lat' dir='ltr'>est.</span> <span class='ocrx_word' id='word_1_44' title='bbox 1011 580 1206 634; x_wconf 82' lang='lat' dir='ltr'>Mortale,</span> <span class='ocrx_word' id='word_1_45' title='bbox 1238 583 1351 635; x_wconf 91' lang='lat' dir='ltr'>quod</span> <span class='ocrx_word' id='word_1_46' title='bbox 1378 587 1561 627; x_wconf 89' lang='lat' dir='ltr'>mortem</span> <span class='ocrx_word' id='word_1_47' title='bbox 1589 601 1678 627; x_wconf 90' lang='lat' dir='ltr'>me-</span> 
     </span>
     <span class='ocr_line' id='line_1_7' title="bbox 113 641 1274 707; baseline 0.016 -28"><span class='ocrx_word' id='word_1_48' title='bbox 113 641 241 692; x_wconf 85' lang='lat' dir='ltr'>retur,</span> <span class='ocrx_word' id='word_1_49' title='bbox 272 644 314 683; x_wconf 91' lang='lat' dir='ltr'>et</span> <span class='ocrx_word' id='word_1_50' title='bbox 342 657 436 685; x_wconf 87' lang='lat' dir='ltr'>cum</span> <span class='ocrx_word' id='word_1_51' title='bbox 466 648 608 699; x_wconf 86' lang='lat' dir='ltr'>gratia</span> <span class='ocrx_word' id='word_1_52' title='bbox 637 648 717 690; x_wconf 90' lang='lat' dir='ltr'>Dei</span> <span class='ocrx_word' id='word_1_53' title='bbox 748 651 975 694; x_wconf 84' lang='lat' dir='ltr'>consistere</span> <span class='ocrx_word' id='word_1_54' title='bbox 1004 668 1090 695; x_wconf 92' lang='lat' dir='ltr'>non</span> <span class='ocrx_word' id='word_1_55' title='bbox 1118 657 1274 707; x_wconf 86' lang='lat' dir='ltr'>potest.</span> 
     </span>
    </p>

    <p class='ocr_par' dir='ltr' id='par_1_4' title="bbox 108 709 1734 1112">
     <span class='ocr_line' id='line_1_8' title="bbox 165 709 1676 782; baseline 0.013 -30"><span class='ocrx_word' id='word_1_56' title='bbox 165 709 316 754; x_wconf 90' lang='lat' dir='ltr'>XLIX.</span> <span class='ocrx_word' id='word_1_57' title='bbox 360 713 452 757; x_wconf 89' lang='lat' dir='ltr'>Nos</span> <span class='ocrx_word' id='word_1_58' title='bbox 496 719 664 770; x_wconf 87' lang='lat' dir='ltr'>quidem</span> <span class='ocrx_word' id='word_1_59' title='bbox 705 720 889 763; x_wconf 86' lang='lat' dir='ltr'>fatemur</span> <span class='ocrx_word' id='word_1_60' title='bbox 926 727 1101 777; x_wconf 90' lang='lat' dir='ltr'>peccata</span> <span class='ocrx_word' id='word_1_61' title='bbox 1138 741 1225 768; x_wconf 91' lang='lat' dir='ltr'>non</span> <span class='ocrx_word' id='word_1_62' title='bbox 1264 741 1353 769; x_wconf 87' lang='lat' dir='ltr'>esse</span> <span class='ocrx_word' id='word_1_63' title='bbox 1391 728 1595 782; x_wconf 88' lang='lat' dir='ltr'>aequalia,</span> <span class='ocrx_word' id='word_1_64' title='bbox 1627 744 1676 771; x_wconf 88' lang='lat' dir='ltr'>ac</span> 
     </span>
     <span class='ocr_line' id='line_1_9' title="bbox 110 784 1674 853; baseline 0.013 -30"><span class='ocrx_word' id='word_1_65' title='bbox 110 784 289 835; x_wconf 85' lang='lat' dir='ltr'>proinde</span> <span class='ocrx_word' id='word_1_66' title='bbox 318 801 394 839; x_wconf 86' lang='lat' dir='ltr'>per</span> <span class='ocrx_word' id='word_1_67' title='bbox 422 803 552 831; x_wconf 89' lang='lat' dir='ltr'>unum</span> <span class='ocrx_word' id='word_1_68' title='bbox 582 794 805 843; x_wconf 89' lang='lat' dir='ltr'>peccatum</span> <span class='ocrx_word' id='word_1_69' title='bbox 830 792 910 835; x_wconf 90' lang='lat' dir='ltr'>Dei</span> <span class='ocrx_word' id='word_1_70' title='bbox 930 796 1145 848; x_wconf 87' lang='lat' dir='ltr'>justitiam</span> <span class='ocrx_word' id='word_1_71' title='bbox 1169 799 1340 851; x_wconf 86' lang='lat' dir='ltr'>gravius</span> <span class='ocrx_word' id='word_1_72' title='bbox 1366 799 1521 841; x_wconf 87' lang='lat' dir='ltr'>offendi</span> <span class='ocrx_word' id='word_1_73' title='bbox 1546 815 1674 853; x_wconf 91' lang='lat' dir='ltr'>quam</span> 
     </span>
     <span class='ocr_line' id='line_1_10' title="bbox 110 855 1734 924; baseline 0.014 -30"><span class='ocrx_word' id='word_1_74' title='bbox 110 868 186 906; x_wconf 88' lang='lat' dir='ltr'>per</span> <span class='ocrx_word' id='word_1_75' title='bbox 215 855 342 909; x_wconf 88' lang='lat' dir='ltr'>aliud,</span> <span class='ocrx_word' id='word_1_76' title='bbox 372 859 482 901; x_wconf 89' lang='lat' dir='ltr'>unde</span> <span class='ocrx_word' id='word_1_77' title='bbox 511 862 728 914; x_wconf 85' lang='lat' dir='ltr'>graviores</span> <span class='ocrx_word' id='word_1_78' title='bbox 758 878 917 918; x_wconf 89' lang='lat' dir='ltr'>poenas</span> <span class='ocrx_word' id='word_1_79' title='bbox 947 869 989 907; x_wconf 92' lang='lat' dir='ltr'>et</span> <span class='ocrx_word' id='word_1_80' title='bbox 1018 869 1304 911; x_wconf 88' lang='lat' dir='ltr'>conscientiae</span> <span class='ocrx_word' id='word_1_81' title='bbox 1335 885 1515 924; x_wconf 79' lang='lat' dir='ltr'>angores</span> <span class='ocrx_word' id='word_1_82' title='bbox 1538 887 1673 914; x_wconf 89' lang='lat' dir='ltr'>mere·</span> <span class='ocrx_word' id='word_1_83' title='bbox 1730 874 1734 879; x_wconf 86' lang='lat'>&#39;</span> 
     </span>
     <span class='ocr_line' id='line_1_11' title="bbox 108 926 1673 990; baseline 0.013 -24"><span class='ocrx_word' id='word_1_84' title='bbox 108 926 199 976; x_wconf 89' lang='lat' dir='ltr'>tur;</span> <span class='ocrx_word' id='word_1_85' title='bbox 244 928 316 969; x_wconf 90' lang='lat' dir='ltr'>sed</span> <span class='ocrx_word' id='word_1_86' title='bbox 351 931 495 972; x_wconf 90' lang='lat' dir='ltr'>tamen</span> <span class='ocrx_word' id='word_1_87' title='bbox 531 947 736 987; x_wconf 83' lang='lat' dir='ltr'>negamus</span> <span class='ocrx_word' id='word_1_88' title='bbox 773 935 906 977; x_wconf 89' lang='lat' dir='ltr'>ullum</span> <span class='ocrx_word' id='word_1_89' title='bbox 945 941 1168 990; x_wconf 86' lang='lat' dir='ltr'>peccatum</span> <span class='ocrx_word' id='word_1_90' title='bbox 1206 955 1257 982; x_wconf 85' lang='lat' dir='ltr'>ex</span> <span class='ocrx_word' id='word_1_91' title='bbox 1295 956 1386 983; x_wconf 87' lang='lat' dir='ltr'>sese</span> <span class='ocrx_word' id='word_1_92' title='bbox 1424 958 1512 988; x_wconf 86' lang='lat' dir='ltr'>esse</span> <span class='ocrx_word' id='word_1_93' title='bbox 1549 945 1673 986; x_wconf 88' lang='lat' dir='ltr'>venia</span> 
     </span>
     <span class='ocr_line' id='line_1_12' title="bbox 108 996 1671 1064; baseline 0.013 -27"><span class='ocrx_word' id='word_1_94' title='bbox 108 996 295 1051; x_wconf 88' lang='lat' dir='ltr'>dignum,</span> <span class='ocrx_word' id='word_1_95' title='bbox 335 1004 408 1042; x_wconf 91' lang='lat' dir='ltr'>aut</span> <span class='ocrx_word' id='word_1_96' title='bbox 445 1017 531 1045; x_wconf 90' lang='lat' dir='ltr'>non</span> <span class='ocrx_word' id='word_1_97' title='bbox 570 1019 659 1047; x_wconf 89' lang='lat' dir='ltr'>esse</span> <span class='ocrx_word' id='word_1_98' title='bbox 696 1007 889 1060; x_wconf 83' lang='lat' dir='ltr'>mortale,</span> <span class='ocrx_word' id='word_1_99' title='bbox 929 1009 964 1050; x_wconf 90' lang='lat' dir='ltr'>si</span> <span class='ocrx_word' id='word_1_100' title='bbox 1003 1012 1182 1064; x_wconf 90' lang='lat' dir='ltr'>propter</span> <span class='ocrx_word' id='word_1_101' title='bbox 1211 1011 1429 1054; x_wconf 81' lang='lat' dir='ltr'>Christum</span> <span class='ocrx_word' id='word_1_102' title='bbox 1455 1029 1541 1056; x_wconf 90' lang='lat' dir='ltr'>non</span> <span class='ocrx_word' id='word_1_103' title='bbox 1572 1030 1671 1057; x_wconf 91' lang='lat' dir='ltr'>con—</span> 
     </span>
     <span class='ocr_line' id='line_1_13' title="bbox 108 1068 300 1112; baseline 0.016 -3"><span class='ocrx_word' id='word_1_104' title='bbox 108 1068 300 1112; x_wconf 86' lang='lat' dir='ltr'>donetur.</span> 
     </span>
    </p>

    <p class='ocr_par' dir='ltr' id='par_1_5' title="bbox 101 1140 1669 1779">
     <span class='ocr_line' id='line_1_14' title="bbox 158 1140 1668 1211; baseline 0.013 -29"><span class='ocrx_word' id='word_1_105' title='bbox 158 1140 202 1182; x_wconf 90' lang='lat' dir='ltr'>L.</span> <span class='ocrx_word' id='word_1_106' title='bbox 232 1141 281 1184; x_wconf 90' lang='lat' dir='ltr'>Id</span> <span class='ocrx_word' id='word_1_107' title='bbox 310 1143 638 1200; x_wconf 88' lang='lat' dir='ltr'>demonstratur,</span> <span class='ocrx_word' id='word_1_108' title='bbox 669 1149 704 1191; x_wconf 89' lang='lat'>1.</span> <span class='ocrx_word' id='word_1_109' title='bbox 735 1150 834 1203; x_wconf 88' lang='lat' dir='ltr'>quia</span> <span class='ocrx_word' id='word_1_110' title='bbox 863 1150 993 1194; x_wconf 85' lang='lat' dir='ltr'>Sacra</span> <span class='ocrx_word' id='word_1_111' title='bbox 1022 1152 1244 1207; x_wconf 80' lang='lat' dir='ltr'>Scriptura</span> <span class='ocrx_word' id='word_1_112' title='bbox 1274 1155 1324 1198; x_wconf 88' lang='lat' dir='ltr'>de</span> <span class='ocrx_word' id='word_1_113' title='bbox 1353 1157 1467 1199; x_wconf 88' lang='lat' dir='ltr'>omni</span> <span class='ocrx_word' id='word_1_114' title='bbox 1492 1161 1668 1211; x_wconf 89' lang='lat' dir='ltr'>peccato</span> 
     </span>
     <span class='ocr_line' id='line_1_15' title="bbox 104 1214 1669 1283; baseline 0.013 -31"><span class='ocrx_word' id='word_1_115' title='bbox 104 1214 371 1267; x_wconf 84' lang='lat' dir='ltr'>pronunciat,</span> <span class='ocrx_word' id='word_1_116' title='bbox 410 1217 524 1268; x_wconf 91' lang='lat' dir='ltr'>quod</span> <span class='ocrx_word' id='word_1_117' title='bbox 563 1219 651 1272; x_wconf 91' lang='lat' dir='ltr'>ejus</span> <span class='ocrx_word' id='word_1_118' title='bbox 689 1220 948 1276; x_wconf 86' lang='lat' dir='ltr'>stipendium</span> <span class='ocrx_word' id='word_1_119' title='bbox 986 1224 1040 1266; x_wconf 93' lang='lat' dir='ltr'>sit</span> <span class='ocrx_word' id='word_1_120' title='bbox 1075 1240 1203 1278; x_wconf 89' lang='lat' dir='ltr'>mors,</span> <span class='ocrx_word' id='word_1_121' title='bbox 1238 1226 1361 1269; x_wconf 82' lang='lat' dir='ltr'>Rom.</span> <span class='ocrx_word' id='word_1_122' title='bbox 1399 1229 1436 1280; x_wconf 87' lang='lat'>6,</span> <span class='ocrx_word' id='word_1_123' title='bbox 1466 1230 1528 1271; x_wconf 80' lang='lat'>23.</span> <span class='ocrx_word' id='word_1_124' title='bbox 1556 1231 1669 1283; x_wconf 90' lang='lat' dir='ltr'>quod</span> 
     </span>
     <span class='ocr_line' id='line_1_16' title="bbox 103 1284 1668 1351; baseline 0.013 -28"><span class='ocrx_word' id='word_1_125' title='bbox 103 1284 254 1325; x_wconf 91' lang='lat' dir='ltr'>mortis</span> <span class='ocrx_word' id='word_1_126' title='bbox 288 1286 458 1329; x_wconf 87' lang='lat' dir='ltr'>aculeus</span> <span class='ocrx_word' id='word_1_127' title='bbox 497 1288 553 1330; x_wconf 88' lang='lat' dir='ltr'>sit</span> <span class='ocrx_word' id='word_1_128' title='bbox 590 1293 824 1345; x_wconf 88' lang='lat' dir='ltr'>peccatum,</span> <span class='ocrx_word' id='word_1_129' title='bbox 864 1294 885 1334; x_wconf 92' lang='lat'>1</span> <span class='ocrx_word' id='word_1_130' title='bbox 926 1293 1019 1336; x_wconf 91' lang='lat' dir='ltr'>Cor.</span> <span class='ocrx_word' id='word_1_131' title='bbox 1060 1297 1121 1348; x_wconf 84' lang='lat'>15,</span> <span class='ocrx_word' id='word_1_132' title='bbox 1161 1298 1224 1339; x_wconf 84' lang='lat'>56.</span> <span class='ocrx_word' id='word_1_133' title='bbox 1256 1299 1369 1351; x_wconf 92' lang='lat' dir='ltr'>quod</span> <span class='ocrx_word' id='word_1_134' title='bbox 1399 1314 1545 1342; x_wconf 87' lang='lat' dir='ltr'>eorum</span> <span class='ocrx_word' id='word_1_135' title='bbox 1573 1301 1668 1343; x_wconf 87' lang='lat' dir='ltr'>finis</span> 
     </span>
     <span class='ocr_line' id='line_1_17' title="bbox 103 1354 1667 1424; baseline 0.013 -30"><span class='ocrx_word' id='word_1_136' title='bbox 103 1368 175 1396; x_wconf 87' lang='lat' dir='ltr'>seu</span> <span class='ocrx_word' id='word_1_137' title='bbox 212 1354 376 1399; x_wconf 73' lang='lat' dir='ltr'>fructus</span> <span class='ocrx_word' id='word_1_138' title='bbox 415 1359 471 1400; x_wconf 91' lang='lat' dir='ltr'>sit</span> <span class='ocrx_word' id='word_1_139' title='bbox 508 1375 634 1413; x_wconf 82' lang='lat' dir='ltr'>morS,</span> <span class='ocrx_word' id='word_1_140' title='bbox 674 1362 797 1405; x_wconf 88' lang='lat' dir='ltr'>Rom.</span> <span class='ocrx_word' id='word_1_141' title='bbox 837 1365 874 1417; x_wconf 86' lang='lat'>6,</span> <span class='ocrx_word' id='word_1_142' title='bbox 909 1366 972 1407; x_wconf 88' lang='grc'>16.</span> <span class='ocrx_word' id='word_1_143' title='bbox 1004 1367 1039 1408; x_wconf 84' lang='grc'>2.</span> <span class='ocrx_word' id='word_1_144' title='bbox 1070 1368 1170 1420; x_wconf 91' lang='lat' dir='ltr'>quia</span> <span class='ocrx_word' id='word_1_145' title='bbox 1200 1383 1324 1412; x_wconf 89' lang='lat' dir='ltr'>omne</span> <span class='ocrx_word' id='word_1_146' title='bbox 1353 1374 1576 1424; x_wconf 89' lang='lat' dir='ltr'>peccatum</span> <span class='ocrx_word' id='word_1_147' title='bbox 1604 1375 1667 1414; x_wconf 91' lang='lat' dir='ltr'>est</span> 
     </span>
     <span class='ocr_line' id='line_1_18' title="bbox 105 1427 1665 1495; baseline 0.013 -29"><span class='ocrx_word' id='word_1_148' title='bbox 105 1429 253 1474; x_wconf 85' lang='lat' dir='ltr'>contra</span> <span class='ocrx_word' id='word_1_149' title='bbox 281 1427 430 1482; x_wconf 89' lang='lat' dir='ltr'>legem,</span> <span class='ocrx_word' id='word_1_150' title='bbox 463 1432 580 1484; x_wconf 86' lang='lat' dir='ltr'>cujus</span> <span class='ocrx_word' id='word_1_151' title='bbox 607 1432 784 1477; x_wconf 80' lang='lat' dir='ltr'>violatio</span> <span class='ocrx_word' id='word_1_152' title='bbox 815 1436 952 1478; x_wconf 88' lang='lat' dir='ltr'>omnis</span> <span class='ocrx_word' id='word_1_153' title='bbox 982 1438 1323 1482; x_wconf 85' lang='lat' dir='ltr'>maledictionem</span> <span class='ocrx_word' id='word_1_154' title='bbox 1346 1445 1545 1495; x_wconf 87' lang='lat' dir='ltr'>meretur,</span> <span class='ocrx_word' id='word_1_155' title='bbox 1573 1442 1665 1486; x_wconf 77' lang='lat' dir='ltr'>Gal.</span> 
     </span>
     <span class='ocr_line' id='line_1_19' title="bbox 103 1496 1662 1568; baseline 0.013 -31"><span class='ocrx_word' id='word_1_156' title='bbox 103 1496 140 1547; x_wconf 86' lang='lat'>3,</span> <span class='ocrx_word' id='word_1_157' title='bbox 171 1498 232 1539; x_wconf 87' lang='lat'>10.</span> <span class='ocrx_word' id='word_1_158' title='bbox 262 1498 491 1543; x_wconf 86' lang='lat' dir='ltr'>Peccatum</span> <span class='ocrx_word' id='word_1_159' title='bbox 519 1506 661 1546; x_wconf 88' lang='lat' dir='ltr'>autem</span> <span class='ocrx_word' id='word_1_160' title='bbox 690 1520 813 1548; x_wconf 90' lang='lat' dir='ltr'>omne</span> <span class='ocrx_word' id='word_1_161' title='bbox 843 1522 933 1550; x_wconf 92' lang='lat' dir='ltr'>esse</span> <span class='ocrx_word' id='word_1_162' title='bbox 962 1512 1110 1551; x_wconf 88' lang='lat' dir='ltr'>contra</span> <span class='ocrx_word' id='word_1_163' title='bbox 1138 1510 1288 1565; x_wconf 87' lang='lat' dir='ltr'>legem,</span> <span class='ocrx_word' id='word_1_164' title='bbox 1321 1512 1421 1555; x_wconf 91' lang='lat' dir='ltr'>hinc</span> <span class='ocrx_word' id='word_1_165' title='bbox 1445 1515 1662 1568; x_wconf 85' lang='lat' dir='ltr'>evincitur,</span> 
     </span>
     <span class='ocr_line' id='line_1_20' title="bbox 104 1569 1663 1637; baseline 0.012 -28"><span class='ocrx_word' id='word_1_166' title='bbox 104 1569 203 1620; x_wconf 90' lang='lat' dir='ltr'>quia</span> <span class='ocrx_word' id='word_1_167' title='bbox 244 1570 314 1612; x_wconf 83' lang='lat' dir='ltr'>lex</span> <span class='ocrx_word' id='word_1_168' title='bbox 357 1573 491 1627; x_wconf 82' lang='lat' dir='ltr'>exigit</span> <span class='ocrx_word' id='word_1_169' title='bbox 534 1576 757 1619; x_wconf 86' lang='lat' dir='ltr'>caritatem</span> <span class='ocrx_word' id='word_1_170' title='bbox 799 1593 850 1620; x_wconf 86' lang='lat' dir='ltr'>ex</span> <span class='ocrx_word' id='word_1_171' title='bbox 888 1582 982 1621; x_wconf 90' lang='lat' dir='ltr'>toto</span> <span class='ocrx_word' id='word_1_172' title='bbox 1023 1581 1158 1634; x_wconf 85' lang='lat' dir='ltr'>corde,</span> <span class='ocrx_word' id='word_1_173' title='bbox 1196 1585 1290 1624; x_wconf 86' lang='lat' dir='ltr'>tota</span> <span class='ocrx_word' id='word_1_174' title='bbox 1319 1584 1471 1637; x_wconf 89' lang='lat' dir='ltr'>anima,</span> <span class='ocrx_word' id='word_1_175' title='bbox 1502 1588 1544 1627; x_wconf 89' lang='lat' dir='ltr'>et</span> <span class='ocrx_word' id='word_1_176' title='bbox 1570 1588 1663 1628; x_wconf 90' lang='lat' dir='ltr'>tota</span> 
     </span>
     <span class='ocr_line' id='line_1_21' title="bbox 103 1640 1663 1707; baseline 0.013 -27"><span class='ocrx_word' id='word_1_177' title='bbox 103 1640 373 1696; x_wconf 87' lang='lat' dir='ltr'>cogitatione,</span> <span class='ocrx_word' id='word_1_178' title='bbox 412 1643 515 1686; x_wconf 89' lang='lat' dir='ltr'>Mat.</span> <span class='ocrx_word' id='word_1_179' title='bbox 555 1647 617 1699; x_wconf 80' lang='lat'>22,</span> <span class='ocrx_word' id='word_1_180' title='bbox 648 1649 726 1701; x_wconf 63' lang='lat'>37„</span> <span class='ocrx_word' id='word_1_181' title='bbox 755 1649 859 1692; x_wconf 91' lang='lat' dir='ltr'>item</span> <span class='ocrx_word' id='word_1_182' title='bbox 888 1651 987 1703; x_wconf 89' lang='lat' dir='ltr'>quia</span> <span class='ocrx_word' id='word_1_183' title='bbox 1018 1667 1141 1694; x_wconf 88' lang='lat' dir='ltr'>omne</span> <span class='ocrx_word' id='word_1_184' title='bbox 1170 1657 1393 1707; x_wconf 90' lang='lat' dir='ltr'>peccatum</span> <span class='ocrx_word' id='word_1_185' title='bbox 1422 1659 1486 1698; x_wconf 90' lang='lat' dir='ltr'>est</span> <span class='ocrx_word' id='word_1_186' title='bbox 1515 1659 1663 1699; x_wconf 88' lang='lat' dir='ltr'>contra</span> 
     </span>
     <span class='ocr_line' id='line_1_22' title="bbox 101 1709 1527 1779; baseline 0.013 -28"><span class='ocrx_word' id='word_1_187' title='bbox 101 1709 251 1764; x_wconf 89' lang='lat' dir='ltr'>Deum,</span> <span class='ocrx_word' id='word_1_188' title='bbox 282 1714 304 1754; x_wconf 88' lang='lat'>1</span> <span class='ocrx_word' id='word_1_189' title='bbox 335 1713 439 1769; x_wconf 85' lang='lat' dir='ltr'>Reg.</span> <span class='ocrx_word' id='word_1_190' title='bbox 470 1716 508 1768; x_wconf 84' lang='grc'>8,</span> <span class='ocrx_word' id='word_1_191' title='bbox 537 1718 601 1760; x_wconf 86' lang='grc'>46.</span> <span class='ocrx_word' id='word_1_192' title='bbox 633 1721 675 1761; x_wconf 89' lang='lat' dir='ltr'>et</span> <span class='ocrx_word' id='word_1_193' title='bbox 704 1723 852 1763; x_wconf 90' lang='lat' dir='ltr'>contra</span> <span class='ocrx_word' id='word_1_194' title='bbox 881 1721 1020 1776; x_wconf 87' lang='lat' dir='ltr'>legem</span> <span class='ocrx_word' id='word_1_195' title='bbox 1047 1725 1214 1777; x_wconf 89' lang='lat' dir='ltr'>mentis,</span> <span class='ocrx_word' id='word_1_196' title='bbox 1245 1725 1367 1768; x_wconf 88' lang='lat' dir='ltr'>Rom.</span> <span class='ocrx_word' id='word_1_197' title='bbox 1398 1727 1433 1779; x_wconf 88' lang='lat'>7,</span> <span class='ocrx_word' id='word_1_198' title='bbox 1464 1729 1527 1770; x_wconf 82' lang='lat'>23.</span> 
     </span>
    </p>

    <p class='ocr_par' dir='ltr' id='par_1_6' title="bbox 95 1781 1662 2339">
     <span class='ocr_line' id='line_1_23' title="bbox 153 1781 1662 1850; baseline 0.013 -26"><span class='ocrx_word' id='word_1_199' title='bbox 153 1781 221 1825; x_wconf 89' lang='lat' dir='ltr'>LI.</span> <span class='ocrx_word' id='word_1_200' title='bbox 264 1783 679 1831; x_wconf 78' lang='lat' dir='ltr'>Demonstraturid</span> <span class='ocrx_word' id='word_1_201' title='bbox 722 1806 891 1846; x_wconf 87' lang='lat' dir='ltr'>quoque</span> <span class='ocrx_word' id='word_1_202' title='bbox 933 1794 1090 1836; x_wconf 86' lang='lat' dir='ltr'>invicte</span> <span class='ocrx_word' id='word_1_203' title='bbox 1133 1810 1183 1837; x_wconf 84' lang='lat' dir='ltr'>ex</span> <span class='ocrx_word' id='word_1_204' title='bbox 1224 1798 1372 1850; x_wconf 87' lang='lat' dir='ltr'>typica</span> <span class='ocrx_word' id='word_1_205' title='bbox 1413 1800 1662 1842; x_wconf 88' lang='lat' dir='ltr'>remissione</span> 
     </span>
     <span class='ocr_line' id='line_1_24' title="bbox 99 1856 1661 1923; baseline 0.012 -28"><span class='ocrx_word' id='word_1_206' title='bbox 99 1857 373 1907; x_wconf 87' lang='lat' dir='ltr'>peccatorum</span> <span class='ocrx_word' id='word_1_207' title='bbox 411 1856 464 1899; x_wconf 89' lang='lat' dir='ltr'>V.</span> <span class='ocrx_word' id='word_1_208' title='bbox 494 1858 607 1901; x_wconf 87' lang='lat' dir='ltr'>Test.</span> <span class='ocrx_word' id='word_1_209' title='bbox 646 1860 760 1903; x_wconf 90' lang='lat' dir='ltr'>Nam</span> <span class='ocrx_word' id='word_1_210' title='bbox 786 1878 873 1905; x_wconf 90' lang='lat' dir='ltr'>non</span> <span class='ocrx_word' id='word_1_211' title='bbox 901 1866 1070 1907; x_wconf 88' lang='lat' dir='ltr'>tantum</span> <span class='ocrx_word' id='word_1_212' title='bbox 1099 1881 1178 1919; x_wconf 89' lang='lat' dir='ltr'>pro</span> <span class='ocrx_word' id='word_1_213' title='bbox 1207 1869 1486 1923; x_wconf 84' lang='lat' dir='ltr'>gravioribus,</span> <span class='ocrx_word' id='word_1_214' title='bbox 1517 1871 1591 1913; x_wconf 88' lang='lat' dir='ltr'>sed</span> <span class='ocrx_word' id='word_1_215' title='bbox 1620 1875 1661 1914; x_wconf 88' lang='lat' dir='ltr'>et</span> 
     </span>
     <span class='ocr_line' id='line_1_25' title="bbox 98 1925 1661 1995; baseline 0.012 -29"><span class='ocrx_word' id='word_1_216' title='bbox 98 1939 177 1978; x_wconf 91' lang='lat' dir='ltr'>pro</span> <span class='ocrx_word' id='word_1_217' title='bbox 206 1925 436 1970; x_wconf 83' lang='lat' dir='ltr'>levioribus</span> <span class='ocrx_word' id='word_1_218' title='bbox 465 1932 664 1984; x_wconf 84' lang='lat' dir='ltr'>peccatis,</span> <span class='ocrx_word' id='word_1_219' title='bbox 694 1947 846 1987; x_wconf 88' lang='lat' dir='ltr'>nempe</span> <span class='ocrx_word' id='word_1_220' title='bbox 874 1935 1136 1978; x_wconf 86' lang='lat' dir='ltr'>infirmitatis</span> <span class='ocrx_word' id='word_1_221' title='bbox 1162 1940 1203 1979; x_wconf 93' lang='lat' dir='ltr'>et</span> <span class='ocrx_word' id='word_1_222' title='bbox 1225 1938 1507 1994; x_wconf 89' lang='lat' dir='ltr'>ignorantiae,</span> <span class='ocrx_word' id='word_1_223' title='bbox 1534 1942 1661 1995; x_wconf 85' lang='lat' dir='ltr'>(quae</span> 
     </span>
     <span class='ocr_line' id='line_1_26' title="bbox 98 1995 1660 2065; baseline 0.012 -28"><span class='ocrx_word' id='word_1_224' title='bbox 98 1995 314 2040; x_wconf 89' lang='lat' dir='ltr'>Pontificii</span> <span class='ocrx_word' id='word_1_225' title='bbox 352 2001 535 2043; x_wconf 86' lang='lat' dir='ltr'>venialia</span> <span class='ocrx_word' id='word_1_226' title='bbox 586 2017 675 2046; x_wconf 87' lang='lat' dir='ltr'>esse</span> <span class='ocrx_word' id='word_1_227' title='bbox 707 2005 874 2059; x_wconf 90' lang='lat' dir='ltr'>volunt)</span> <span class='ocrx_word' id='word_1_228' title='bbox 893 2008 1099 2050; x_wconf 90' lang='lat' dir='ltr'>sacrificia</span> <span class='ocrx_word' id='word_1_229' title='bbox 1129 2009 1281 2053; x_wconf 76' lang='lat' dir='ltr'>offerre</span> <span class='ocrx_word' id='word_1_230' title='bbox 1310 2013 1584 2065; x_wconf 85' lang='lat' dir='ltr'>cogebantur,</span> <span class='ocrx_word' id='word_1_231' title='bbox 1612 2016 1660 2055; x_wconf 91' lang='lat' dir='ltr'>ut</span> 
     </span>
     <span class='ocr_line' id='line_1_27' title="bbox 98 2067 1661 2137; baseline 0.013 -29"><span class='ocrx_word' id='word_1_232' title='bbox 98 2082 148 2109; x_wconf 84' lang='lat' dir='ltr'>ex</span> <span class='ocrx_word' id='word_1_233' title='bbox 177 2067 309 2111; x_wconf 83' lang='lat' dir='ltr'>Levit.</span> <span class='ocrx_word' id='word_1_234' title='bbox 339 2070 377 2122; x_wconf 87' lang='lat'>4,</span> <span class='ocrx_word' id='word_1_235' title='bbox 406 2071 443 2113; x_wconf 88' lang='lat'>5.</span> <span class='ocrx_word' id='word_1_236' title='bbox 474 2074 551 2114; x_wconf 88' lang='lat' dir='ltr'>etc.</span> <span class='ocrx_word' id='word_1_237' title='bbox 581 2074 722 2117; x_wconf 87' lang='lat' dir='ltr'>videre</span> <span class='ocrx_word' id='word_1_238' title='bbox 751 2078 824 2118; x_wconf 89' lang='lat' dir='ltr'>est.</span> <span class='ocrx_word' id='word_1_239' title='bbox 851 2076 1068 2121; x_wconf 83' lang='lat' dir='ltr'>Sacrificia</span> <span class='ocrx_word' id='word_1_240' title='bbox 1093 2083 1234 2123; x_wconf 85' lang='lat' dir='ltr'>autem</span> <span class='ocrx_word' id='word_1_241' title='bbox 1259 2083 1544 2137; x_wconf 85' lang='lat' dir='ltr'>respiciebant</span> <span class='ocrx_word' id='word_1_242' title='bbox 1567 2086 1661 2127; x_wconf 89' lang='lat' dir='ltr'>uni-</span> 
     </span>
     <span class='ocr_line' id='line_1_28' title="bbox 97 2139 1660 2211; baseline 0.013 -32"><span class='ocrx_word' id='word_1_243' title='bbox 97 2153 193 2180; x_wconf 92' lang='lat' dir='ltr'>cum</span> <span class='ocrx_word' id='word_1_244' title='bbox 222 2139 381 2182; x_wconf 84' lang='lat' dir='ltr'>Christi</span> <span class='ocrx_word' id='word_1_245' title='bbox 409 2144 673 2197; x_wconf 88' lang='lat' dir='ltr'>sacrificium,</span> <span class='ocrx_word' id='word_1_246' title='bbox 703 2162 778 2201; x_wconf 87' lang='lat' dir='ltr'>per</span> <span class='ocrx_word' id='word_1_247' title='bbox 809 2149 922 2201; x_wconf 93' lang='lat' dir='ltr'>quod</span> <span class='ocrx_word' id='word_1_248' title='bbox 952 2152 1095 2193; x_wconf 89' lang='lat' dir='ltr'>omnia</span> <span class='ocrx_word' id='word_1_249' title='bbox 1119 2156 1294 2206; x_wconf 89' lang='lat' dir='ltr'>peccata</span> <span class='ocrx_word' id='word_1_250' title='bbox 1317 2158 1465 2197; x_wconf 87' lang='lat' dir='ltr'>nostra</span> <span class='ocrx_word' id='word_1_251' title='bbox 1490 2157 1660 2211; x_wconf 85' lang='lat' dir='ltr'>expiata</span> 
     </span>
     <span class='ocr_line' id='line_1_29' title="bbox 97 2212 1659 2276; baseline 0.013 -25"><span class='ocrx_word' id='word_1_252' title='bbox 97 2213 207 2263; x_wconf 89' lang='lat' dir='ltr'>sunt,</span> <span class='ocrx_word' id='word_1_253' title='bbox 234 2212 333 2254; x_wconf 91' lang='lat' dir='ltr'>dum</span> <span class='ocrx_word' id='word_1_254' title='bbox 357 2228 435 2267; x_wconf 90' lang='lat' dir='ltr'>pro</span> <span class='ocrx_word' id='word_1_255' title='bbox 462 2215 746 2260; x_wconf 78' lang='lat' dir='ltr'>nobis·factus</span> <span class='ocrx_word' id='word_1_256' title='bbox 773 2222 836 2261; x_wconf 91' lang='lat' dir='ltr'>est</span> <span class='ocrx_word' id='word_1_257' title='bbox 859 2221 1116 2276; x_wconf 88' lang='lat' dir='ltr'>maledictiO,</span> <span class='ocrx_word' id='word_1_258' title='bbox 1141 2226 1189 2266; x_wconf 91' lang='lat' dir='ltr'>ut</span> <span class='ocrx_word' id='word_1_259' title='bbox 1212 2240 1290 2267; x_wconf 91' lang='lat' dir='ltr'>nos</span> <span class='ocrx_word' id='word_1_260' title='bbox 1315 2241 1339 2268; x_wconf 91' lang='lat' dir='ltr'>a</span> <span class='ocrx_word' id='word_1_261' title='bbox 1362 2227 1659 2270; x_wconf 89' lang='lat' dir='ltr'>maledictione</span> 
     </span>
     <span class='ocr_line' id='line_1_30' title="bbox 95 2281 589 2339; baseline 0.014 -16"><span class='ocrx_word' id='word_1_262' title='bbox 95 2281 308 2335; x_wconf 89' lang='lat' dir='ltr'>liberaret,</span> <span class='ocrx_word' id='word_1_263' title='bbox 337 2283 428 2327; x_wconf 79' lang='lat' dir='ltr'>Gal.</span> <span class='ocrx_word' id='word_1_264' title='bbox 458 2287 495 2339; x_wconf 83' lang='lat'>3,</span> <span class='ocrx_word' id='word_1_265' title='bbox 527 2288 589 2330; x_wconf 81' lang='lat'>13.</span> 
     </span>
    </p>

    <p class='ocr_par' dir='ltr' id='par_1_7' title="bbox 93 2352 1658 2704">
     <span class='ocr_line' id='line_1_31' title="bbox 148 2352 1658 2422; baseline 0.013 -28"><span class='ocrx_word' id='word_1_266' title='bbox 148 2352 236 2395; x_wconf 87' lang='lat' dir='ltr'>LII.</span> <span class='ocrx_word' id='word_1_267' title='bbox 275 2354 505 2399; x_wconf 88' lang='lat' dir='ltr'>Peccatum</span> <span class='ocrx_word' id='word_1_268' title='bbox 542 2359 834 2404; x_wconf 86' lang='lat' dir='ltr'>irremissibile</span> <span class='ocrx_word' id='word_1_269' title='bbox 872 2366 936 2405; x_wconf 90' lang='lat' dir='ltr'>est</span> <span class='ocrx_word' id='word_1_270' title='bbox 964 2368 1188 2418; x_wconf 86' lang='lat' dir='ltr'>peccatum</span> <span class='ocrx_word' id='word_1_271' title='bbox 1212 2367 1259 2408; x_wconf 87' lang='lat' dir='ltr'>in</span> <span class='ocrx_word' id='word_1_272' title='bbox 1288 2367 1498 2422; x_wconf 85' lang='lat' dir='ltr'>Spiritum</span> <span class='ocrx_word' id='word_1_273' title='bbox 1527 2369 1658 2413; x_wconf 86' lang='lat' dir='ltr'>Sano-</span> 
     </span>
     <span class='ocr_line' id='line_1_32' title="bbox 94 2425 1657 2493; baseline 0.013 -29"><span class='ocrx_word' id='word_1_274' title='bbox 94 2425 198 2466; x_wconf 87' lang='lat' dir='ltr'>tum.</span> <span class='ocrx_word' id='word_1_275' title='bbox 234 2425 332 2468; x_wconf 87' lang='lat' dir='ltr'>Etsi</span> <span class='ocrx_word' id='word_1_276' title='bbox 370 2429 482 2470; x_wconf 88' lang='lat' dir='ltr'>enim</span> <span class='ocrx_word' id='word_1_277' title='bbox 521 2432 563 2471; x_wconf 90' lang='lat' dir='ltr'>et</span> <span class='ocrx_word' id='word_1_278' title='bbox 599 2431 925 2486; x_wconf 86' lang='lat' dir='ltr'>impoenitentia</span> <span class='ocrx_word' id='word_1_279' title='bbox 963 2436 1101 2478; x_wconf 88' lang='lat' dir='ltr'>finalis</span> <span class='ocrx_word' id='word_1_280' title='bbox 1137 2453 1223 2480; x_wconf 90' lang='lat' dir='ltr'>non</span> <span class='ocrx_word' id='word_1_281' title='bbox 1252 2440 1507 2493; x_wconf 86' lang='lat' dir='ltr'>remittatur,</span> <span class='ocrx_word' id='word_1_282' title='bbox 1538 2441 1581 2483; x_wconf 90' lang='lat' dir='ltr'>id</span> <span class='ocrx_word' id='word_1_283' title='bbox 1609 2442 1657 2484; x_wconf 90' lang='lat' dir='ltr'>fit</span> 
     </span>
     <span class='ocr_line' id='line_1_33' title="bbox 95 2496 1658 2565; baseline 0.012 -29"><span class='ocrx_word' id='word_1_284' title='bbox 95 2509 146 2536; x_wconf 89' lang='lat' dir='ltr'>ex</span> <span class='ocrx_word' id='word_1_285' title='bbox 184 2496 404 2551; x_wconf 87' lang='lat' dir='ltr'>accidenti,</span> <span class='ocrx_word' id='word_1_286' title='bbox 442 2514 528 2542; x_wconf 92' lang='lat' dir='ltr'>non</span> <span class='ocrx_word' id='word_1_287' title='bbox 567 2502 667 2554; x_wconf 87' lang='lat' dir='ltr'>quia</span> <span class='ocrx_word' id='word_1_288' title='bbox 703 2504 867 2557; x_wconf 89' lang='lat' dir='ltr'>reliqua</span> <span class='ocrx_word' id='word_1_289' title='bbox 902 2510 1090 2560; x_wconf 89' lang='lat' dir='ltr'>peccata,</span> <span class='ocrx_word' id='word_1_290' title='bbox 1131 2509 1180 2551; x_wconf 88' lang='lat' dir='ltr'>de</span> <span class='ocrx_word' id='word_1_291' title='bbox 1210 2511 1362 2562; x_wconf 88' lang='lat' dir='ltr'>quibus</span> <span class='ocrx_word' id='word_1_292' title='bbox 1392 2512 1658 2565; x_wconf 86' lang='lat' dir='ltr'>poenitentia</span> 
     </span>
     <span class='ocr_line' id='line_1_34' title="bbox 94 2569 1656 2638; baseline 0.013 -31"><span class='ocrx_word' id='word_1_293' title='bbox 94 2581 180 2608; x_wconf 89' lang='lat' dir='ltr'>non</span> <span class='ocrx_word' id='word_1_294' title='bbox 209 2569 363 2622; x_wconf 89' lang='lat' dir='ltr'>agitur,</span> <span class='ocrx_word' id='word_1_295' title='bbox 393 2570 437 2611; x_wconf 93' lang='lat' dir='ltr'>in</span> <span class='ocrx_word' id='word_1_296' title='bbox 465 2586 509 2613; x_wconf 89' lang='lat' dir='ltr'>se</span> <span class='ocrx_word' id='word_1_297' title='bbox 538 2572 624 2614; x_wconf 89' lang='lat' dir='ltr'>sint</span> <span class='ocrx_word' id='word_1_298' title='bbox 652 2574 973 2630; x_wconf 87' lang='lat' dir='ltr'>irremissibilia,</span> <span class='ocrx_word' id='word_1_299' title='bbox 1006 2579 1079 2621; x_wconf 91' lang='lat' dir='ltr'>sed</span> <span class='ocrx_word' id='word_1_300' title='bbox 1108 2581 1209 2633; x_wconf 89' lang='lat' dir='ltr'>quia</span> <span class='ocrx_word' id='word_1_301' title='bbox 1238 2596 1384 2624; x_wconf 88' lang='lat' dir='ltr'>eorum</span> <span class='ocrx_word' id='word_1_302' title='bbox 1414 2598 1557 2626; x_wconf 89' lang='lat' dir='ltr'>cursus</span> <span class='ocrx_word' id='word_1_303' title='bbox 1580 2599 1656 2638; x_wconf 89' lang='lat' dir='ltr'>per</span> 
     </span>
     <span class='ocr_line' id='line_1_35' title="bbox 93 2636 1110 2704; baseline 0.015 -26"><span class='ocrx_word' id='word_1_304' title='bbox 93 2636 218 2680; x_wconf 88' lang='lat' dir='ltr'>fidem</span> <span class='ocrx_word' id='word_1_305' title='bbox 248 2642 290 2682; x_wconf 87' lang='lat' dir='ltr'>et</span> <span class='ocrx_word' id='word_1_306' title='bbox 318 2642 628 2694; x_wconf 89' lang='lat' dir='ltr'>poenitentiam</span> <span class='ocrx_word' id='word_1_307' title='bbox 657 2660 743 2688; x_wconf 90' lang='lat' dir='ltr'>non</span> <span class='ocrx_word' id='word_1_308' title='bbox 771 2647 1110 2704; x_wconf 86' lang='lat' dir='ltr'>interrumpitur.</span> 
     </span>
    </p>

    <p class='ocr_par' dir='ltr' id='par_1_8' title="bbox 90 2708 1655 3064">
     <span class='ocr_line' id='line_1_36' title="bbox 146 2708 1653 2781; baseline 0.013 -30"><span class='ocrx_word' id='word_1_309' title='bbox 146 2708 258 2752; x_wconf 89' lang='lat' dir='ltr'>LIII.</span> <span class='ocrx_word' id='word_1_310' title='bbox 315 2711 550 2756; x_wconf 89' lang='lat' dir='ltr'>Definimus</span> <span class='ocrx_word' id='word_1_311' title='bbox 606 2719 748 2759; x_wconf 90' lang='lat' dir='ltr'>autem</span> <span class='ocrx_word' id='word_1_312' title='bbox 801 2723 1023 2773; x_wconf 86' lang='lat' dir='ltr'>peccatum</span> <span class='ocrx_word' id='word_1_313' title='bbox 1076 2722 1120 2764; x_wconf 86' lang='lat' dir='ltr'>in</span> <span class='ocrx_word' id='word_1_314' title='bbox 1175 2723 1385 2778; x_wconf 81' lang='lat' dir='ltr'>Spiritum</span> <span class='ocrx_word' id='word_1_315' title='bbox 1438 2725 1653 2781; x_wconf 82' lang='lat' dir='ltr'>Sanctum,</span> 
     </span>
     <span class='ocr_line' id='line_1_37' title="bbox 92 2784 1655 2851; baseline 0.012 -29"><span class='ocrx_word' id='word_1_316' title='bbox 92 2784 385 2837; x_wconf 88' lang='lat' dir='ltr'>contemptum</span> <span class='ocrx_word' id='word_1_317' title='bbox 423 2788 464 2828; x_wconf 85' lang='lat' dir='ltr'>et</span> <span class='ocrx_word' id='word_1_318' title='bbox 503 2789 869 2841; x_wconf 87' lang='lat' dir='ltr'>oppugnationem</span> <span class='ocrx_word' id='word_1_319' title='bbox 905 2793 1164 2835; x_wconf 86' lang='lat' dir='ltr'>malitiosam</span> <span class='ocrx_word' id='word_1_320' title='bbox 1203 2793 1372 2848; x_wconf 86' lang='lat' dir='ltr'>Christi,</span> <span class='ocrx_word' id='word_1_321' title='bbox 1412 2798 1454 2838; x_wconf 89' lang='lat' dir='ltr'>et</span> <span class='ocrx_word' id='word_1_322' title='bbox 1491 2799 1655 2851; x_wconf 87' lang='lat' dir='ltr'>gratiae</span> 
     </span>
     <span class='ocr_line' id='line_1_38' title="bbox 92 2850 1654 2923; baseline 0.011 -29"><span class='ocrx_word' id='word_1_323' title='bbox 92 2850 376 2908; x_wconf 87' lang='lat' dir='ltr'>Evangelicae</span> <span class='ocrx_word' id='word_1_324' title='bbox 425 2872 501 2911; x_wconf 90' lang='lat' dir='ltr'>per</span> <span class='ocrx_word' id='word_1_325' title='bbox 552 2861 773 2912; x_wconf 83' lang='lat' dir='ltr'>externum</span> <span class='ocrx_word' id='word_1_326' title='bbox 826 2863 946 2904; x_wconf 86' lang='lat' dir='ltr'>verbi</span> <span class='ocrx_word' id='word_1_327' title='bbox 998 2863 1190 2905; x_wconf 90' lang='lat' dir='ltr'>auditum</span> <span class='ocrx_word' id='word_1_328' title='bbox 1242 2867 1452 2920; x_wconf 88' lang='lat' dir='ltr'>cognitae,</span> <span class='ocrx_word' id='word_1_329' title='bbox 1495 2871 1536 2910; x_wconf 88' lang='lat' dir='ltr'>et</span> <span class='ocrx_word' id='word_1_330' title='bbox 1577 2885 1654 2923; x_wconf 90' lang='lat' dir='ltr'>per</span> 
     </span>
     <span class='ocr_line' id='line_1_39' title="bbox 92 2922 1653 2992; baseline 0.011 -27"><span class='ocrx_word' id='word_1_331' title='bbox 92 2922 301 2977; x_wconf 84' lang='lat' dir='ltr'>Spiritum</span> <span class='ocrx_word' id='word_1_332' title='bbox 339 2926 543 2971; x_wconf 80' lang='lat' dir='ltr'>Sanctum</span> <span class='ocrx_word' id='word_1_333' title='bbox 580 2930 694 2972; x_wconf 89' lang='lat' dir='ltr'>intus</span> <span class='ocrx_word' id='word_1_334' title='bbox 731 2947 979 2985; x_wconf 82' lang='lat' dir='ltr'>persuasae3</span> <span class='ocrx_word' id='word_1_335' title='bbox 1017 2935 1104 2976; x_wconf 83' lang='lat' dir='ltr'>sive</span> <span class='ocrx_word' id='word_1_336' title='bbox 1141 2935 1176 2976; x_wconf 89' lang='lat' dir='ltr'>is</span> <span class='ocrx_word' id='word_1_337' title='bbox 1214 2936 1269 2977; x_wconf 87' lang='lat' dir='ltr'>sit</span> <span class='ocrx_word' id='word_1_338' title='bbox 1300 2937 1345 2978; x_wconf 90' lang='lat' dir='ltr'>in</span> <span class='ocrx_word' id='word_1_339' title='bbox 1373 2937 1424 2979; x_wconf 88' lang='lat' dir='ltr'>iis</span> <span class='ocrx_word' id='word_1_340' title='bbox 1454 2940 1527 2992; x_wconf 91' lang='lat' dir='ltr'>qui</span> <span class='ocrx_word' id='word_1_341' title='bbox 1555 2939 1653 2983; x_wconf 93' lang='lat' dir='ltr'>doc-</span> 
     </span>
     <span class='ocr_line' id='line_1_40' title="bbox 90 2994 1651 3064; baseline 0.011 -28"><span class='ocrx_word' id='word_1_342' title='bbox 90 2994 248 3038; x_wconf 88' lang='lat' dir='ltr'>trinam</span> <span class='ocrx_word' id='word_1_343' title='bbox 287 2996 444 3041; x_wconf 87' lang='lat' dir='ltr'>Christi</span> <span class='ocrx_word' id='word_1_344' title='bbox 481 3000 670 3043; x_wconf 88' lang='lat' dir='ltr'>nondum</span> <span class='ocrx_word' id='word_1_345' title='bbox 700 3005 797 3045; x_wconf 89' lang='lat' dir='ltr'>sunt</span> <span class='ocrx_word' id='word_1_346' title='bbox 818 3004 1017 3057; x_wconf 77' lang='lat' dir='ltr'>professi,</span> <span class='ocrx_word' id='word_1_347' title='bbox 1046 3006 1191 3058; x_wconf 86' lang='lat' dir='ltr'>quales</span> <span class='ocrx_word' id='word_1_348' title='bbox 1219 3007 1390 3050; x_wconf 88' lang='lat' dir='ltr'>fuerunt</span> <span class='ocrx_word' id='word_1_349' title='bbox 1418 3008 1651 3064; x_wconf 88' lang='lat' dir='ltr'>Pharisaei,</span> 
     </span>
    </p>
   </div>
  </div>
 </body>
</html>
