1931 3224
424 106 487 148 DE
519 107 651 150 Smn
679 107 971 149 Exmmoms
1001 106 1102 149 JEsU
1130 107 1306 150 szrsm.
1564 113 1640 153 277

80 248 166 276 non
205 231 459 282 dubitemus,
500 232 602 284 quin
641 232 796 274 Christi
826 233 870 274 in
901 234 1042 276 coelos
1069 235 1296 288 ingressus,
1327 235 1476 287 plenus
1507 235 1642 288 gloria

48 335 53 336 ν
81 306 123 346 013
161 301 531 356 congratulatione
570 303 816 345 coelestium
845 306 1072 357 spirituum
1103 305 1252 355 fuerit;
1287 307 1642 358 quemadmodum

78 377 124 418 in
162 375 386 421 nativitate
426 379 513 431 ejus
544 381 608 420 est
636 378 810 429 factum,
840 380 886 418 ut
917 377 1026 418 clare
1055 377 1098 418 id
1126 377 1264 428 nobis,
1295 377 1375 418 etsi
1404 377 1641 430 allegorice,

82 449 334 492 describitur
361 450 430 491 Ps.
460 450 524 501 68,
555 450 617 491 18.
647 449 754 490 Dan.
786 449 821 500 7,
853 449 914 489 13.
945 450 1072 500 atque
1101 448 1215 490 alibi.

132 520 292 562 XVIII.
329 520 548 575 Negamus
588 523 729 562 tamen
769 523 916 562 contra
953 519 1215 572 Pontificios,
1253 523 1424 574 patrum
1454 522 1642 563 omnium

80 593 178 633 ante
221 590 381 633 Christi
422 606 642 633 ascensum
685 591 981 633 defunctorum
1023 592 1198 643 animas,
1243 592 1287 632 in
1327 592 1458 633 limbo
1500 593 1642 645 aliquo

81 662 355 704 subterraneo
395 663 446 703 ad
485 662 567 703 hoc
604 677 737 715 usque
775 666 944 716 tempus
973 662 1103 704 fuisse
1135 663 1340 715 detentas,
1372 678 1420 705 ac
1448 666 1541 705 tum
1571 664 1641 706 de—

79 748 195 774 mum
233 748 257 773 a
300 732 468 774 Christo
506 733 705 774 liberatas
743 736 870 785 atque
906 735 951 775 in
989 735 1154 775 coelum
1192 735 1244 775 ab
1281 734 1375 788 ipso
1414 735 1641 777 traductas.

78 804 191 846 Nam
230 804 343 846 nulla
380 805 424 846 id
463 805 587 856 ratio,
628 807 700 846 aut
729 804 770 846 S.
801 804 1047 858 Scripturae
1077 805 1194 846 locus
1225 805 1391 858 evincit,
1422 808 1463 848 et
1494 809 1644 848 contra

79 890 103 917 a
139 875 262 917 nobis
301 878 517 917 ostensum
558 878 631 928 est,
669 875 850 917 Henoch
880 879 921 917 et
949 876 1091 918 Eliam
1118 877 1162 917 in
1192 878 1355 919 coelum
1386 893 1474 920 esse
1503 881 1641 920 trans-

77 947 200 998 latos,
230 949 278 988 ut
308 948 332 988 2
359 947 465 1000 Reg.
496 949 531 999 2,
564 949 598 989 1.
630 950 671 989 013
696 947 758 988 12.
785 947 953 989 disertis
976 948 1116 989 verbis
1141 949 1355 1000 asseritur,
1383 953 1424 991 et
1450 950 1642 992 Christus

79 1018 273 1059 omnibus
322 1019 660 1072 persecutionem
712 1033 790 1071 pro
839 1019 1008 1071 justitia
1057 1019 1331 1072 patientibus,
1374 1021 1501 1074 longe
1545 1025 1642 1063 ante.

78 1091 259 1131 mortem
298 1103 429 1141 suam,
466 1090 766 1131 mercedem
803 1090 856 1130 in
891 1090 1062 1131 coelis
1092 1091 1321 1143 promittit,
1352 1091 1475 1134 Matt.
1508 1094 1544 1144 3,
1578 1095 1639 1136 10.

78 1164 119 1203 013
158 1162 219 1202 12.
260 1163 388 1213 atque
426 1161 508 1214 ipsi
546 1161 703 1202 latroni
731 1161 775 1202 in
805 1176 925 1202 cruce
955 1162 1170 1214 pendenti,
1202 1164 1315 1215 quod
1346 1165 1528 1206 eodem
1558 1166 1640 1207 die

77 1247 190 1274 cum
218 1233 338 1286 ipso
367 1232 585 1273 futurus
617 1235 761 1273 esset
790 1233 841 1274 in
871 1232 1153 1286 paradiso,
1186 1232 1282 1275 Luc.
1314 1235 1376 1286 23,
1405 1236 1469 1276 43.

129 1302 243 1345 XIX.
272 1303 368 1344 Etsi
397 1291 497 1344 vero
527 1302 719 1344 Christus
749 1303 877 1344 etiam
907 1305 1005 1356 post
1035 1319 1156 1345 suum
1185 1304 1229 1345 in
1255 1305 1394 1346 coelos
1421 1320 1641 1348 ascensum

74 1390 381 1428 nonnunquam
433 1374 651 1427 discipulis
699 1375 743 1415 in
785 1375 1093 1428 Apostolorum
1136 1377 1254 1428 actis,
1298 1379 1339 1418 et
1383 1378 1639 1418 nominatim

75 1445 287 1505 Apostolo
326 1444 460 1488 Paulo
499 1446 664 1488 dicatur
703 1448 963 1501 apparuisse,
993 1463 1197 1501 negamus
1228 1451 1381 1501 tamen,
1412 1453 1638 1504 propterea

76 1532 171 1559 eum
200 1532 378 1570 corpore
408 1532 482 1559 suo
513 1518 653 1572 reipsa
683 1521 802 1560 extra
828 1519 990 1561 coelum
1015 1519 1156 1572 fuisse,
1184 1521 1283 1572 quia
1309 1522 1638 1575 comparitiones

73 1590 182 1641 illae,
222 1590 289 1631 vel
329 1590 555 1631 ecstaticae
591 1588 773 1641 fuerunt,
813 1590 877 1631 vel
915 1590 959 1631 in
999 1590 1167 1642 301111113,
1199 1591 1263 1632 vel
1294 1592 1422 1633 coelis
1453 1593 1634 1645 apertis;

74 1660 289 1703 Christum
330 1675 428 1702 vero
471 1661 612 1713 ipsum
653 1660 698 1701 in
740 1661 865 1703 coelis
903 1676 1149 1702 mansurum
1188 1676 1321 1714 usque
1360 1663 1459 1704 dum
1494 1663 1637 1705 veniat

69 1733 309 1785 judicatum
332 1733 451 1775 vivos
476 1735 518 1775 et
542 1735 747 1785 mortuos,
773 1732 993 1786 Scriptura
1015 1732 1168 1774 diserte
1189 1736 1384 1786 testatur,
1400 1734 1495 1776 Act.
1514 1736 1549 1786 3,
1571 1736 1633 1776 21.

75 1806 116 1846 013
144 1804 254 1846 Phil.
284 1805 321 1845 3.
352 1820 390 1846 v.
420 1804 583 1855 ultimo,
615 1807 743 1857 atque
773 1804 887 1845 alibi.

125 1874 219 1918 XX.
258 1874 439 1917 Fructus
479 1875 735 1917 ascensionis
775 1874 932 1916 Christi
971 1877 1069 1916 sunt
1107 1876 1231 1916 111111131
1265 1891 1313 1917 ac
1342 1877 1500 1929 magni.
1530 1877 1635 1929 Ejus

75 1946 186 1989 enim
213 1947 410 2001 ingressu
438 1947 618 1988 coeleste
647 1946 770 1987 nobis
800 1947 1030 2002 sacrarium
1061 1949 1257 2000 apertum
1286 1950 1361 1999 est,
1391 1947 1419 1989 J
1423 1947 1478 1989 oh
1510 1948 1571 2000 14,
1598 1950 1634 1989 2.

73 2018 204 2060 Hebr.
244 2020 281 2070 9,
320 2019 369 2070 8.,
409 2033 503 2071 spes
541 2017 710 2060 futurae
738 2020 910 2060 nostrae
939 2006 1216 2060 haereditatis
1245 2018 1288 2059 in
1319 2019 1457 2072 capite
1487 2022 1633 2061 nostro

73 2089 319 2143 plenissime
357 2089 618 2141 confirmata,
659 2093 700 2132 et
737 2105 814 2132 nos
845 2105 940 2131 cum
969 2091 1091 2132 eoin
1123 2091 1251 2132 coelis
1282 2090 1489 2142 collocati,
1521 2090 1631 2143 Eph.

19 2174 24 2179 ⁴
74 2161 110 2212 2,
149 2161 185 2202 6.
216 2161 401 2214 Spiritus
430 2160 576 2202 Sancti
606 2161 753 2202 effusio
783 2161 906 2203 nobis
936 2162 1178 2215 impetrata,
1209 2162 1308 2204 ‚J0h.
1340 2162 1401 2213 16,
1429 2163 1464 2203 7.
1492 2178 1539 2203 ac
1564 2162 1634 2203 de-

73 2232 201 2285 nique
239 2232 425 2285 ejusdem
465 2233 634 2284 virtute,
676 2233 801 2274 corda
831 2235 872 2274 et
901 2233 1075 2274 affectus
1105 2233 1241 2274 nostri
1271 2247 1437 2274 sursum
1465 2234 1509 2275 in
1539 2248 1633 2276 000-

73 2304 161 2345 lum
199 2303 345 2355 evecti,
385 2306 432 2344 ut
469 2318 555 2345 non
591 2319 841 2357 quaeramus
871 2304 1054 2357 amplius
1085 2319 1132 2346 ea
1163 2320 1270 2357 quae
1300 2305 1344 2346 in
1373 2305 1496 2347 terris
1523 2309 1632 2357 3111113,

72 2375 146 2416 sed
175 2390 223 2416 ea
249 2390 357 2428 quae
385 2376 430 2417 in
460 2375 587 2417 coelis
618 2378 728 2428 sunt,
759 2375 844 2417 Col.
874 2377 910 2428 3,
941 2377 975 2418 1.
1006 2378 1042 2418 2,
1073 2377 1110 2417 3.

125 2446 241 2489 ΧΧΙ.
271 2446 516 2489 Postremus
547 2448 819 2490 exaltationis
850 2448 1009 2489 Christi
1039 2448 1194 2501 gradus
1225 2451 1299 2500 est,
1332 2450 1419 2501 ejus
1450 2450 1502 2490 ad
1533 2450 1631 2491 dex-

71 2519 184 2560 tram
213 2517 293 2560 Dei
324 2518 465 2570 sessio,
497 2519 547 2560 de
578 2533 662 2571 qua
688 2519 811 2561 nobis
840 2520 886 2561 in
914 2519 1188 2573 sequentibus
1220 2520 1444 2572 agendum.

125 2589 262 2631 XXII.
300 2589 462 2631 Dextra
499 2589 592 2641 Dei,
631 2590 712 2631 hoc
748 2591 841 2632 loco
872 2592 1044 2644 proprie
1075 2593 1209 2645 accipi
1238 2607 1323 2634 non
1353 2595 1507 2645 potest,
1539 2608 1632 2634 cum

72 2660 187 2702 Deus
227 2661 281 2702 sit
320 2660 517 2714 SpirituS,
558 2676 606 2703 ac
633 2662 812 2715 proinde
842 2677 1011 2705 carnem
1041 2666 1082 2705 et
1114 2678 1209 2704 ossa
1239 2678 1324 2704 non
1353 2664 1529 2715 habeat3
1560 2666 1632 2707 sed
1684 2713 1685 2716 Ἴ

72 2732 362 2786 metaphorice
400 2732 593 2785 sumitur,
630 2748 709 2787 pro
748 2749 913 2776 summo
952 2735 1026 2776 illo
1057 2735 1379 2788 glorificationis
1410 2736 1556 2789 gradu,
1586 2737 1631 2778 111
1681 2742 1684 2744 ’

73 2818 199 2857 quem
241 2803 433 2846 Christus
479 2820 502 2846 a
542 2804 682 2852 Patre,
719 2808 818 2859 post
855 2807 1096 2860 passionem
1125 2809 1166 2848 et
1205 2821 1423 2848 ascensum
1463 2808 1550 2860 ejus
1588 2809 1631 2850 111

74 2875 225 2927 000103,
255 2878 318 2917 0313
347 2878 526 2918 evectus.

125 2945 284 2988 XXIII.
327 2946 580 3001 Metaphora
623 2950 766 2989 autem
793 2948 910 3009 §haec
953 2951 1016 2991 est
1053 2952 1226 3002 sumpta
1265 2965 1288 2991 a
1327 2951 1628 2992 consuetudine
