1931 3224
644 136 708 179 DE
736 139 921 183 PECCA'ro
952 142 1176 188 Omcnmm.
1582 173 1584 175 ·
1614 155 1686 196 131

124 252 328 295 vitiorum
369 258 433 298 est
476 258 609 313 origo,
653 263 697 304 in
738 263 922 309 Diabolo
965 283 1156 323 regnare.
1195 270 1287 313 Nec
1328 288 1454 316 ausus
1495 278 1558 317 est
1596 278 1688 330 ipse

124 322 420 379 Bellarminus,
464 327 538 372 De
581 333 755 376 amiss.
800 341 936 389 grat.
981 342 1032 381 et
1075 343 1200 383 stat.
1244 346 1482 396 peccati,
1527 346 1622 388 Lib
1653 350 1689 390 5.

125 409 232 448 cap.
264 397 325 438 15.
356 412 526 452 negare,
557 404 686 446 etiam
715 406 760 447 in
791 408 955 451 animae
984 414 1106 464 parte
1137 414 1353 467 superiore
1379 416 1515 459 31111110
1539 419 1691 461 vitium

121 465 326 518 inveniri3
357 468 443 512 imo
470 475 835 529 concupiscentiae
859 480 946 522 vim
971 481 1098 523 etiam
1122 483 1167 524 in
1190 487 1331 527 mente
1356 486 1496 529 sedem
1518 488 1687 532 habere.

124 536 216 586 Qua
246 541 617 594 concupiscentiae
648 550 896 602 acceptione
925 552 1118 606 probata,
1149 558 1196 597 ut
1223 557 1425 610 quicquid
1449 559 1493 600 in
1517 560 1690 603 homine

123 611 198 661 est,
241 610 304 651 ab·
338 611 556 656 intellectu
595 617 647 658 ad
684 619 961 675 voluntatem,
999 624 1051 666 ab
1091 627 1232 668 anima
1261 628 1314 669 ad
1343 644 1509 672 carnem
1537 647 1683 685 usque,

122 694 170 722 ea
197 680 467 734 inquinatum
496 686 785 743 refertumque
815 707 905 735 esse
929 694 1209 750 intelligatur,
1235 704 1456 752 peccatum
1482 704 1689 759 originale

121 755 630 808 concupiscentiam
682 761 765 803 dici
815 779 942 816 posse
1001 768 1042 808 et
1094 783 1196 821 0330,
1247 771 1528 821 affirmamus:
1571 777 1687 829 cujus

120 824 250 866 etiam
290 829 658 881 concupiscentiae
702 847 847 887 genus,
886 851 972 878 non
1008 853 1157 892 regere
1194 843 1371 896 ratione,
1413 845 1485 886 sed
1515 847 1686 890 omnino

120 897 355 950 exstirpare
394 902 579 953 oportet,
619 917 703 955 qua
739 905 803 946 uti
842 909 956 949 recte
991 924 1077 951 non
1114 926 1350 966 possumus,
1383 916 1455 957 sed
1484 918 1550 958 cui
1579 933 1687 960 30111-

117 981 194 1020 per
234 969 432 1012 resistere
471 971 681 1026 debemus,
722 990 829 1028 quae
867 993 952 1020 non
987 996 1125 1034 poena
1155 985 1283 1026 modo
1314 989 1388 1038 est,
1420 988 1581 1030 inflicta
1612 1006 1687 1043 per

116 1042 353 1092 peccatum,
394 1042 468 1084 sed
506 1058 630 1086 verae
669 1046 818 1101 culpae
855 1051 1075 1103 propriam
1108 1068 1275 1108 semper
1304 1056 1434 1100 habet
1462 1061 1685 1104 rationem.

115 1108 272 1151 Nihil
310 1111 439 1154 boni
477 1116 667 1169 agitur
705 1118 764 1161 de
794 1119 935 1173 ipsa,
966 1123 1109 1165 nihil
1137 1125 1265 1168 boni
1296 1129 1412 1181 agit
1441 1130 1582 1184 ipsa,
1613 1134 1685 1175 ni-

114 1179 193 1222 hil
220 1181 803 1241 boniconcupiscitur
833 1207 892 1234 ex
918 1209 995 1247 ea,
1023 1197 1114 1238 sed
1140 1200 1190 1239 et
1216 1200 1411 1242 malum
1436 1206 1518 1245 est
1543 1207 1685 1257 quic—

114 1253 242 1305 quid
281 1258 705 1311 concupiscitur
745 1277 840 1316 per
875 1264 1072 1319 ipsam,
1112 1268 1381 1323 Augustinus
1420 1277 1568 1317 contra
1598 1276 1684 1320 Jul.

111 1322 156 1365 L.
185 1324 224 1367 4.
260 1340 294 1369 c.
324 1328 360 1369 1.
391 1331 432 1371 et
461 1330 497 1372 2.

170 1395 371 1441 XXXIII.
410 1399 502 1443 Nec
540 1403 738 1447 audiendi
777 1411 887 1460 sunt,
924 1410 996 1462 qui
1025 1412 1068 1453 in
1099 1426 1148 1455 eo
1180 1413 1405 1469 Pelagium
1435 1418 1682 1464 damnantes

117 1467 232 1519 quod
268 1469 400 1512 talem
437 1475 825 1528 concupiscentiam
864 1494 887 1521 a
922 1480 1012 1523 Deo
1043 1497 1133 1525 esse
1161 1485 1335 1528 insitam
1365 1488 1543 1542 dicebat,
1572 1494 1681 1534 tani-

116 1551 245 1589 quam
282 1536 444 1584 honuni
479 1545 653 1598 aliquod
689 1550 895 1603 naturale,
934 1552 1123 1596 fatentur
1162 1557 1333 1609 quidem
1371 1575 1463 1602 eam
1501 1562 1554 1604 ad
1583 1579 1679 1617 pec-

115 1611 257 1651 catum
308 1613 553 1668 sollicitare,
600 1633 686 1660 non
729 1621 897 1662 tantum
939 1627 1206 1679 suggerendo
1249 1630 1361 1681 quod
1404 1632 1562 1674 malum
1605 1639 1679 1687 est,

114 1682 328 1733 quomodo
351 1684 555 1728 sollicitat
579 1687 799 1744 Diabolus,
824 1707 900 1734 nec
924 1709 1001 1747 per
1026 1697 1218 1740 accidens
1244 1703 1317 1741 aut
1343 1703 1679 1759 occasionaliter,

114 1753 327 1804 quomodo
364 1755 510 1799 vinum
550 1761 591 1800 et
629 1760 768 1803 forma
805 1764 995 1807 mulieris
1037 1768 1089 1809 ad
1125 1770 1421 1825 intemperiem
1458 1776 1525 1817 vel
1554 1778 1679 1830 gulae

111 1822 179 1864 vel
216 1822 408 1880 Veneris,
438 1829 511 1871 sed
539 1845 616 1883 per
646 1847 703 1885 se,
735 1836 777 1875 et
807 1825 957 1890 suapte
982 1841 1147 1892 natura,
1179 1845 1220 1884 et
1249 1845 1425 1898 proprio
1457 1862 1532 1889 3110
1559 1851 1676 1899 actu;

109 1894 289 1947 proinde
329 1912 415 1941 non
444 1914 533 1943 esse
561 1904 798 1957 amandam,
829 1908 902 1949 sed
933 1909 1029 1952 odio
1059 1911 1297 1956 habendam
1328 1918 1548 1970 tamquam
1578 1922 1677 1962 viti—

109 1980 193 2018 um,
234 1982 312 2010 nos
356 1969 568 2014 abducens
612 1977 654 2016 et
694 1979 889 2020 avertens
928 1980 981 2021 ab
1020 1996 1082 2033 eo,
1119 1985 1233 2036 quod
1261 2000 1421 2030 summe
1450 1992 1675 2034 amandum

109 2039 184 2079 est.
223 2037 325 2082 Non
355 2056 445 2084 esse
468 2045 612 2086 tamen
637 2051 861 2100 peccatum
886 2053 1060 2105 proprie
1086 2054 1258 2108 dictum,
1283 2059 1440 2101 audent
1465 2076 1673 2113 asserere;

107 2122 160 2149 ne
197 2109 242 2151 in
276 2126 363 2153 non
399 2115 559 2157 renatis
588 2117 770 2171 quidem,
800 2120 884 2162 nisi
912 2123 1079 2166 ratione
1107 2126 1174 2167 vel
1204 2130 1322 2169 actus
1352 2131 1481 2183 primi
1510 2135 1674 2186 peccati

106 2179 319 2234 imputati,
349 2184 429 2225 vel·
447 2185 621 2229 effectus
650 2189 726 2242 sui,
757 2205 853 2232 cum
879 2192 923 2234 in
952 2196 1117 2238 actuale
1145 2202 1367 2250 peccatum
1391 2206 1645 2259 prorumpit.

158 2250 355 2295 XXXIV.
409 2254 501 2304 Quo
554 2259 684 2301 semel
730 2263 874 2314 posito
921 2264 1210 2322 fundamento,
1259 2286 1345 2313 non
1392 2275 1547 2317 mirum
1594 2280 1669 2328 est,

106 2321 142 2363 si
178 2337 265 2365 non
303 2325 441 2367 solum
481 2330 872 2383 concupiscentiam
899 2335 944 2377 in
972 2339 1143 2391 renatis,
1176 2344 1382 2393 quatenus
1412 2360 1490 2397 pro
1520 2346 1670 2389 habitu

105 2394 298 2448 sumitur,
336 2398 426 2439 veri
462 2400 647 2444 nominis
684 2407 907 2457 peccatum
945 2422 1034 2450 esse
1072 2415 1242 2464 negent,
1283 2415 1355 2456 sed
1389 2417 1518 2458 etiam
1547 2419 1590 2459 id
1619 2420 1669 2461 de

103 2463 238 2517 ipsius
267 2469 366 2509 actu
393 2468 617 2524 affirment,
648 2476 689 2516 et
712 2475 864 2528 primis
888 2478 976 2531 ejus
1000 2481 1202 2534 moribus,
1229 2499 1335 2536 quos
1359 2487 1667 2532 invohmtarios

102 2539 278 2588 vocant;
315 2540 415 2592 quia
443 2544 585 2584 reatus
614 2544 657 2586 in
685 2546 791 2598 ipsis
821 2548 987 2592 ablatus
1018 2554 1082 2593 est
1111 2555 1153 2594 et
1183 2554 1416 2599 dominium
1446 2562 1667 2614 concupis—

38 2596 40 2598 *
103 2607 264 2650 centiae
303 2609 530 2654 sublatum.
569 2613 706 2663 Quare
744 2632 822 2660 nec
859 2621 1233 2674 reprehensionem
1261 2642 1339 2669 nec
1367 2643 1549 2682 poenam
1578 2648 1666 2676 me-

101 2678 197 2731 reri,
241 2681 314 2733 qui
355 2685 746 2738 concupiscentiam
788 2693 829 2731 et
871 2706 1024 2744 pravas
1065 2695 1159 2737 illas
1202 2699 1413 2741 motiones
1453 2703 1664 2756 sentiunt;

102 2763 197 2791 cum
233 2751 278 2793 in
307 2753 414 2807 ipsis
438 2770 526 2798 non
555 2757 641 2800 sint
669 2759 945 2816 voluntariae,
976 2780 1024 2807 ac
1052 2768 1229 2820 proinde
1256 2785 1333 2813 nec
1361 2775 1536 2825 peccata
1566 2775 1662 2818 sint.

151 2820 328 2866 XXXV.
365 2824 458 2869 Nos
495 2842 595 2871 vero
635 2845 730 2872 cum
766 2831 1000 2888 Scriptura,
1039 2852 1125 2880 non
1153 2840 1290 2883 solum
1318 2842 1362 2884 in
1390 2859 1476 2887 non
1503 2849 1662 2890 renatis

99 2890 446 2946 depravationem
484 2899 602 2941 illam
637 2904 816 2946 naturae
852 2907 894 2947 et
933 2909 1332 2965 concupiscentiam,
1361 2916 1451 2957 veri
1477 2918 1661 2960 nominis

98 2966 321 3015 peccatum
349 2981 438 3010 esse
467 2971 705 3025 asserimus,
737 2974 810 3015 sed
826 2976 968 3040 §etiam
996 2977 1040 3019 in
1069 2981 1227 3023 renatis
1257 2985 1298 3024 et
1327 2987 1484 3028 sanctis
1514 3003 1660 3040 quani-
