1931 3224
500 118 564 160 DE
593 117 798 161 SABBATHO
827 133 874 160 ΕΤ
903 132 968 160 Dm
998 117 1212 159 DOMINICO.
1565 117 1638 157 191

75 243 304 297 plurimum
341 243 550 295 laudatur,
589 245 631 285 et
666 244 884 298 neglectus
924 244 966 284 et
1002 240 1178 283 violatio
1216 254 1358 282 severe
1387 239 1638 293 vindicatur,

74 313 146 356 Es.
171 315 235 366 56,
265 314 302 356 2.
333 317 410 356 etc.

127 385 264 428 XXII.
295 385 480 428 Tantum
509 387 558 429 de
583 387 666 429 diei
690 388 862 441 septimi
887 402 960 429 seu
984 385 1192 429 Sabbathi
1216 384 1501 435 institutione,
1528 385 1640 436 ejus-

76 471 157 510 que
206 472 331 499 causa
378 457 586 500 efficiente
635 461 676 500 61
718 458 893 510 finibus;
933 457 1126 510 sequitur
1164 456 1254 509 ejus
1294 454 1639 506 observatio,

76 543 183 582 quae
225 532 287 571 est
325 529 369 570 in
398 529 607 572 sabbathi
636 530 770 584 ipsius
801 529 1147 581 sanctificatione,
1176 527 1302 569 Deut.
1331 527 1369 567 5.
1400 526 1641 568 Observa

25 610 28 613 ’
76 600 215 642 (116111
251 600 543 653 Sabbathi,
582 604 639 643 ut
668 601 977 643 sanctifices
1007 615 1130 642 eum.
1162 597 1498 641 sanctificationi
1529 597 1641 639 6111111

75 673 252 726 divinae,
295 687 378 726 qua
415 672 531 715 Deus
568 673 691 714 illum
729 675 922 715 sanctum
959 672 1112 714 habuit
1142 670 1255 712 facto
1284 684 1373 721 suo,
1405 669 1572 722 quando
1603 668 1639 709 is

75 743 236 796 quievit
275 759 299 785 a
327 759 403 793 suo
436 759 576 798 opere,
608 747 885 797 sanctumque
913 743 1064 785 haberi
1092 742 1227 784 voluit
1256 741 1378 795 eique
1408 739 1638 791 benedixit,

74 814 117 855 id
160 816 235 865 est,
279 807 303 856 a
339 816 514 868 reliquis
553 816 796 869 segregavit
833 817 874 856 et
904 814 1070 864 exemit,
1099 813 1329 866 respondet
1359 810 1640 854 sanctificatio

74 883 308 937 hominum,
340 901 447 938 quae
478 890 519 928 et
549 885 879 928 observatio
912 888 953 927 et
981 885 1157 927 factio
1189 883 1484 934 sabbathi,
1513 881 1639 923 Deut.

74 958 111 1009 5,
151 958 213 999 15.
252 957 683 1000 Sabbathizatio
723 973 796 1000 seu
835 956 1282 1008 Sabbathismus,
1312 954 1408 997 Lev.
1438 954 1502 1006 25,
1531 954 1568 995 2.
1599 955 1641 995 61

75 1028 330 1081 glorificatio
360 1029 581 1082 Sabbathi,
610 1030 682 1071 Es.
712 1030 777 1081 58,
807 1030 868 1071 13.
900 1029 1066 1070 dicitur.

127 1099 286 1142 XXIII.
323 1100 580 1143 Formula
617 1101 744 1154 hujus
784 1101 912 1142 edicti
940 1100 1168 1154 singularis
1198 1101 1274 1140 est.
1306 1097 1408 1139 Non
1437 1096 1642 1150 simplici-

73 1173 151 1223 ter,
181 1174 228 1213 ut
252 1173 296 1214 in
325 1172 431 1224 aliis,
461 1173 738 1226 praecipitur,
769 1171 996 1214 Sanctifica
1024 1170 1302 1222 sabbathum,
1333 1169 1406 1211 sed
1434 1167 1638 1222 praemit-

74 1243 181 1284 titur
218 1243 323 1286 11660
356 1244 551 1296 1110111110,
580 1243 897 1286 Recordare
928 1243 1063 1284 diem
1093 1241 1383 1292 Sabbathi,
1410 1243 1466 1281 ut
1495 1253 1642 1280 sanc-

75 1314 151 1356 tif
157 1315 269 1357 ices
299 1331 432 1369 eum,
463 1331 546 1370 quo
578 1316 842 1370 significatur
870 1331 936 1358 res
965 1315 1079 1366 talis,
1111 1328 1218 1367 quae
1247 1312 1371 1354 facile
1397 1311 1568 1364 (utpote
1596 1310 1640 1351 in

77 1389 230 1428 natura
271 1402 358 1429 11011
398 1388 546 1441 insita)
588 1388 632 1429 in
675 1388 933 1430 oblivionem
972 1387 1088 1429 abire
1128 1387 1286 1439 posset,
1324 1384 1512 1436 adeoque
1546 1381 1642 1435 jugi

76 1459 281 1500 memoria
322 1459 557 1510 recolenda,
600 1474 737 1511 neque
779 1459 954 1512 insuper
996 1457 1202 1508 habenda,
1243 1457 1314 1498 sed
1351 1470 1514 1497 summa
1544 1468 1641 1496 cura

78 1529 294 1571 servanda.
339 1528 638 1572 Sanctificatur
680 1532 834 1581 autem,
879 1530 978 1571 dum
1020 1529 1094 1570 illo
1139 1528 1205 1569 die
1249 1527 1356 1569 fiunt
1395 1525 1552 1568 similia
1589 1525 1640 1566 iis

79 1615 185 1653 quae
213 1601 295 1643 hoc
324 1602 419 1655 ipso
450 1601 551 1643 fecit
580 1601 707 1654 Deus,
740 1604 781 1643 et
811 1601 864 1643 ab
888 1600 1133 1643 hominibus
1158 1599 1250 1641 fier1
1274 1598 1515 1652 praecepit3
1542 1611 1642 1639 con-

77 1674 144 1713 tra
182 1672 373 1725 solvitur,
405 1673 619 1726 ‘polluitur
659 1675 701 1715 et
738 1672 1003 1727 profanatur,
1044 1672 1144 1713 dum
1184 1672 1432 1712 avertuntur
1469 1668 1580 1710 oculi
1617 1683 1642 1710 6

77 1741 309 1795 Sabbatho,
343 1743 417 1785 Ez.
447 1745 510 1796 22,
540 1745 604 1786 26.
635 1759 768 1797 eaque
799 1759 846 1786 eo
878 1744 944 1785 die
973 1745 1180 1796 geruntur
1209 1756 1316 1794 quae
1345 1756 1432 1783 non
1462 1740 1562 1782 licet
1591 1754 1640 1782 eo

77 1813 144 1855 die
171 1814 321 1867 facere,
353 1818 394 1857 et
424 1817 682 1858 omittuntur
713 1831 820 1869 quae
846 1815 939 1857 fieri
967 1814 1134 1866 debent,
1164 1812 1268 1854 Mat.
1301 1813 1363 1864 12,
1389 1813 1426 1854 2.

129 1885 286 1929 XXIV.
316 1886 619 1930 Parasceue
650 1903 723 1929 seu
751 1886 1110 1941 praeparatio
1141 1884 1433 1935 sabbathi,
1464 1885 1527 1925 est
1551 1855 1643 1924 tum

78 1961 311 2010 apparatus
353 1959 406 2000 ad
449 1958 726 2010 Sabbathum,
768 1961 861 1999 tum
898 1958 986 2000 dies
1024 1958 1117 2011 ipse
1150 1955 1420 1998 Sabbathum
1448 1957 1644 2007 antegre-

77 2028 207 2081 diens,
257 2030 329 2082 qui
362 2032 416 2071 ’61
471 2030 772 2084 προσάββατον
815 2032 1005 2080 vocatur,
1043 2028 1174 2070 Marc.
1217 2028 1278 2079 15,
1314 2027 1379 2068 42.
1412 2042 1494 2079 quo
1525 2029 1645 2068 sexta

77 2097 202 2141 Feria
231 2115 278 2142 ea
304 2101 462 2143 fiebant
488 2104 530 2142 et
556 2101 876 2153 ordinabantur,
905 2115 1012 2153 quae
1036 2099 1256 2142 Sabbatho
1282 2098 1374 2140 fieri
1399 2098 1518 2139 nefas
1543 2100 1645 2149 erat,

79 2172 305 2224 omniaque
335 2173 670 2226 disponebantur
699 2187 807 2225 quae
837 2172 890 2213 ad
916 2173 1004 2225 ejus
1032 2170 1374 2213 observationem
1399 2169 1645 2221 cultumque

77 2243 416 2296 requirebantur,
457 2245 478 2286 1
519 2244 614 2286 Par.
655 2245 691 2296 9,
731 2245 793 2286 32.
832 2243 930 2285 Luc.
969 2244 1034 2295 23,
1063 2242 1126 2284 54.
1156 2241 1248 2284 Imo
1279 2256 1393 2293 vero,
1424 2243 1472 2282 ut
1500 2240 1643 2293 aliqua

78 2311 162 2354 diei
200 2315 486 2357 antecedentis
523 2316 795 2368 portiuncula
833 2315 885 2357 ad
924 2313 1192 2357 sabbathum
1232 2328 1256 2355 a
1288 2311 1462 2354 Judaeis
1495 2311 1646 2353 antici-

78 2383 273 2437 pabatur,
302 2386 364 2427 ita
392 2386 446 2428 ad
475 2385 683 2429 sabbathi
712 2386 873 2428 exitum
904 2385 1201 2438 subsequentis
1233 2384 1315 2426 diei
1344 2383 1555 2436 particula
1580 2396 1645 2423 as-

78 2457 341 2510 sumebatur,
383 2473 535 2511 nempe
576 2460 624 2499 ut
665 2457 931 2501 sabbathum
971 2457 1143 2499 omnino
1184 2458 1225 2498 61
1256 2470 1383 2508 quam
1412 2453 1646 2508 religiosis-

80 2533 185 2575 sime
215 2532 465 2573 servaretur.
497 2529 579 2573 Sed
605 2530 688 2572 hoc
717 2545 767 2572 ex
797 2529 976 2571 Judaica
1006 2528 1311 2583 superstitione
1338 2527 1433 2568 fuit.

131 2603 265 2645 XXV.
310 2601 525 2656 Incipit
559 2602 650 2654 ejus
697 2601 939 2643 observatio
986 2616 1010 2642 a
1050 2614 1303 2653 vespera,
1343 2613 1392 2640 60
1420 2598 1574 2640 desinit
1601 2596 1646 2638 in

78 2689 311 2729 vesperam.
363 2673 424 2716 Ut
477 2673 589 2715 enim
629 2673 674 2714 in
718 2672 931 2714 creatione
973 2671 1279 2714 Universitatis
1321 2670 1472 2723 prima,
1516 2667 1647 2710 creati

79 2746 226 2788 mundi
261 2746 390 2788 facies
427 2744 694 2786 tenebricosa
733 2743 825 2793 fuit,
856 2743 923 2785 cui
949 2743 1046 2784 inde
1075 2743 1147 2783 lux
1178 2741 1319 2793 allata,
1351 2743 1479 2793 atque
1505 2740 1566 2781 ita
1596 2753 1648 2781 ex

79 2817 352 2859 tenebrarum
390 2819 431 2859 et
459 2816 564 2858 lucis
595 2815 820 2857 duratione
850 2814 938 2856 dies
970 2813 1217 2864 constituta,
1246 2812 1307 2853 116
1337 2814 1379 2853 61
1406 2811 1477 2854 1110
1506 2826 1557 2853 611
1585 2810 1647 2852 (11-

80 2889 181 2931 vina
209 2889 481 2931 institutione
509 2902 576 2929 res
605 2886 749 2938 habet,
778 2885 874 2928 Lev.
905 2886 969 2937 23,
998 2886 1063 2926 32.

135 2959 294 3002 XXVI.
325 2959 576 3002 Observatio
606 2959 650 2999 111
680 2972 728 2999 eo
758 2956 1014 3010 generaliter
1043 2955 1126 2996 sita
1157 2955 1231 3006 est,
1261 2968 1314 2995 ne
1342 2953 1477 2995 ullum
1506 2967 1554 2994 eo
1580 2953 1647 2995 die
