1931 3224
226 145 304 188 206
807 145 1047 188 DISPUTATIO
1075 142 1212 186 XXII.

225 269 354 310 morti
393 268 525 310 crucis
562 269 810 311 maledictae
846 269 1084 321 tradiderit,
1116 271 1165 310 ut
1192 282 1270 310 nos
1299 281 1324 308 a
1351 267 1457 321 legis
1485 268 1781 312 maledictione

224 339 439 391 liberatos,
469 339 550 382 sibi
578 341 622 382 in
653 344 870 383 aeternum
899 340 1204 382 reconciliaret.

277 409 432 453 XXIV.
474 411 699 454 Proximus
740 412 965 465 Evangelii
1006 412 1102 453 finis
1145 413 1209 453 est
1245 411 1433 454 fidelium
1472 412 1584 454 salus
1614 427 1662 455 ac
1690 413 1781 455 vita

225 483 407 534 aeterna,
444 482 623 536 ideoque
652 483 850 525 definitur
878 483 1133 536 potentia
1161 481 1259 524 Dei
1289 483 1351 524 ad
1378 483 1611 526 salutem
1640 485 1781 527 omni

224 553 494 604 credenti,
544 553 666 596 Rom.
718 555 754 604 1,
807 554 868 595 16.
920 556 1049 607 atque
1099 553 1230 596 odor
1280 554 1430 597 vitae
1481 554 1541 596 ad
1592 555 1779 609 vitam,

223 625 247 666 2
276 624 368 666 001.
397 626 435 676 2,
466 625 528 667 16.

275 695 409 738 XXV.
449 695 639 738 Perditio
681 710 780 737 vero
823 695 1058 738 infidelium
1095 711 1182 739 non
1215 699 1278 739 est
1317 696 1542 751 Evangelii
1569 697 1677 750 finis,
1707 699 1780 740 sed

222 782 272 809 ex
309 767 481 809 illorum
517 767 621 808 vitio
652 769 825 809 eventus
854 768 1125 819 adventitius.
1155 768 1270 810 Deus
1299 769 1412 810 enim
1440 768 1674 822 Evangelio
1703 783 1778 811 suo

221 838 415 890 declarat,
456 838 569 891 quod
606 838 762 880 nullius
799 839 1036 892 peccatoris
1066 839 1197 882 exitio
1228 840 1471 892 delectetur,
1503 840 1575 882 sed
1604 840 1779 882 salutari

220 909 441 962 cujuslibet
477 924 553 964 per
589 909 922 964 resipiscentiam
960 925 1008 952 ac
1044 910 1171 953 fidem
1206 910 1487 953 translatione
1516 926 1537 953 e
1565 914 1780 965 potestate

217 979 489 1021 tenebrarum
516 981 561 1021 in
589 995 768 1033 regnum
796 980 897 1022 Filii
926 981 992 1023 sui
1021 981 1165 1024 dilecti
1192 981 1295 1024 Jesu
1325 981 1495 1024 Christi.

270 1050 426 1093 XXVI.
469 1051 588 1094 Haec
630 1067 731 1105 ergo
774 1052 973 1095 salutaris
1014 1053 1059 1095 in
1095 1068 1275 1108 regnum
1310 1053 1414 1096 Filii
1441 1053 1524 1097 Dei
1552 1053 1777 1096 translatio

219 1125 281 1165 est
330 1123 554 1176 proprium
603 1123 828 1177 Evangelii
871 1124 1079 1177 effectum,
1123 1127 1252 1178 atque
1294 1125 1452 1167 idcirco
1494 1125 1778 1179 Evangelium

216 1193 357 1249 Regni
386 1195 636 1248 appellatur,
666 1194 796 1237 Marc.
826 1196 862 1248 1,
892 1196 955 1238 14.

269 1264 445 1307 XXVII.
482 1265 622 1319 Hujus
658 1267 951 1309 translationis
980 1267 1063 1310 duo
1093 1271 1191 1310 sunt
1220 1269 1396 1323 gradus3
1427 1284 1609 1322 quorum
1635 1268 1777 1324 priore

216 1335 260 1377 in
301 1351 480 1392 regnum
522 1337 687 1391 gratiae
728 1338 773 1379 in
814 1338 896 1380 1100
937 1339 1077 1381 seculo
1115 1339 1423 1392 transferimur,
1461 1340 1697 1394 posteriore
1732 1340 1777 1380 in

215 1423 394 1461 regnum
423 1409 584 1462 gloriae
613 1409 657 1451 in
686 1410 820 1452 altero
851 1411 991 1453 seculo
1022 1411 1260 1454 evehemur.

267 1477 465 1522 XXVIII.
503 1472 628 1524 Prior
665 1482 957 1526 translationis
989 1483 1139 1525 modus
1172 1484 1221 1526 fit
1250 1484 1478 1526 secundum
1506 1483 1587 1525 Dei
1615 1498 1776 1537 propo-

214 1551 353 1603 situm,
395 1551 600 1594 beneficio
643 1554 880 1596 vocationis
923 1555 975 1596 ad
1011 1554 1150 1607 fidem,
1184 1555 1503 1608 justificationis
1531 1569 1609 1608 per
1636 1555 1775 1606 fidem,

215 1624 257 1663 et
287 1623 634 1666 sanctificationis
666 1640 717 1667 ex
744 1625 839 1677 fide,
871 1641 961 1668 sese
989 1641 1066 1680 per
1095 1626 1210 1669 bona
1239 1641 1368 1681 opera
1396 1626 1721 1669 manifestantis.

266 1692 424 1736 XXIX.
462 1694 682 1738 Posterior
712 1697 785 1739 fiet
813 1697 1018 1740 beneficio
1048 1698 1384 1751 glorificationis,
1415 1714 1499 1752 qua
1526 1699 1572 1740 in
1600 1697 1775 1740 Domini

212 1765 348 1806 nostri
385 1765 413 1807 J
417 1781 489 1808 esu
527 1782 748 1810 occursum
785 1768 914 1822 rapti,
943 1784 1039 1811 cum
1067 1784 1116 1812 eo
1147 1770 1274 1823 longe
1303 1784 1431 1824 super
1461 1784 1606 1812 omnes
1635 1768 1775 1811 coelos

213 1837 495 1890 ascendemus,
537 1841 586 1880 ut
625 1839 670 1881 in
713 1840 838 1882 domo
876 1840 1019 1883 Patris
1055 1842 1189 1895 ipsius
1220 1842 1416 1896 proxima
1443 1840 1775 1893 immediataque

211 1906 345 1960 ipsius
378 1908 539 1951 visione
568 1925 616 1952 ac
645 1912 949 1955 communitate
977 1913 1225 1956 beatissima
1253 1914 1297 1955 in
1326 1916 1544 1956 aeternum
1571 1912 1774 1954 fruamur.

264 1977 396 2020 XXX.
441 1978 505 2021 Ob
546 1980 629 2023 hoc
667 1982 862 2024 effectum
900 1983 1098 2027 distincte
1136 1985 1460 2038 consideratum,
1492 1983 1775 2038 Evangelium

211 2049 329 2091 varia
369 2051 542 2093 nomina
582 2052 627 2094 in
668 2052 796 2096 Sacra
833 2054 1055 2109 Scriptura
1092 2056 1289 2108 sortitur3
1328 2057 1442 2110 quod
1478 2057 1681 2098 nimirum
1718 2054 1774 2097 sit

210 2120 430 2163 verbum
466 2123 747 2177 veritatis,
778 2125 865 2168 001.
895 2126 932 2179 5,
962 2127 999 2169 5.
1028 2127 1185 2180 fidei,
1216 2127 1340 2170 Rom.
1370 2129 1433 2180 10,
1464 2129 1500 2171 8.
1530 2143 1584 2170 re
1601 2126 1773 2170 conci-

209 2191 485 2246 liationis,
519 2195 540 2236 1
573 2193 665 2237 001.
691 2197 728 2248 5,
759 2197 821 2238 19.
850 2197 1021 2250 pacis,
1051 2198 1165 2251 Eph.
1193 2200 1230 2251 6,
1262 2199 1324 2241 15.
1350 2199 1633 2253 justitiae,
1662 2197 1772 2240 Heb.

211 2262 273 2315 15,
311 2264 374 2306 13.
414 2265 630 2318 gratiae
669 2265 786 2320 Dei,
815 2267 911 2310 Act.
942 2269 1006 2320 14,
1035 2269 1072 2311 3.
1103 2271 1145 2311 et
1173 2270 1236 2323 20,
1266 2270 1330 2312 32.
1359 2269 1596 2313 Verbum
1624 2284 1772 2323 rege-

208 2348 423 2387 nerans,
453 2337 472 2377 1
506 2335 597 2379 Pet.
624 2338 659 2390 1,
684 2339 747 2380 23.
776 2338 1136 2393 Evangelium
1166 2341 1388 2394 salutis,
1418 2341 1529 2396 Eph.
1561 2343 1596 2396 1,
1627 2344 1689 2386 13.
1720 2344 1771 2386 et

207 2405 380 2457 vitae,
410 2405 518 2449 Phil.
548 2408 584 2461 2,
616 2409 678 2451 15.

261 2475 417 2519 XXXI.
459 2477 574 2521 Mala
616 2495 724 2533 quae
766 2496 994 2535 pravorum
1034 2481 1256 2524 hominum
1294 2484 1419 2538 culpa
1457 2499 1508 2527 ex
1545 2485 1770 2541 Evangelii

209 2548 522 2600 praedicatione
574 2552 783 2606 eveniunt,
835 2568 922 2595 non
963 2557 1062 2596 sunt
1105 2556 1196 2608 ejus
1238 2555 1397 2598 effectis
1440 2559 1768 2611 annumeranda,

210 2620 351 2672 qualia
379 2625 477 2664 sunt
503 2622 736 2666 infidelium
765 2626 1022 2678 scandalum,
1049 2627 1069 2668 1
1103 2626 1195 2669 001.
1227 2628 1262 2679 1,
1292 2628 1355 2669 23.
1382 2628 1403 2669 1
1429 2627 1521 2671 Pet.
1546 2630 1583 2681 2,
1607 2632 1642 2672 8.
1668 2629 1769 2672 hos-

208 2690 316 2732 tium
354 2693 531 2746 gladius,
569 2694 672 2737 Mat.
703 2696 765 2748 10,
796 2697 860 2738 34.
889 2698 1173 2751 pertinacium
1202 2699 1454 2752 excaecatio,
1484 2700 1509 2741 2
1539 2699 1631 2742 001.
1661 2700 1699 2753 4,
1727 2701 1766 2743 4.

211 2763 252 2802 et
279 2764 415 2816 major
443 2766 751 2819 condemnatio,
780 2766 885 2809 Mat.
915 2768 978 2819 11,
1008 2769 1071 2811 21.
1101 2771 1125 2811 2
1154 2769 1278 2813 Thes.
1308 2771 1345 2823 1,
1375 2771 1411 2813 7.
1441 2771 1478 2813 8.

261 2830 437 2875 XXXII.
476 2834 670 2879 Ceterum
699 2837 983 2891 Evangelium
1016 2840 1243 2893 aliquando
1273 2841 1398 2896 Legis
1426 2841 1558 2884 titulo
1587 2842 1766 2896 insigni-

208 2903 290 2954 tur,
330 2906 529 2955 quoniam
566 2922 640 2950 sua
678 2924 848 2962 quoque
875 2909 1006 2952 habet
1032 2912 1233 2954 mandata
1261 2927 1440 2966 suasque
1464 2911 1766 2967 promissiones

208 2987 257 3015 ac
286 2975 645 3020 comminationes
