1931 3224
232 139 297 180 DE
325 136 607 180 MINISTRORUM
634 134 1024 177 EooLEsmerOORUM
1053 132 1202 175 VooAr.
1232 147 1279 173 ET
1308 131 1454 174 FUNCT.
1546 133 1622 173 461

74 266 186 308 enim
226 278 322 305 cum
361 260 663 304 testificatione
702 260 855 302 dicitur
894 258 1137 312 exposuisse
1166 256 1363 311 Regnum
1394 255 1486 308 Dei,
1518 270 1573 296 su
1586 271 1630 296 a-

75 337 201 378 dens
232 335 307 376 eis
338 348 470 386 quae
500 333 558 374 de
586 331 714 374 Jesu
745 330 965 372 Christo
997 331 1142 380 sunt,
1172 344 1231 370 ex
1259 328 1397 381 Lege
1427 329 1477 369 et
1506 326 1630 368 Pro·-

73 407 142 460 ph
155 406 277 459 etis,
308 404 404 446 Act.
433 404 497 454 28,
527 404 590 444 23.
619 402 719 445 Non
749 417 849 456 ergo
880 401 1024 443 missio
1054 399 1363 453 Apostolorum
1390 398 1472 439 fuit
1496 412 1631 439 novae

74 478 302 529 doctrinae,
346 477 417 518 sed
460 475 624 517 divinae
662 474 897 516 vocationis
934 472 1147 522 indicium,
1179 473 1219 512 et
1248 470 1477 512 conformis
1507 483 1632 510 voca-

73 549 181 591 tioni
223 547 539 601 Prophetarum
577 545 650 598 qui
689 545 836 586 eodem
874 543 1000 585 modo
1041 542 1159 584 missi
1188 545 1298 593 sunt,
1327 541 1497 583 tametsi
1525 540 1633 581 nihil

71 619 184 671 novi,
226 619 299 661 sed
342 618 488 660 eadem
530 632 638 670 quae
676 615 828 667 Moses,
858 615 1053 666 dixerint,
1083 614 1329 666 calamoque
1359 627 1434 654 suo
1464 612 1633 665 consig-

74 691 281 733 naverint.

125 761 222 804 XII.
263 761 470 810 Quocirca
500 760 635 802 futilis
667 761 730 801 est
759 758 945 801 Socini
975 758 1174 799 adversus
1204 755 1452 797 Pontificios
1483 769 1635 807 excep-

73 834 148 885 tio,
187 833 239 874 ab
278 832 329 874 iis
368 832 566 875 contendi
603 846 689 873 non
725 845 861 883 posse,
901 832 948 870 ut
975 829 1163 870 Ministri
1193 828 1267 881 qui
1298 843 1390 869 cum
1419 826 1522 880 ipsis
1550 840 1636 868 non

74 904 355 956 consentiunt,
394 918 492 945 suae
528 902 776 952 vocationiS,
815 903 887 942 aut
924 900 1122 950 muneris,
1153 899 1391 952 legitimum
1421 900 1636 939 auctorem

77 975 316 1026 ostendant,
357 989 450 1016 cum
483 988 569 1015 non
599 976 750 1027 gerant
778 988 822 1014 se
851 987 929 1025 pro
958 971 1079 1013 novis
1111 971 1268 1012 Christi
1297 970 1533 1024 Apostolis,
1564 971 1637 1012 aut

75 1046 227 1088 divinis
264 1045 515 1098 Prophetis,
554 1059 630 1086 nec
662 1044 898 1085 inauditam
929 1043 1047 1096 prius
1077 1043 1313 1084 doctrinam
1343 1044 1416 1082 aut
1444 1040 1636 1095 Religio-

74 1132 172 1159 nem
210 1117 367 1158 mundo
402 1131 446 1157 se
476 1115 731 1156 annunciare
760 1115 1055 1167 profiteantur,
1084 1129 1220 1166 neque
1250 1128 1301 1155 ex
1328 1112 1449 1154 novis
1478 1111 1637 1165 princi-

75 1188 158 1241 piis
199 1187 370 1241 priusve
411 1186 642 1240 incognitis
682 1185 939 1227 testimoniis
982 1185 1213 1237 quidquam
1251 1185 1442 1236 doceant,
1480 1184 1552 1225 sed
1590 1198 1638 1225 ea

75 1261 244 1301 tantum
273 1273 381 1312 quae
410 1258 522 1312 apud
551 1272 696 1299 omnes
726 1256 957 1298 Christiani
983 1256 1166 1297 nominis
1191 1255 1425 1297 certissima
1449 1258 1560 1307 sunt,
1588 1270 1638 1296 ex

74 1330 179 1384 ipsis
218 1330 378 1372 scilicet
414 1328 787 1382 Evangelistarum
825 1330 864 1368 et
902 1327 1213 1380 Apostolorum
1251 1326 1433 1379 scriptis.
1464 1325 1636 1368 Socin.

75 1400 127 1441 in
165 1399 340 1442 Tract.
380 1400 439 1441 de
476 1399 741 1441 Ecclesia.
774 1398 891 1441 Idem
922 1399 1033 1440 enim
1061 1398 1298 1452 Apostolus
1328 1398 1377 1440 de
1407 1412 1451 1439 se
1480 1397 1639 1448 scribit,

74 1471 197 1514 Rom.
237 1472 271 1523 1,
310 1472 347 1513 1.
388 1471 501 1524 quod
530 1470 812 1524 Evangelium
841 1471 1149 1523 praedicaverit
1177 1485 1262 1512 non
1293 1485 1343 1511 ex
1372 1471 1493 1512 novis
1522 1470 1639 1523 prin-

76 1543 208 1596 cipiis,
255 1545 328 1584 aut
372 1543 490 1596 prius
533 1542 764 1594 incognitis
807 1541 1078 1592 testimoniis,
1123 1541 1204 1582 sed'
1230 1540 1334 1582 illud
1372 1542 1485 1593 quod
1523 1540 1639 1582 Deus

76 1616 174 1656 ante
204 1614 459 1667 promiserat
487 1614 532 1655 in
564 1612 796 1665 Scripturis
826 1611 992 1654 Sanctis
1022 1627 1099 1665 per
1127 1611 1378 1665 Prophetas.
1410 1611 1640 1653 Nihilomi-

74 1700 153 1726 nus
196 1689 340 1727 tamen
382 1685 619 1727 vocationis
662 1699 760 1725 suae
802 1686 875 1725 aut
916 1683 1102 1724 muneris
1144 1685 1361 1724 auctorem
1399 1681 1640 1735 legitimum

76 1754 281 1797 Romanis
320 1755 478 1796 ibidem
507 1756 705 1807 ostendit,
737 1769 831 1796 cum
862 1770 905 1796 se
937 1770 986 1796 ex
1015 1754 1096 1796 Dei
1128 1755 1351 1797 vocatione
1381 1754 1641 1807 Apostolum

76 1829 320 1880 separatum
351 1826 402 1867 ad
431 1827 535 1868 illud
564 1826 848 1879 Evangelium¹
873 1826 1200 1881 praedicandum
1228 1828 1452 1867 asseverat.

128 1897 245 1940 XIII.
296 1897 449 1940 Futilis
498 1913 666 1951 quoque
709 1901 771 1940 est
815 1899 1069 1940 asseclarum
1113 1897 1299 1940 Socini
1343 1897 1548 1950 exceptio,
1593 1912 1641 1938 ac

75 1970 331 2011 nominatim
369 1969 657 2011 Ostorodii
695 1970 747 2011 ad
783 1970 923 2012 locum
955 1969 1041 2012 Jer.
1071 1970 1134 2022 23,
1165 1970 1227 2011 21.
1257 1969 1397 2011 Deum
1426 1969 1486 2010 ibi
1516 1983 1641 2022 agere

77 2042 127 2083 de
168 2041 562 2095 Pseudoprophetis
601 2042 673 2094 qui
707 2041 967 2094 jactitabant
1004 2057 1046 2083 se
1085 2055 1174 2082 esse
1211 2040 1451 2093 Prophetas
1488 2055 1512 2081 a
1549 2039 1641 2081 Deo

76 2114 239 2166 missos,
284 2116 332 2155 ut
373 2114 474 2155 novi
507 2113 668 2166 aliquid
705 2114 832 2166 idque
870 2113 1083 2166 singulare
1122 2113 1282 2166 populo
1323 2112 1640 2153 annunciarent.

75 2184 190 2227 Nam
228 2174 475 2238 hujusmodi
515 2185 768 2238 gloriatione
807 2186 857 2227 de
887 2200 985 2227 suae
1015 2185 1232 2227 doctrinae
1259 2183 1451 2225 novitate
1479 2197 1523 2224 se
1554 2196 1643 2223 esse

77 2270 338 2298 successores
377 2271 575 2298 verorum
611 2256 925 2310 Prophetarum
966 2256 1256 2298 demonstrare
1285 2269 1371 2296 non
1398 2255 1642 2308 potuerunt,

79 2341 173 2368 cum
215 2326 356 2369 Moses
400 2341 615 2369 sacrorum
658 2343 829 2370 suorum
873 2328 1128 2383 scriptorum
1167 2325 1509 2368 conformitatem
1549 2339 1643 2366 cum

77 2398 430 2452 praecedentibus
457 2398 540 2441 Dei
568 2399 898 2441 revelationibus
922 2414 1008 2441 non
1033 2398 1215 2451 scriptis,
1242 2398 1294 2439 ab
1318 2396 1485 2438 Adamo
1510 2410 1642 2448 usque

78 2469 131 2510 ad
169 2484 246 2511 sua
281 2471 478 2523 tempora
516 2470 560 2511 in
589 2471 727 2523 primo
759 2485 834 2512 suo
863 2470 972 2512 libro
1003 2469 1211 2521 ostendat,
1244 2483 1292 2510 ac
1322 2467 1514 2508 Christus
1544 2480 1642 2519 pos-

77 2540 284 2582 teriorum
320 2540 635 2594 Prophetarum
674 2542 892 2584 doctrinae
930 2541 1234 2594 antiquitatem
1272 2553 1322 2581 ex
1351 2539 1440 2591 ejus
1474 2536 1642 2591 ἁρμονίᾳ

79 2626 174 2654 cum
202 2612 334 2653 Mosis
366 2612 559 2654 doctrina
589 2613 785 2666 declaret,
816 2613 939 2655 Matt.
971 2614 1006 2664 7,
1038 2614 1099 2655 12.
1130 2612 1228 2654 Luc.
1257 2612 1321 2662 24,
1351 2611 1414 2652 27.

130 2682 247 2725 XIV.
288 2683 431 2736 Atque
470 2683 576 2726 haec
614 2685 663 2726 de
692 2685 943 2727 necessitate
972 2684 1208 2727 vocationis
1237 2682 1533 2724 Ministrorum
1560 2680 1642 2722 Ec-

81 2753 418 2795 clesiasticorum
448 2769 556 2807 quae
585 2755 634 2796 fit
662 2770 686 2796 a
715 2755 819 2807 Deo,
850 2756 963 2797 dicta
995 2755 1228 2797 sufficiant:
1262 2756 1378 2808 cujus
1407 2752 1643 2795 vocationis

78 2825 252 2867 modum
295 2826 329 2867 si
373 2827 625 2878 spectemus,
664 2829 736 2867 aut
772 2826 822 2867 fit
859 2841 882 2867 a
921 2826 1012 2868 Deo
1052 2826 1307 2876 immediate,
1348 2827 1420 2866 aut
1448 2824 1643 2875 mediate,

82 2899 156 2938 aut
185 2896 533 2948 extraordinarie,
562 2899 636 2938 aut
665 2897 887 2940 ordinarie.

136 2966 230 3010 XV.
267 2967 520 3009 Immediata
557 2969 725 3011 vocatio
764 2971 839 3021 est,
878 2984 961 3023 qua
988 2969 1180 3011 nonnulli
1208 2969 1261 3012 ad
1288 2982 1440 3011 munus
1469 2968 1645 3011 docendi
