1931 3224
522 95 586 137 DE
614 93 724 136 HoM.
756 108 805 136 AD
835 92 950 136 IMAG.
979 93 1059 136 Dm
1087 108 1245 136 canno.
1583 95 1660 138 107

97 221 256 276 judicia
293 221 490 263 adversus
527 219 683 273 impios
723 218 967 260 exercenda.
1005 218 1218 260 Malorum
1257 234 1354 261 vero
1391 234 1518 274 opera
1547 220 1662 262 Deus

103 308 272 346 quoque
309 292 446 333 utitur
483 291 536 332 ad
573 305 670 332 suos
709 290 975 342 exercendos,
1015 292 1056 331 61
1084 290 1137 331 ad
1165 289 1354 332 infideles
1384 293 1426 332 et
1453 291 1662 345 impoeni-

102 366 240 406 tentes
269 362 494 416 agitandos
523 365 564 404 et
593 361 842 415 puniendos.

155 434 244 476 LII.
287 434 356 475 An
397 448 497 475 vero
541 433 719 487 singulis
760 433 1005 475 hominibus
1043 447 1151 474 unus
1188 432 1342 486 aliquis
1380 431 1570 485 Angelus
1608 433 1664 473 sit

103 505 334 547 attributus
375 520 462 547 non
500 505 562 546 ita
597 504 820 559 perspicue
859 520 909 546 ex
941 504 1173 558 Scripturis
1211 504 1353 558 colligi
1381 506 1537 557 potest.
1567 503 1663 545 Hoc

102 577 225 619 nobis
262 577 431 629 sufficit,
471 577 585 630 quod
621 591 744 631 saepe
780 577 946 629 integer
984 591 1131 618 eorum
1169 576 1376 618 exercitus
1413 575 1487 616 uni
1515 578 1662 617 sancto

102 649 259 691 tuendo
289 649 344 690 sit
370 649 622 702 praefectus,
651 650 698 689 ut
727 663 777 690 ex
805 647 832 690 J
836 648 957 689 acobi
980 647 1256 690 Patriarchae
1281 650 1323 690 et
1347 647 1505 689 Elisaei
1522 662 1663 689 exem-

102 721 174 773 plo
202 720 349 772 liquet,
379 734 504 773 saepe
533 718 656 760 multi
686 721 801 760 certo
830 719 1017 761 fidelium
1047 719 1205 772 generi,
1235 721 1282 761 ut
1309 719 1412 761 Mat.
1444 719 1506 770 18,
1534 719 1594 760 10.
1621 720 1663 760 et

103 805 228 844 saepe
268 805 377 832 unus
415 790 608 844 integrae
646 790 903 844 provinciae,
939 793 1012 831 aut
1042 791 1217 844 populo,
1247 793 1295 832 ut
1324 805 1375 832 ex
1403 791 1473 833 Es.
1502 791 1567 842 37,
1597 790 1661 832 36.

104 865 145 904 et
173 862 280 904 Dan.
309 862 546 916 Prophetia
573 864 764 915 apparet.

555 1080 1027 1128 DISPUTATIO
1071 1081 1207 1127 XIII.

856 1189 902 1210 DE

248 1265 535 1333 Homine
586 1265 670 1331 ad
717 1265 1073 1352 imaginem
1121 1265 1242 1331 Dei
1291 1269 1522 1332 creato.

471 1393 672 1435 Praeside
701 1393 752 1434 D.
782 1392 1047 1435 ANTONIO
1077 1392 1303 1435 THYSIO.

457 1476 733 1525 Respondente
762 1475 1017 1514 JOHANNE
1048 1475 1317 1514 OLIVARIO.

756 1572 944 1613 Timsls
982 1571 1014 1613 I.

261 1666 390 1693 CTUM
429 1654 491 1693 est
529 1651 759 1694 universim
789 1652 838 1694 de
869 1667 996 1705 opere
1025 1652 1271 1704 Creationis,
1302 1655 1344 1694 et
1371 1652 1415 1693 in
1444 1652 1582 1705 specie
1613 1667 1664 1693 ex

133 1660 462 1767 Acreaturis
499 1723 790 1776 rationalibus,
832 1724 882 1765 de
920 1724 1097 1777 Angelis
1138 1727 1230 1766 tum
1266 1723 1591 1778 persistentibus
1619 1724 1663 1764 in

103 1794 241 1847 prima
274 1794 439 1848 origine
469 1797 510 1836 et
537 1795 730 1848 veritate,
760 1798 853 1837 tum
881 1811 932 1838 ex
961 1811 1009 1838 ea
1036 1796 1269 1850 prolapsis;
1300 1810 1559 1849 consequens
1589 1798 1663 1848 est,

104 1868 152 1906 ut
179 1880 308 1919 porro
338 1866 388 1907 de
416 1866 588 1908 homine
619 1867 670 1908 ad
697 1867 927 1921 imaginem
956 1867 1037 1909 Dei
1065 1870 1206 1909 creato
1236 1882 1423 1920 agamus.

158 1934 211 1977 II.
249 1936 307 1977 Et
335 1951 434 1979 sane
463 1937 592 1979 homo
623 1940 687 1979 est
714 1938 928 1980 inferioris
952 1940 1129 1980 naturae
1155 1940 1463 1981 consummatio
1490 1942 1532 1981 et
1556 1939 1664 1990 finis,

105 2008 334 2062 superioris
372 2023 594 2063 congener,
631 2010 765 2052 totius
796 2011 1093 2064 compendium
1125 2013 1167 2052 et
1195 2011 1422 2062 vinculum,
1455 2026 1538 2063 quo
1570 2026 1664 2052 coe-

105 2078 229 2120 lestia
257 2080 436 2121 terrenis
467 2082 795 2135 conjunguntur.

160 2150 237 2193 III.
275 2150 559 2206 Intelligimus
595 2157 737 2196 autem
774 2170 823 2197 eo
861 2170 947 2197 non
977 2170 1130 2208 corpus
1160 2157 1233 2197 aut
1262 2155 1447 2196 animam
1476 2154 1665 2205 seorsim,

107 2222 180 2263 sed
221 2237 271 2264 ex
308 2225 503 2277 utroque,
542 2225 682 2267 anima
722 2226 915 2268 Videlicet
951 2227 1151 2269 rationali
1189 2229 1230 2268 et
1269 2241 1458 2281 corpore,
1495 2225 1664 2267 vinculo

108 2293 292 2345 quodam
329 2294 584 2337 amicissimo
623 2298 664 2338 et
704 2297 940 2339 arctissimo
979 2297 1090 2339 inter
1128 2312 1171 2339 se
1210 2297 1432 2350 colligatis,
1462 2297 1506 2338 in
1537 2312 1664 2338 unam

107 2366 304 2407 naturam
333 2367 631 2420 compositum,
662 2371 790 2422 atque
818 2369 1043 2423 hypostasi
1071 2369 1251 2411 unitum.

160 2435 235 2477 IV.
288 2436 427 2489 Hujus
469 2439 727 2482 creationem
768 2440 980 2494 duplicem
1024 2441 1355 2483 consideramus:
1398 2440 1580 2493 primam
1623 2442 1666 2481 et

107 2507 408 2561 immediatam,
450 2509 568 2552 Gen.
608 2511 643 2562 I,
682 2512 759 2564 27„
797 2513 1023 2554 secundam
1064 2515 1105 2555 61
1142 2513 1382 2563 mediatam,
1413 2511 1531 2553 Gen.
1562 2512 1598 2562 6,
1630 2511 1666 2552 7.

108 2577 186 2620 Ps.
225 2581 314 2632 102,
343 2583 411 2632 19;
441 2582 527 2633 illa,
556 2583 792 2635 primorum
823 2586 1061 2637 parentum,
1091 2585 1207 2635 haec,
1237 2584 1498 2637 reliquorum
1526 2582 1666 2624 homi-

108 2670 211 2697 num
240 2670 291 2697 ex
318 2655 370 2696 iis
399 2655 735 2707 progenitorum.

163 2727 215 2769 V.
252 2727 387 2768 Primi
424 2726 618 2768 homines
655 2727 897 2770 immediate
936 2743 959 2769 a
997 2727 1090 2769 Deo
1130 2730 1228 2769 sunt
1267 2727 1439 2779 conditi,
1478 2730 1570 2768 tum
1600 2741 1666 2769 re-

111 2801 260 2853 spectu
297 2797 561 2848 efficientiae,
600 2800 692 2839 tum
729 2798 943 2841 materiae.
982 2798 1248 2841 Efficientiae
1288 2798 1470 2850 quidem,
1501 2799 1614 2851 quod
1643 2813 1667 2840 a

110 2869 203 2912 Deo
243 2869 402 2912 conditi
438 2869 528 2911 sine
566 2858 650 2910 ulla
682 2869 946 2922 Angelorum
976 2868 1288 2922 cooperatione.
1317 2869 1523 2912 Materiae
1551 2885 1665 2922 vero,

113 2941 227 2993 quod
263 2941 330 2983 vel
366 2940 494 2985 nulla,
524 2942 571 2981 ut
601 2940 787 2990 animae3
816 2940 883 2982 vel
913 2954 999 2982 non
1027 2939 1192 2991 habilis,
1223 2942 1325 2992 apta
1354 2943 1396 2983 et
1425 2941 1588 2993 idonea,
1618 2944 1665 2983 ut
