1931 3224
513 96 577 138 DE
614 95 655 138 S.
685 95 840 138 SCRIPT.
869 95 1038 138 Nsscssss.
1067 111 1115 138 ET
1143 96 1318 138 AuorOR.
1642 99 1691 140 15

133 219 280 270 tinere,
318 222 366 261 ut
399 219 440 262 S.
471 219 734 274 Scripturam
763 219 985 272 custodiat,
1015 235 1109 262 cum
1139 221 1254 262 omni
1282 221 1487 274 religione
1517 236 1565 263 ac
1594 236 1692 264 cura

134 293 222 345 ejus
271 291 563 345 integritatem
605 295 837 343 conservet,
879 307 903 333 a
945 292 1194 346 corruptelis
1236 291 1456 334 hominum
1497 292 1692 345 vindicet,

134 364 307 416 ejusque
345 362 610 405 divinitatem
650 363 742 405 aliis
780 364 1033 415 manifestet,
1070 378 1118 405 ac
1144 363 1311 417 probet,
1342 364 1452 405 unde
1481 366 1523 405 et
1550 368 1693 412 στῦλος

134 434 201 476 καὶ
254 434 457 487 ἑδραίωμα
505 440 575 483 τῆς
622 433 826 484 ἀληθείαις
857 451 881 476 3
911 434 1043 477 Ρ31110
1076 436 1095 476 1
1127 434 1253 477 Τ1111.
1286 435 1324 477 3.
1354 438 1549 485 vocatur;
1579 435 1694 477 nulla

133 508 275 547 tamen
304 505 404 547 hinc
430 505 642 548 Ecclesiae
666 507 710 548 in
735 505 998 562 Scripturam
1023 507 1254 548 auctoritas
1279 509 1342 548 est
1357 507 1606 562 colligenda,
1623 507 1694 548 sed

133 576 415 619 ministerium
450 579 619 619 tantum
657 580 698 620 et
735 578 1022 631 praeconium,
1062 578 1416 631 quemadmodum
1452 578 1694 631 principum

134 652 176 691 et
199 649 528 702 magistratuum
558 649 707 701 edicta,
735 665 759 691 a
787 650 1067 703 praeconibus
1095 653 1136 692 et
1164 650 1368 692 ministris
1396 650 1691 692 auctoritatem

134 735 254 762 suam
282 735 368 762 non
396 723 658 772 mutuantur,
688 721 767 762 etsi
795 736 871 774 per
900 735 970 763 eos
999 722 1279 773 innotescant,
1308 724 1350 763 et
1378 721 1658 774 publicentur.

186 790 340 833 XXXI.
380 791 420 833 S.
459 791 704 845 Scripturae
742 806 841 833 vero
881 793 1182 834 auctoritatem
1218 793 1344 846 longe
1373 793 1577 846 majorem
1609 807 1696 834 esse

135 877 263 915 quam
287 863 512 915 Ecclesiae,
536 863 634 905 inde
658 863 782 905 nobis
807 864 1080 905 manifestum
1105 865 1182 915 sit;
1208 864 1322 916 quod
1345 863 1533 905 Ecclesia
1557 879 1697 906 errare

133 935 281 989 possit,
319 933 540 988 Scriptura
575 949 662 976 non
698 935 855 990 possit;
897 935 1046 977 deinde
1085 935 1198 988 quod
1236 935 1447 977 Ecclesiae
1489 934 1697 976 autoritas

134 1005 427 1060 (quaecunque
467 1007 638 1049 tandem
679 1007 753 1048 illa
791 1007 871 1060 est)
911 1023 935 1048 a
973 1006 1194 1061 Scriptura
1231 1007 1299 1059 sit,
1339 1007 1446 1049 sicut
1483 1007 1697 1049 Pontificii

133 1077 215 1132 ipsi
256 1081 503 1131 agnoscunt,
545 1092 641 1120 cum
682 1078 983 1120 auctoritatem
1020 1093 1140 1120 suam
1178 1094 1229 1120 ex
1266 1077 1486 1132 Scriptura
1515 1078 1697 1131 probare

134 1151 362 1200 conantur;
403 1149 582 1203 denique
619 1149 718 1203 quia
745 1148 930 1203 Spiritus
959 1149 1105 1192 Sancti
1132 1149 1439 1202 testimonium,
1470 1149 1583 1202 quod
1612 1163 1697 1190 om-

134 1219 258 1261 nibus
296 1220 405 1262 veris
444 1219 601 1262 Christi
641 1220 791 1263 ovibus
829 1235 1051 1263 commune
1089 1223 1163 1272 est,
1201 1219 1230 1262 J
1243 1220 1320 1262 oh.
1351 1221 1413 1262 10.
1441 1220 1545 1262 item
1571 1222 1698 1262 notae

134 1291 231 1333 illae
261 1291 439 1343 divinae,
470 1307 577 1345 quae
605 1292 650 1334 in
678 1291 806 1334 Sacra
830 1291 1052 1346 Scriptura
1077 1307 1119 1334 se
1142 1293 1340 1347 produnt,
1364 1292 1539 1345 majoris
1562 1291 1696 1334 multo

137 1362 222 1404 sint
250 1364 518 1405 auctoritatis
547 1366 588 1406 et
616 1364 828 1417 ponderis,
859 1364 987 1406 etiam
1016 1364 1155 1417 quoad
1183 1379 1273 1416 nos,
1300 1379 1428 1417 quam
1451 1364 1589 1405 solum
1614 1363 1695 1405 Ec-

138 1434 287 1476 clesiae
324 1435 627 1487 testimonium,
667 1451 762 1478 cum
800 1435 1013 1478 Ecclesiae
1049 1435 1132 1477 hoc
1168 1435 1460 1478 testimonium
1489 1436 1698 1488 persuasi-

138 1521 263 1549 onem
302 1522 389 1549 non
430 1507 512 1549 nisi
548 1507 798 1559 humanam3
838 1507 1021 1563 Spiritus
1058 1507 1237 1550 Sanctus
1267 1510 1421 1559 autem,
1450 1522 1527 1560 per
1555 1506 1698 1560 Scrip-

137 1580 258 1621 turae
294 1578 389 1620 illas
427 1579 588 1620 divinas
626 1581 763 1631 notas,
800 1579 926 1621 fidem
965 1579 1194 1621 salvificam
1233 1581 1275 1621 et
1319 1578 1505 1620 divinam
1547 1577 1698 1619 animis

137 1649 294 1691 nostris
322 1650 555 1703 ingeneret.

191 1720 368 1763 XXXII.
407 1720 498 1763 Imo
537 1724 579 1764 et
615 1722 908 1764 testimonium
944 1722 1157 1765 Ecclesiae
1195 1723 1407 1775 antiquae,
1446 1736 1553 1775 quae
1592 1721 1698 1763 Pro-

138 1792 279 1846 phetis
317 1795 359 1834 et
395 1792 616 1847 Apostolis
655 1808 811 1836 coaeva
849 1796 922 1835 aut
949 1793 1145 1847 proxima
1172 1793 1266 1845 fuit,
1295 1794 1418 1835 nobis
1446 1794 1580 1835 multo
1610 1808 1698 1835 ma-

134 1863 241 1916 j0ris
279 1866 341 1906 est
379 1864 589 1919 ponderis,
629 1880 758 1918 quam
786 1865 1035 1916 hodiernae3
1066 1865 1164 1918 quia
1194 1864 1383 1906 Ecclesia
1410 1864 1484 1906 illa
1511 1864 1698 1917 antiqua,

139 1937 308 1988 praeter
348 1935 423 1977 illa
464 1938 716 1990 argumenta
759 1951 866 1989 quae
908 1951 1003 1978 cum
1040 1935 1245 1977 hodierna
1282 1935 1411 1984 habet
1448 1935 1697 1988 communia,

141 2009 314 2048 externa
353 2022 523 2060 quoque
561 2010 603 2050 et
639 2007 870 2061 singularia
908 2007 1191 2061 Propheticae
1227 2010 1269 2049 et
1297 2007 1571 2060 Apostolicae
1599 2007 1699 2048 mis-

140 2078 270 2120 sionis
307 2077 525 2132 signacula
562 2079 723 2121 audivit
760 2082 801 2121 et
828 2079 947 2121 vidit.
977 2078 1145 2132 Nempe
1173 2093 1375 2132 responsa
1402 2093 1479 2131 per
1505 2077 1629 2121 Urim
1658 2081 1699 2120 et

140 2147 367 2202 Tummim‚
395 2150 610 2202 miracula,
639 2150 825 2204 Spiritus
853 2150 893 2193 S.
924 2150 1156 2204 singularia
1184 2150 1306 2200 dona,
1335 2149 1606 2204 prophetiam
1628 2164 1699 2191 ex-

140 2220 476 2272 traordinariam,
515 2224 557 2263 et
593 2221 758 2263 similia.
798 2221 937 2270 Quare
976 2224 1018 2263 et
1051 2221 1240 2263 Ecclesia
1265 2221 1470 2262 hodierna
1499 2220 1699 2273 antiquae

138 2291 250 2333 illius
277 2292 536 2344 testimonio,
561 2293 614 2334 ad
640 2292 845 2334 librorum
875 2292 1114 2334 divinorum
1142 2290 1442 2333 auctoritatem
1469 2305 1699 2344 agnoscen-

141 2362 249 2415 dam,
277 2363 342 2404 uti
370 2378 539 2416 quoque
565 2364 690 2406 debet
720 2367 761 2406 et
790 2364 909 2406 solet.
941 2363 1074 2406 Omne
1104 2366 1256 2410 autem,
1277 2364 1587 2416 argumentum,
1614 2376 1697 2414 quo

141 2433 303 2488 aliquid
341 2435 561 2488 probatur,
600 2435 834 2477 evidentius
870 2437 911 2477 et
947 2435 1070 2478 nobis
1108 2435 1250 2477 notius
1290 2448 1377 2476 esse
1406 2433 1541 2485 debet,
1572 2447 1699 2486 quam

140 2505 232 2561 ipsa
262 2506 488 2549 conclusio.

193 2577 392 2620 XXXIII.
422 2578 607 2620 Tantum
632 2593 732 2621 vero
761 2579 893 2630 abest,
920 2581 969 2620 ut
998 2593 1214 2621 sacrorum
1240 2577 1445 2619 librorum
1468 2575 1700 2618 auctoritas

142 2650 195 2693 ab
232 2650 444 2692 Ecclesiae
478 2651 724 2693 testimonio
761 2651 829 2693 vel
865 2651 1014 2702 solum,
1053 2651 1120 2692 vel
1156 2649 1381 2703 praecipue
1416 2648 1530 2702 apud
1557 2647 1699 2690 fideles

141 2722 344 2774 pendeat;
376 2724 425 2764 ut
458 2724 603 2764 contra
629 2723 747 2764 nullo
776 2723 902 2764 modo
933 2722 985 2764 ab
1013 2722 1086 2763 illo
1116 2721 1311 2774 pendeat.
1338 2719 1451 2762 Nam
1479 2719 1605 2762 sicuti
1632 2719 1699 2761 lex

142 2807 167 2834 a
207 2792 465 2847 Magistratu
501 2793 644 2847 aliquo
682 2794 782 2845 lata,
820 2809 844 2835 a
880 2793 1006 2835 nullis
1042 2792 1210 2846 pendet,
1248 2790 1330 2832 nisi
1368 2805 1392 2831 a
1429 2790 1581 2843 quibus
1609 2789 1699 2843 ipse

141 2862 420 2918 Magistratus
461 2866 636 2918 pendet;
680 2865 741 2907 ita
783 2865 852 2906 lex
890 2864 1031 2906 divina
1069 2878 1093 2904 a
1130 2862 1296 2904 nemine
1333 2862 1515 2915 pendere
1543 2862 1699 2915 potest,

142 2934 224 2985 nisi
261 2935 314 2977 ab
353 2935 444 2991 ipso
484 2935 598 2978 Deo:
628 2935 700 2989 qui
729 2950 754 2977 a
780 2936 896 2978 nulla
925 2937 1118 2978 creatura
1146 2933 1314 2987 pendet.
1344 2933 1402 2975 Et
1430 2932 1555 2975 sicuti
1582 2931 1699 2985 prin-
