1931 3224
270 157 348 197 598
846 154 1091 197 DisrurArxo
1126 154 1275 198 XLIX.

271 282 398 333 atque
437 280 474 321 ei
510 280 701 331 interest,
740 293 827 321 non
863 281 1043 331 tantum,
1087 281 1134 320 ut
1173 278 1353 332 quilibet
1382 279 1657 335 ChristianUS,
1687 285 1736 324 ut
1763 298 1838 326 au-

271 350 396 401 ditor,
433 350 555 391 testis
593 353 634 392 et
673 351 950 404 approbator,
990 350 1063 393 sed
1102 352 1142 392 et
1171 352 1218 392 ut
1248 349 1512 393 Christianus
1543 351 1836 407 Magistratus,

270 421 296 461 i.
326 423 372 461 ut
401 423 519 462 tutor
549 424 590 463 et
620 421 816 463 defensor
846 420 1038 473 Concilii,
1069 420 1226 474 quique
1255 436 1330 463 sua
1360 422 1616 466 auctoritate
1647 425 1838 468 ordinem

270 494 452 543 tueatur,
494 492 641 535 turbas
686 495 727 534 et
768 493 1010 534 turbatores
1053 492 1270 546 reprimat,
1312 495 1353 534 et
1391 495 1439 534 ut
1477 494 1620 536 omnia
1661 495 1839 539 honeste

270 562 545 615 legitimeque
582 563 699 615 fiant,
728 563 977 617 prospiciat,
1008 564 1029 604 1
1063 563 1170 604 Tim.
1201 564 1239 615 2,
1269 564 1306 605 2.
1340 563 1451 613 Quin
1481 565 1553 618 qui
1584 566 1838 620 consulatur,

270 634 524 675 sententiam
553 634 689 676 dicere
715 637 906 690 rogetur,
930 634 1015 676 imo
1042 635 1077 676 si
1103 643 1209 687 opus
1234 634 1375 688 fuerit,
1403 635 1671 690 suffragetur.
1699 637 1840 687 Quum

272 705 379 747 enin]
418 705 553 758 ipsius
591 706 659 757 sit,
697 708 744 747 ut
782 705 945 759 primae
984 708 1026 747 et
1064 705 1269 748 secundae
1307 706 1479 748 tabulae
1509 707 1701 760 vindicis,
1730 708 1839 751 blas-

270 777 460 830 phemias
498 777 738 830 prohibere,
776 777 1135 830 tranquillitatem
1174 779 1216 818 et
1253 776 1592 820 incolumitatem
1621 779 1837 823 Ecclesiae

269 863 509 902 procurare,
550 863 658 901 quae
694 849 838 902 parari
875 863 961 890 non
991 851 1150 902 potest,
1179 848 1262 890 nisi
1294 849 1478 902 cognitis
1507 849 1638 902 prius,
1672 852 1713 892 et
1741 851 1839 893 inde

269 919 519 961 examinatis
558 919 882 961 difficultatibus
920 919 970 961 de
1006 918 1150 961 Verbo
1189 919 1331 970 Fidei3
1373 934 1506 973 eaque
1549 935 1656 973 quae
1684 922 1729 962 in
1759 922 1839 976 Sy-

268 991 379 1031 nodo
410 990 704 1043 decernuntur,
734 993 829 1033 rata
858 990 996 1032 iacere
1026 992 1069 1032 et
1098 990 1260 1033 sancire
1289 991 1470 1045 legibus,
1501 993 1543 1033 et
1572 992 1607 1033 si
1636 1007 1743 1046 opus
1773 993 1838 1047 sit,

269 1061 417 1116 poenis
448 1076 616 1115 quoque
646 1062 898 1115 quibusdam
927 1062 1115 1116 politicis
1144 1063 1345 1105 adversus
1374 1062 1646 1106 refractarios
1674 1063 1840 1116 additis,

272 1132 323 1173 ad
360 1133 553 1186 vigorem
591 1134 787 1187 publicae
817 1134 1132 1183 observantiae;
1161 1134 1245 1176 hoc
1273 1137 1469 1188 respectu
1500 1149 1669 1188 quoque
1699 1150 1841 1180 rerum

273 1205 471 1257 cognitor
509 1207 550 1247 et
573 1206 704 1258 judex
733 1220 808 1248 suo
838 1205 965 1248 modo
997 1220 1086 1247 esse
1118 1206 1254 1258 debet,
1286 1208 1328 1248 et
1358 1206 1616 1260 suffragator
1645 1222 1735 1249 esse
1763 1223 1841 1261 po-

272 1278 376 1318 test:
415 1279 489 1318 aut
527 1277 679 1319 saltem
718 1278 755 1319 ei
792 1277 1039 1332 persuaderi
1069 1291 1119 1319 ex
1147 1276 1292 1319 Verbo
1320 1277 1402 1319 Dei
1432 1280 1615 1331 oportet,
1647 1292 1697 1320 ex
1726 1293 1840 1331 vero,

269 1350 387 1401 justo
432 1352 472 1391 et
514 1350 627 1391 bono
671 1364 773 1401 esse,
813 1364 920 1402 quae
957 1349 1126 1391 decreta
1165 1351 1275 1400 sunt,
1316 1364 1469 1403 nempe
1507 1365 1559 1392 ne
1599 1364 1746 1393 caecus
1786 1350 1841 1392 sit

274 1420 435 1462 alienae
465 1421 701 1463 sententiae
731 1423 772 1462 et
800 1420 989 1462 libidinis
1019 1422 1239 1473 susceptor
1269 1422 1311 1461 et
1339 1420 1598 1463 administer.

329 1491 484 1534 XXXI.
509 1491 640 1534 Inane
664 1492 809 1545 itaque
824 1491 1150 1534 Pontificiorum
1167 1494 1454 1534 commentum
1471 1494 1547 1545 est,
1565 1494 1843 1536 conveniendi

274 1566 444 1605 tantum
468 1565 537 1617 jus
567 1568 609 1607 et
633 1564 895 1618 suffragandi
918 1565 1191 1617 potestatem,
1218 1563 1356 1606 solis
1380 1563 1674 1618 Episcopis
1702 1565 1841 1607 ordi-

273 1637 444 1683 narie.
471 1638 638 1677 atvero
666 1635 1043 1689 Presbyteris,
1068 1635 1383 1677 Abbatibus
1409 1638 1460 1677 et
1484 1635 1842 1679 OrdinumGe-

272 1707 576 1759 neralibus,
599 1709 647 1748 ut
672 1709 838 1759 vocant,
865 1707 1337 1758 extraordinarie;
1362 1707 1674 1750 Academiis
1699 1711 1841 1751 autem

273 1778 508 1820 arbitrandi
533 1780 702 1820 tantum
725 1778 918 1820 relictam
941 1780 1224 1831 potestatem3
1251 1777 1524 1833 Magistra
1539 1781 1649 1820 tum
1672 1781 1842 1822 tantum

272 1851 320 1891 ut
359 1850 642 1901 defensorem3
681 1850 945 1904 populum
976 1852 1027 1892 et
1057 1850 1343 1904 sapientes
1371 1850 1425 1891 in
1450 1850 1658 1904 populo
1689 1850 1841 1893 dunta-

273 1924 346 1963 xat
375 1924 422 1963 ut
453 1922 668 1964 auditores
698 1924 739 1963 et
764 1923 1026 1975 spectatores
1051 1921 1255 1963 interesse
1280 1934 1407 1974 posse
1432 1922 1474 1962 et
1497 1920 1558 1962 ibi
1585 1935 1841 1976 comparere.

329 1992 506 2035 XXXII.
544 1993 815 2036 Personas
855 1995 1187 2036 convocatas
1225 1995 1275 2034 et
1303 1992 1516 2045 missas,
1547 2007 1623 2046 per
1651 2008 1694 2035 se
1724 2008 1841 2036 acce-

274 2065 382 2117 dere,
415 2065 586 2119 Synodo
617 2065 820 2107 interesse
851 2067 891 2106 et
915 2065 959 2106 in
984 2080 1032 2107 ea
1056 2079 1190 2117 usque
1207 2064 1260 2106 ad
1274 2064 1401 2106 finem
1416 2064 1656 2119 perdurare,
1672 2080 1841 2108 necesse

276 2139 350 2188 est,
393 2152 531 2190 neque
574 2137 799 2189 quisquam
840 2136 964 2179 facile
1006 2151 1200 2178 emanere
1238 2138 1312 2178 aut
1346 2136 1544 2178 excedere
1574 2138 1730 2189 potest,
1760 2137 1842 2179 nisi

275 2224 401 2262 quem
431 2211 559 2260 aetas,
589 2207 778 2259 morbus,
807 2210 880 2249 ant
909 2207 993 2248 alia
1022 2207 1250 2249 necessitas
1279 2207 1538 2250 sufficienter
1566 2209 1842 2260 excusaverit,

273 2279 400 2331 idque
438 2279 506 2320 vel
544 2278 704 2332 scripto
743 2279 810 2321 vel
839 2278 952 2320 dicto
981 2278 1144 2320 fecerit.
1173 2278 1294 2320 Alias
1325 2293 1500 2321 censura
1528 2279 1666 2332 gravis
1694 2279 1739 2320 in
1767 2279 1842 2320 ab-

273 2352 412 2391 sentes
456 2352 497 2391 et
540 2350 823 2392 detrectantes
861 2349 1018 2402 venire,
1063 2352 1135 2391 aut
1178 2364 1437 2403 permanere,
1478 2351 1527 2391 ut
1567 2348 1612 2389 in
1654 2350 1842 2391 contem-

274 2424 419 2475 ptores
447 2421 661 2463 Ecclesiae
692 2423 734 2463 et
764 2420 938 2475 Synodi,
968 2421 1269 2464 Ecclesiastica
1293 2424 1335 2464 et
1359 2420 1585 2475 synodalis
1611 2420 1842 2463 exercenda

276 2495 350 2535 est.
393 2493 473 2535 Est
513 2495 658 2534 tamen
699 2492 744 2534 in
785 2493 919 2535 veteri
960 2492 1164 2545 Ecclesia,
1207 2493 1282 2535 ubi
1325 2495 1366 2536 et
1402 2492 1485 2546 ipsi
1522 2492 1730 2546 Episcopi
1765 2507 1842 2546 per

275 2565 393 2617 alios,
433 2565 561 2617 idque
598 2566 733 2606 certas
772 2567 814 2607 et
852 2579 1002 2618 graves
1041 2565 1095 2606 ob
1134 2579 1292 2614 causas,
1322 2566 1663 2618 comparuerunt,
1691 2566 1843 2618 utpote

274 2636 552 2690 Presbyteros
591 2638 664 2681 aut
702 2635 930 2679 Diaconos.
967 2636 1111 2690 Atque
1149 2636 1195 2678 hi
1234 2651 1378 2678 omnes
1415 2636 1629 2679 missionis
1659 2637 1699 2677 et
1729 2650 1842 2678 com-

275 2707 489 2749 missionis
518 2721 617 2748 suae
645 2707 789 2750 literas
818 2708 1017 2750 exhibere
1045 2710 1257 2750 tenentur.

328 2777 526 2821 XXXIII.
565 2778 688 2822 Unde
727 2782 874 2822 contra
912 2782 1075 2822 veteres
1105 2779 1294 2822 Canones
1324 2782 1399 2832 est,
1430 2779 1544 2833 quod
1572 2779 1716 2833 Papa
1744 2778 1842 2821 Ro-

276 2866 391 2892 man
402 2868 460 2893 us
489 2853 634 2905 paucis
666 2851 821 2894 abhinc
851 2852 1000 2894 seculis
1030 2851 1243 2904 (videlicet
1270 2866 1294 2893 a
1325 2850 1638 2893 Constantiensi
1667 2849 1841 2904 Synodo

276 2923 348 2964 ubi
391 2938 590 2976 praesens
632 2923 851 2966 Johannes
893 2939 994 2966 xxlv.
1035 2939 1056 2965 e
1094 2923 1267 2978 Synodo
1305 2923 1525 2977 profugus,
1554 2936 1648 2964 cum
1678 2922 1842 2965 duobus

278 2997 500 3046 praeterea
538 2995 752 3048 antipapis
782 2995 1039 3048 absentibus,
1070 3011 1094 3037 a
1121 2995 1290 3048 Papatu
1319 2994 1470 3047 dejecti
1499 2992 1614 3046 sunt)
1645 2993 1841 3047 deinceps
