1931 3224
656 130 719 173 Dr
747 128 893 172 LIBERO
922 128 1134 172 Aafflrfflo.
1598 129 1676 171 149

113 273 195 312 que
233 259 404 311 placens
449 271 667 310 assurgere
707 255 832 297 valet.
870 253 984 296 Nam
1022 253 1163 307 quoad
1205 268 1375 295 causam
1414 253 1678 304 efficientem,

113 344 320 383 personae
349 328 594 381 hujusmodi
623 327 714 369 Deo
743 326 994 378 neutiquam
1021 325 1213 378 placent3
1244 339 1381 377 neque
1412 324 1599 366 actiones
1629 339 1678 366 ex

112 415 220 455 puro
248 401 378 452 fonte,
409 414 508 442 vera
538 398 619 441 Dei
649 398 869 452 agnitione
899 399 941 439 et
969 396 1061 448 fide,
1093 396 1266 449 ejusque
1291 395 1445 437 timore
1472 396 1679 447 oriuntur,

111 487 248 525 neque
277 472 420 514 debito
449 471 531 512 fine
562 471 615 512 ad
646 469 725 512 Dei
755 469 937 523 gloriam
964 469 1265 522 suscipiuntur,
1297 470 1483 521 aguntur
1511 470 1553 509 et
1578 468 1679 509 diri—

111 545 280 597 guntur,
312 557 363 585 ex
391 542 545 595 quibus
574 544 718 583 tamen
745 541 906 582 bonum
935 554 1042 594 opus
1071 539 1230 581 censeri
1262 538 1398 581 debet.

164 612 320 656 XXIII.
359 613 422 655 Ac
460 612 639 667 proinde
677 611 814 654 omnis
854 611 953 652 talis
990 611 1061 652 hic
1090 611 1215 663 actio,
1247 611 1413 652 etiamsi
1443 610 1605 653 feratur
1634 612 1679 652 in

112 686 283 737 bonum,
323 687 377 736 et,
415 684 450 726 si
489 686 631 726 actum
668 684 808 737 ipsum
849 684 1025 737 specteS,
1054 682 1098 723 in
1127 685 1168 723 et
1197 697 1273 736 per
1302 697 1345 724 se
1374 683 1430 724 sit
1459 682 1583 734 bona,
1614 685 1678 725 at·-

111 759 266 808 tamen,
296 755 396 808 quia
423 770 510 797 non
539 755 587 796 fit
614 754 733 806 bene,
765 755 988 807 peccatiun
1015 753 1216 805 redditur,
1249 756 1291 795 et
1321 753 1508 806 peccatis
1534 768 1679 795 accen-

111 829 239 879 setur,
274 826 396 868 Rom.
437 827 499 877 14,
537 826 599 867 23.
639 825 770 867 Hebr.
810 825 872 877 11,
914 825 952 866 6.
981 824 1186 877 Adeoque
1218 825 1444 866 arbitrium
1475 827 1516 866 et
1546 825 1598 866 ab
1630 840 1677 868 eo

109 900 244 942 fluens
277 898 389 939 actio
422 899 463 939 et
493 911 599 950 opus
630 910 779 938 revera
811 898 1037 950 peccatum
1069 898 1144 938 est.
1174 896 1314 950 Magis
1343 899 1487 938 tamen
1516 900 1678 950 peccat,

112 971 184 1024 qui
219 971 264 1012 in
298 984 353 1021 se,
385 971 428 1010 et
457 984 533 1022 per
562 983 606 1011 se
635 968 747 1010 mala
774 968 877 1019 vult,
912 968 1028 1022 cupit
1058 969 1099 1009 et
1128 967 1244 1019 facit,
1277 982 1405 1020 quam
1437 968 1509 1020 qui
1538 983 1678 1010 mora-

110 1041 208 1084 liter
235 1044 277 1083 et
301 1041 346 1082 in
374 1056 418 1082 se
448 1040 561 1082 bona
589 1040 698 1081 male
723 1040 838 1081 facit.
865 1038 989 1081 Unde
1014 1038 1130 1080 Deus
1154 1038 1283 1080 etiam
1307 1039 1391 1080 illis
1417 1040 1680 1093 corporalem

110 1112 345 1154 mercedem
372 1110 582 1162 retribuit,
615 1111 634 1151 1
668 1110 773 1164 Reg.
803 1110 866 1162 21,
899 1111 962 1151 29.
990 1110 1093 1151 Mat.
1123 1111 1159 1161 6,
1191 1111 1227 1151 2.
1257 1111 1293 1151 5.
1324 1111 1386 1152 26.

162 1182 318 1225 XXIV.
355 1182 416 1225 At
453 1183 498 1224 in
527 1181 934 1236 spiritualibus
964 1184 1014 1223 et
1042 1182 1285 1223 internis
1315 1183 1522 1224 naturalis
1552 1186 1594 1225 et
1622 1184 1678 1225 ir-

110 1255 294 1310 regeniti
331 1254 517 1297 hominis
557 1253 794 1306 arbitrium,
834 1255 1003 1295 tantum
1034 1253 1086 1294 ad
1129 1253 1244 1295 mala
1282 1253 1464 1295 liberum
1503 1257 1578 1296 est.
1618 1255 1679 1297 Ut

112 1328 224 1369 enim
264 1326 520 1377 intellectus,
559 1341 619 1377 ea,
659 1340 768 1378 quae
799 1324 967 1366 divinae
993 1324 1102 1379 legis
1134 1327 1244 1377 sunt,
1277 1340 1434 1378 magna
1462 1328 1584 1380 parte
1614 1327 1678 1379 ig-

112 1400 251 1450 norat,
297 1412 444 1439 verum
491 1396 652 1438 scilicet
689 1395 840 1448 Deum,
872 1398 914 1438 et
947 1410 1055 1449 quae
1086 1411 1180 1437 cum
1208 1396 1429 1438 voluntate
1459 1398 1546 1450 ejus
1579 1412 1679 1439 con-

113 1471 284 1523 gruunt,
322 1468 434 1522 Eph.
473 1469 509 1519 2,
551 1468 614 1509 12.
652 1467 775 1509 Rom.
815 1468 852 1518 7,
893 1467 928 1509 7.
959 1467 1142 1509 maxime
1171 1482 1270 1509 vero
1303 1482 1409 1520 quae
1439 1467 1676 1521 Evangelii,

113 1555 222 1594 quae
261 1541 387 1594 plane
426 1539 767 1595 supranaturalia
808 1541 917 1589 sunt,
958 1538 1148 1591 adeoque
1188 1553 1314 1592 supra
1343 1539 1606 1581 intellectum
1637 1542 1678 1581 et

111 1612 389 1663 voluntatem,
411 1614 453 1653 et
477 1611 566 1652 sine
592 1609 909 1664 supranaturali
933 1609 1023 1651 luce
1052 1611 1093 1650 et
1119 1609 1254 1661 oculo,
1279 1609 1377 1651 fidei
1400 1609 1606 1661 videlicet,
1631 1613 1678 1652 ut

113 1685 295 1736 oportet,
347 1682 548 1735 cognosci
590 1684 632 1723 et
669 1681 792 1723 firmo
833 1695 1007 1722 assensu
1048 1680 1312 1734 apprehendi
1349 1695 1435 1723 non
1476 1685 1677 1734 possunt:

111 1755 172 1796 ita
222 1755 352 1796 etiam
392 1753 605 1804 voluntas,
648 1752 862 1806 pravitate
906 1752 1113 1802 devincta,
1158 1751 1372 1793 contraria
1415 1752 1529 1794 hisce
1572 1753 1677 1805 vult,

113 1825 245 1878 eligit,
274 1824 446 1866 affectat
476 1826 517 1865 et
547 1823 689 1874 efficit,
719 1823 740 1864 1
772 1822 865 1864 Cor.
895 1823 932 1874 2,
965 1822 1026 1864 14.
1057 1822 1180 1864 Rom.
1211 1824 1249 1874 8,
1280 1824 1316 1865 6.
1348 1824 1382 1864 7.
1414 1825 1490 1865 etc.

164 1894 298 1938 XXV.
336 1894 461 1938 Unde
498 1909 599 1936 sane
637 1894 768 1936 homo
806 1894 1026 1946 naturalis,
1064 1893 1205 1935 insitis
1246 1894 1419 1946 viribus,
1460 1909 1507 1936 ac
1543 1894 1677 1937 libero

110 1966 344 2010 voluntatis
374 1966 564 2018 arbitrio,
593 1980 679 2007 non
703 1967 848 2019 potest
873 1980 894 2006 e
921 1966 1096 2018 peccato
1124 1979 1352 2018 emergere,
1389 1965 1679 2019 ignorantiam

111 2054 351 2094 pravasque
393 2038 691 2081 inclinationes
734 2037 929 2090 abjicere,
974 2051 1017 2078 se
1061 2036 1113 2078 ad
1154 2036 1292 2078 Deum
1332 2039 1591 2089 convertere,
1631 2052 1678 2078 ac

110 2126 243 2153 novos
283 2113 327 2152 et
365 2109 608 2164 spirituales
645 2110 800 2159 motus,
840 2108 964 2149 initia
1000 2122 1122 2149 verae
1150 2108 1453 2162 poenitentiae,
1484 2108 1593 2160 fidei,
1624 2108 1679 2149 ti-

116 2183 268 2233 moris,
307 2185 349 2224 et
387 2180 625 2223 dilectionis
662 2179 744 2222 Dei
774 2182 816 2221 et
843 2179 1039 2234 proximi,
1072 2181 1200 2232 atque
1228 2179 1525 2231 invocationis,
1556 2194 1605 2221 ex
1636 2194 1678 2221 se

113 2255 303 2309 recipere
346 2256 388 2295 et
424 2252 639 2304 inchoare,
681 2266 814 2304 eaque
854 2250 1031 2293 efficere.
1070 2250 1138 2292 Ad
1175 2251 1280 2293 haec
1319 2251 1430 2292 enim
1468 2252 1678 2303 ἀδυναμίαι

110 2325 277 2368 homini
314 2323 566 2366 naturaliter
594 2323 740 2376 genito
777 2323 823 2364 in
861 2322 1084 2376 Scriptura
1121 2322 1338 2374 tribuitur,
1377 2321 1477 2364 Joh.
1507 2323 1544 2374 3,
1574 2323 1610 2363 3.
1641 2323 1679 2363 5.

110 2399 153 2439 et
188 2397 226 2448 6,
263 2395 328 2437 44.
364 2397 405 2437 et
435 2394 472 2446 8,
501 2394 565 2436 43.
597 2393 721 2436 Rom.
753 2394 789 2446 8,
820 2394 858 2435 3.
889 2394 924 2435 7.
957 2394 981 2434 2
1011 2393 1104 2435 Cor.
1136 2394 1172 2445 3,
1204 2394 1252 2445 5.,
1282 2393 1413 2434 immo
1444 2393 1675 2434 adversitas

112 2469 155 2509 et
183 2467 339 2509 odium.
634 2509 640 2512 ,

164 2537 320 2580 XXVI.
359 2537 437 2579 Est
475 2550 577 2590 ergo
617 2536 841 2578 arbitrium
880 2536 950 2578 hic
987 2536 1180 2587 liberum,
1223 2550 1304 2588 qua
1343 2535 1395 2576 ad
1423 2537 1589 2588 partem
1618 2534 1677 2575 al-

111 2612 258 2660 teram,
296 2608 454 2650 malum
493 2607 664 2659 scilicet,
705 2607 922 2649 redactum
951 2609 1034 2658 est3
1066 2609 1107 2649 et
1135 2621 1221 2648 non
1251 2608 1398 2648 coacta
1426 2606 1678 2647 necessitate

111 2681 184 2724 sed
228 2680 418 2722 lubentia
465 2679 517 2720 ad
564 2680 789 2731 peccatum
827 2679 978 2732 vergit.
1022 2678 1314 2720 Veruntamen
1352 2678 1451 2729 quia
1488 2676 1674 2718 hominis

111 2755 175 2794 est
207 2752 284 2794 sub
323 2753 498 2806 peccato
536 2740 779 2801 venundati,
821 2749 957 2792 eidem
995 2749 1216 2792 servientis
1254 2751 1296 2790 et
1333 2749 1378 2790 in
1417 2763 1465 2790 eo
1497 2748 1678 2798 mortui3

111 2838 197 2866 non
226 2826 315 2865 tam
343 2823 578 2864 liberum
606 2835 734 2874 quam
764 2835 978 2863 servum
1003 2820 1085 2863 dici
1109 2819 1245 2871 debet,
1272 2819 1464 2871 liberum,
1490 2819 1676 2872 inquam,

112 2910 138 2937 a
170 2894 350 2949 justitia,
388 2897 430 2936 et
467 2908 635 2935 servum
672 2892 848 2945 peccati,
878 2891 978 2934 Joh.
1009 2892 1046 2942 8,
1077 2890 1139 2932 34.
1170 2890 1293 2932 Rom.
1322 2890 1358 2942 6,
1391 2890 1452 2931 16.
1485 2889 1677 2940 Qualiter

113 2967 330 3020 eleganter
347 2965 530 3017 August.
550 2963 594 3004 in
614 2962 875 3014 Enchiridio,
901 2962 1079 3013 Servi,
1103 2961 1256 3013 inquit,
1282 2960 1514 3013 addicti,
1541 2975 1674 3013 quae
