1931 3224
610 1066 1082 1115 PRAEFATIO.

127 1441 393 1486 Praeclaram
425 1442 535 1484 hanc
564 1441 636 1483 Pu
648 1441 815 1484 rioris
843 1440 1181 1494 Tlieologiae
1211 1437 1511 1490 SYNOPSIN‚
1541 1438 1627 1492 pri-

74 1547 189 1574 mum
232 1546 342 1574 anno
386 1532 488 1573 1625
532 1531 700 1583 editam,
740 1531 887 1573 deinde
925 1545 1009 1572 non
1047 1531 1177 1584 longo
1216 1530 1440 1571 intervallo
1481 1531 1630 1582 quater

75 1624 192 1676 typis
229 1621 468 1675 repetitam,
509 1621 608 1663 data
638 1636 766 1674 opera
794 1621 987 1663 laudibus
1019 1620 1228 1662 celebrare
1258 1620 1490 1671 lectorique
1520 1634 1632 1661 com-

77 1711 276 1753 mendare
311 1711 418 1752 nihil
451 1710 626 1760 attinet3
655 1724 791 1763 pauca
829 1712 972 1752 autem
1009 1709 1216 1762 quaedam
1246 1709 1296 1750 de
1324 1708 1424 1750 libri
1454 1709 1630 1762 scripto-

78 1801 208 1852 ribus,
247 1801 297 1842 de
335 1801 424 1852 ejus
455 1799 604 1851 forma,
638 1799 803 1850 virtute,
835 1799 1101 1850 auctoritate,
1133 1798 1304 1840 omnino
1336 1798 1385 1839 de
1411 1798 1510 1839 fatis
1543 1799 1630 1851 ejus

79 1891 222 1931 sextae
259 1887 449 1939 editioni,
478 1888 657 1941 jamjam
694 1887 738 1928 in
766 1887 904 1929 lucem
934 1887 1192 1940 proditurae,
1222 1887 1495 1940 praemittere
1521 1887 1635 1928 haud

80 1976 133 2018 ab
158 1991 202 2018 re
227 1991 315 2018 esse
339 1976 446 2018 mihi
469 1976 645 2018 videtur.
673 1975 791 2030 Opus
817 1976 928 2018 enim
952 1975 1034 2017 hoc
1062 1978 1284 2017 auctorum
1301 1977 1388 2029 ejus
1405 1979 1543 2018 aetate
1559 1991 1635 2030 per

82 2065 393 2119 quinquaginta
429 2065 561 2108 ferme
599 2079 732 2107 annos
769 2065 969 2107 studiosis
1005 2064 1250 2118 theologiae
1287 2065 1467 2119 aliisque
1503 2066 1637 2107 notis—

83 2154 236 2196 simum
273 2155 463 2197 omnium
499 2155 586 2197 fere
621 2156 665 2197 in
693 2155 888 2197 manibus
917 2157 1019 2207 erat,
1049 2154 1174 2197 hodie
1204 2157 1346 2197 autem
1371 2156 1484 2209 jacet
1512 2154 1637 2209 longe

84 2245 291 2298 plurimos
318 2244 466 2287 latens.

137 2333 235 2376 Vox
277 2334 508 2388 „purioris”
538 2335 628 2387 jam
655 2336 822 2389 tempus
850 2334 1022 2386 indicat,
1053 2348 1136 2387 quo
1166 2335 1406 2388 conscripta
1434 2334 1640 2389 Synopsis

87 2426 162 2466 est.
205 2422 419 2466 Nimirum
460 2424 504 2465 in
544 2424 681 2465 lucem
719 2424 871 2465 emissa
908 2426 982 2475 est,
1021 2423 1149 2476 paulo
1185 2425 1415 2476 postquam
1451 2423 1641 2465 Ecclesia

86 2513 410 2567 Theologiaque
445 2513 694 2555 Reformata
731 2528 782 2555 ex
819 2513 905 2554 acri
942 2513 1174 2555 certamine
1211 2527 1305 2554 cum
1337 2511 1641 2554 Remonstran-

86 2603 215 2646 tismo
245 2602 439 2646 victrices
469 2603 730 2656 prodierunt.
759 2602 809 2646 In
833 2602 1004 2657 Synodo
1030 2602 1304 2645 Dordracena
1328 2602 1533 2644 confessio
1558 2602 1641 2644 Re-

87 2693 272 2736 formata
295 2692 432 2735 denuo
456 2692 509 2735 ad
531 2692 712 2747 Lydium
737 2693 922 2746 lapidem
950 2692 1103 2736 Sacrae
1131 2692 1376 2746 Scripturae
1405 2691 1643 2734 examinata

89 2785 218 2837 atque
244 2783 428 2836 probata
456 2784 560 2824 erat.
588 2781 753 2824 Placita
775 2781 1027 2824 Arminiana
1053 2784 1277 2834 ceteraque
1301 2780 1560 2823 heterodoxa
1577 2796 1642 2823 re-

89 2871 227 2913 futata
256 2874 299 2914 et
327 2871 521 2914 convicta
550 2885 600 2912 ex
628 2870 819 2913 Ecclesia
847 2870 1096 2912 Reformata
1124 2870 1300 2924 expulsa
1329 2873 1460 2912 erant.

143 2959 343 3015 Dignitas
366 2963 494 3015 atque
519 2960 749 3003 auctoritas
774 2959 935 3013 Synodi
958 2960 1118 3014 prodiit
1140 2959 1225 3001 illis
1244 2959 1508 3013 temporibus
1523 2973 1645 3011 prae-
