1931 3224
274 156 352 196 352
822 156 1062 201 DISPUTATIO
1090 157 1288 201 XXXIV.

271 280 354 322 tria
384 281 644 323 consectaria
669 281 855 334 eliciunt,
881 283 917 323 1.
942 281 1068 336 Legis
1092 282 1433 325 observationem
1457 283 1614 325 sanctis
1638 283 1683 325 in
1705 282 1832 335 hujus

272 353 386 394 vitae
422 353 561 394 stadio
601 367 688 395 esse
718 353 988 407 possibilem.v
1006 355 1042 396 2.
1073 353 1214 408 Opera
1245 355 1394 407 carnis,
1425 369 1533 408 quae
1556 355 1682 408 justis
1712 368 1832 396 sanc-

270 425 412 464 torum
454 423 652 476 operibus
694 425 989 477 admiscentur,
1032 440 1120 467 non
1162 441 1252 468 esse
1292 428 1468 479 peccata
1510 426 1708 468 mortalia
1745 425 1832 479 legi

269 496 568 548 repugnantia,
607 496 678 537 sed
715 496 868 537 delicta
905 496 1086 538 venialia
1124 500 1294 550 praeter
1331 498 1470 551 legem
1507 499 1743 547 commissa,
1785 513 1832 540 ac

269 566 447 618 proinde
467 567 662 619 justitiae
685 567 876 620 ipsorum
899 568 987 622 legi
1012 571 1320 611 consentaneae
1340 584 1428 611 non
1447 569 1629 612 officere.
1649 571 1686 612 3.
1701 570 1832 613 Sanc-

269 639 336 679 tos
373 637 497 691 plura
534 641 576 680 et
612 639 776 692 majora
805 642 1024 693 praestare
1051 655 1188 694 posse,
1222 656 1348 694 quam
1378 656 1428 683 ex
1456 641 1564 695 legis
1592 642 1832 696 praeceptis

269 711 506 752 teneantur.
1679 763 1681 765 ,

322 780 522 822 XXXIII.
553 781 817 824 Testimonia
846 782 1090 837 Scripturae
1121 784 1273 837 quibus
1303 785 1490 838 primum
1514 800 1634 827 suum
1662 800 1832 829 consec-

268 852 425 893 tarium
465 852 646 906 probare
686 856 899 907 satagunt,
928 855 981 896 ab
1003 855 1116 909 'ipsis
1144 871 1370 909 perperam
1399 857 1533 908 citari,
1563 857 1630 898 his
1659 857 1831 899 demon-

270 925 452 964 stramus
492 925 768 977 argumentis.
807 925 966 977 Primo,
1007 927 1121 979 quod
1157 943 1369 980 nusquam
1404 928 1597 970 locorum
1635 929 1689 970 ab
1726 929 1830 982 ipsis

268 994 574 1048 productorum
604 998 758 1049 agatur
788 996 837 1038 de
865 998 1165 1039 mandatorum
1195 997 1277 1041 Dei
1307 999 1614 1052 observatione,
1644 1002 1717 1041 aut
1741 1001 1831 1053 jus-

267 1066 365 1108 titia
398 1068 642 1109 sanctorum
668 1067 897 1110 universali
925 1069 1014 1122 legi
1043 1069 1210 1112 divinae
1239 1071 1467 1113 secundum
1498 1073 1707 1125 graduum
1734 1088 1830 1126 per-

268 1137 496 1180 fectionem
534 1140 587 1181 ad
626 1140 826 1182 amussim
863 1142 1166 1195 respondente3
1206 1143 1278 1185 sed
1308 1143 1390 1184 alia
1418 1143 1511 1186 loca
1539 1147 1752 1186 testentur
1780 1144 1830 1186 de

270 1209 410 1252 studio
455 1213 496 1252 et
534 1214 689 1253 conatu
721 1212 988 1254 obedientiae
1017 1213 1277 1266 universalis,
1308 1229 1381 1256 seu
1409 1215 1459 1257 de
1483 1217 1654 1268 justitia
1680 1216 1831 1258 incho-

268 1283 349 1333 ata,
390 1283 592 1335 gradibus
631 1285 802 1337 quidem
839 1285 1112 1339 incompleta,
1143 1287 1215 1329 sed
1242 1287 1340 1340 legi,
1371 1288 1510 1340 quoad
1538 1287 1669 1329 animi
1698 1287 1830 1329 since-

267 1351 452 1404 ritatem,
479 1368 710 1407 omnesque
740 1355 1006 1399 obedientiae
1036 1360 1194 1410 partes,
1226 1358 1445 1409 conformi,
1474 1361 1523 1400 ut
1553 1358 1642 1400 Jos.
1672 1359 1734 1410 12,
1765 1359 1829 1400 15.

269 1423 289 1463 1
320 1422 426 1477 Reg.
457 1424 520 1477 14,
550 1425 587 1466 8.
620 1427 643 1466 2
671 1425 777 1480 Reg.
807 1428 871 1480 23,
900 1429 962 1469 25.
993 1430 1018 1470 2
1049 1428 1202 1471 Chron.
1235 1430 1297 1482 15,
1329 1431 1390 1472 12.
1420 1430 1489 1472 Ps.
1523 1430 1612 1481 119,
1643 1429 1705 1470 11.
1729 1428 1827 1470 Luc.

268 1495 303 1546 1,
342 1497 378 1537 6.
418 1496 512 1538 Act.
553 1498 616 1549 13,
655 1498 718 1539 22.
756 1499 855 1541 Alia
892 1515 992 1542 vero
1023 1501 1073 1542 de
1097 1500 1266 1553 justitia
1296 1504 1539 1543 sanctorum
1567 1500 1829 1555 particulari,

266 1568 340 1608 aut
380 1581 541 1620 causae,
581 1571 629 1610 ut
666 1569 733 1611 Ps.
765 1571 800 1622 7,
831 1572 895 1612 27.
927 1574 968 1613 et
998 1572 1086 1613 119.
1117 1575 1191 1613 aut
1218 1572 1334 1625 facti,
1364 1576 1412 1614 ut
1440 1573 1510 1615 Ps.
1541 1574 1631 1625 106,
1661 1574 1725 1615 30.
1755 1572 1829 1615 Se-

267 1638 416 1691 cundo,
458 1641 572 1693 quod
612 1641 697 1683 alia
727 1645 858 1695 agant
888 1644 937 1684 de
966 1643 1137 1685 illorum
1168 1644 1309 1687 officio
1340 1645 1413 1698 qui
1442 1645 1495 1686 ad
1522 1644 1829 1698 perfectionem

259 1710 454 1762 justitiae
496 1712 749 1755 universalis
792 1714 981 1768 aspirare
1022 1717 1234 1769 tenentur,
1276 1718 1324 1758 ut
1361 1716 1460 1759 Joh.
1501 1716 1562 1767 14,
1601 1717 1665 1757 21.
1703 1715 1827 1757 Rom.

268 1782 330 1834 13,
371 1782 407 1824 8.
447 1782 537 1824 Gal.
576 1784 612 1836 5,
652 1784 713 1826 14.
754 1784 841 1827 Col.
879 1786 917 1838 4,
957 1787 1019 1828 12.
1043 1787 1081 1828 4.
1109 1787 1209 1829 Alia
1240 1787 1290 1829 de
1319 1788 1482 1840 majore
1509 1787 1829 1841 provectiorum

266 1868 367 1907 prae
406 1855 555 1896 ceteris
594 1871 837 1910 progressu,
876 1858 943 1899 vel
977 1857 1023 1899 in
1059 1859 1305 1912 cognitione
1341 1858 1452 1910 fidei,
1482 1861 1531 1900 ut
1561 1859 1582 1900 1
1613 1857 1695 1901 Cor
1721 1860 1759 1910 2,
1788 1859 1825 1900 6.

266 1923 397 1967 Hebr.
426 1926 464 1978 5,
495 1927 557 1968 14.
586 1927 659 1969 vel
683 1928 728 1970 in
758 1929 846 1981 ejus
875 1929 1011 1982 praxi,
1039 1932 1088 1971 ut
1116 1929 1227 1972 Phil.
1257 1931 1293 1980 3,
1324 1930 1386 1972 15.
1411 1929 1502 1972 Jac.
1531 1931 1568 1981 3,
1598 1931 1635 1971 2.
1665 1929 1824 1981 Tertio,

266 1997 381 2048 quod
423 2000 669 2051 promptam
708 1999 843 2041 crucis
880 2000 1153 2042 tolerantiam
1190 2001 1314 2042 nobis
1354 2001 1660 2053 commendent,
1698 2003 1747 2042 ut
1784 2002 1826 2042 et

266 2068 443 2110 alacrem
472 2069 770 2111 mandatorum
794 2069 876 2112 Dei
900 2072 1227 2123 exsecutionem,
1253 2072 1378 2114 Matt.
1405 2073 1466 2125 11,
1491 2073 1554 2114 30.
1580 2073 1602 2113 1
1617 2071 1717 2114 Joh.
1733 2072 1769 2124 5,
1786 2072 1824 2113 3.

317 2139 517 2183 XXXIV.
556 2140 693 2190 Quam
730 2157 859 2195 prave
897 2143 1126 2185 secundum
1163 2143 1488 2186 Pontificiorum
1517 2142 1825 2186 consectarium

265 2226 316 2253 ex
357 2212 511 2265 Apost.
552 2211 764 2254 Johannis
799 2213 1060 2264 testimonio,
1101 2215 1120 2256 1
1159 2214 1258 2256 Joh.
1297 2215 1333 2257 3.
1372 2216 1415 2266 9.
1449 2215 1692 2267 deducatur,
1730 2215 1825 2269 ipsa

262 2283 376 2325 illius
413 2284 493 2326 loci
534 2285 706 2327 collatio
747 2301 842 2328 cum
879 2289 1093 2339 sequente,
1129 2287 1151 2328 1
1182 2286 1281 2329 Joh.
1311 2287 1349 2339 5,
1378 2287 1415 2329 8.
1446 2287 1643 2329 ostendit.
1672 2286 1824 2329 Poste-

262 2355 375 2398 riore
404 2356 516 2398 enim
543 2356 640 2399 loco
669 2357 906 2411 Apostolus
934 2359 1000 2400 sui
1027 2358 1162 2412 ipsius
1189 2359 1413 2413 interpres,
1443 2359 1632 2413 priorem
1657 2373 1745 2401 non
1773 2358 1823 2400 de

264 2427 414 2479 quovis
452 2430 642 2482 peccatO,
679 2429 752 2470 sed
788 2429 1060 2483 peculiariter
1099 2430 1149 2472 de
1188 2433 1364 2484 peccato
1403 2431 1456 2472 ad
1492 2433 1677 2473 mortem
1714 2429 1824 2472 acci-

264 2498 466 2551 piendum
496 2514 585 2541 esse
614 2499 772 2551 innuit3
804 2516 899 2543 cum
926 2502 1140 2555 regenitos
1170 2501 1285 2543 illius
1313 2502 1479 2556 peccati
1501 2502 1710 2544 immunes
1735 2516 1824 2544 esse

264 2573 487 2622 asseverat,
534 2571 694 2624 alioqui
737 2573 855 2625 prior
891 2572 1093 2626 Apostoli
1131 2572 1387 2625 enunciatio,
1422 2572 1624 2615 nimirum
1662 2574 1683 2614 1
1721 2572 1821 2614 Joh.

264 2641 302 2692 3,
339 2642 377 2683 9.
415 2644 526 2684 esset
565 2643 895 2685 contradictoria
932 2644 1154 2697 superiori,
1186 2645 1207 2686 1
1236 2643 1335 2687 Joh.
1366 2644 1402 2696 1,
1431 2644 1467 2686 8.
1499 2659 1582 2697 qua
1610 2644 1822 2686 neminem

264 2713 428 2765 peccati
457 2716 674 2767 expertem
703 2729 792 2757 esse
820 2715 983 2757 asserit.

317 2783 494 2826 XXXV.
533 2784 727 2828 Tertium
763 2786 956 2840 ipsorum
993 2787 1301 2830 consectarium
1332 2787 1442 2830 falso
1471 2802 1641 2840 quoque
1668 2787 1821 2829 nititur

264 2855 554 2899 fundamento.
592 2856 705 2900 Nam
743 2857 868 2900 sicuti
907 2857 1127 2912 Scriptura
1158 2860 1359 2901 mandata
1388 2857 1547 2900 Christi
1576 2857 1819 2911 singularia,

265 2941 373 2979 quae
413 2929 579 2970 ratione
619 2929 806 2970 muneris
847 2931 920 2971 aut
962 2929 1062 2971 doni
1097 2930 1323 2984 singularis
1362 2929 1615 2982 quibusdam
1652 2931 1820 2971 tantum

264 2998 623 3052 praescribuntur,
664 2999 819 3042 nullibi
860 3002 985 3042 vocat
1028 3000 1205 3044 consilia
1248 3001 1459 3044 mandatis
1500 3000 1606 3055 legis
1644 3000 1819 3043 moralis
