1931 3224
0 3033 21 3224 qwrssv-,ssvth-
0 2987 13 3002 π
0 2870 13 2930 w&

559 120 623 162 DE
652 120 922 164 SACRAMENTIS
950 135 989 163 IN
1019 136 1179 164 GENERE.
1568 121 1645 162 479

83 260 240 288 novum
277 247 319 287 et
356 245 574 287 meliorem
614 248 773 288 statum
810 246 1136 297 transferuntur,
1166 259 1251 286 non
1279 247 1444 286 mutata
1475 245 1646 297 quidem

86 316 336 368 substantia,
384 317 451 358 vel
487 317 654 358 interna
693 317 874 370 quadam
916 317 1121 371 qualitate
1157 316 1387 367 instillata;
1427 316 1499 358 sed
1542 330 1645 368 qua-

81 391 204 430 tenus
233 389 376 442 σχέσιν
404 387 545 440 6116111,
577 391 618 430 et
645 403 767 430 usum
795 390 1020 442 recipiunt.

136 458 188 501 X.
225 459 321 500 Hoc
360 474 484 501 sensu
513 459 549 501 si
578 460 672 513 quis
702 461 831 503 verba
859 460 1142 502 institutionis
1173 460 1496 513 operatoria
1524 461 1646 501 vocet

86 529 185 583 (etsi
215 530 266 571 ab
296 530 377 572 hac
406 545 510 572 voce
538 531 733 572 malimus
767 531 992 583 abstinere,
1022 547 1075 573 ne
1102 532 1196 584 quis
1223 530 1447 582 existimet,
1471 531 1515 572 in
1541 544 1645 572 sono

85 601 152 643 vel
195 601 435 654 quantitate
479 602 706 644 verborum
751 603 938 655 aliquam
976 603 1062 644 vim
1100 602 1330 656 subjective
1368 601 1522 655 inesse)
1561 616 1648 643 non

86 672 267 714 multum
294 673 650 727 repugnabimus,
681 674 715 715 si
746 675 853 727 quis,
883 675 1069 727 inquam,
1102 674 1298 716 elementi
1326 673 1370 715 in
1400 673 1649 716 Sacramen-

87 746 179 785 tum
231 745 561 796 conversionem,
615 745 695 787 hac
738 745 884 798 phrasi
927 748 1096 787 tantum
1137 745 1375 799 intelligat3
1421 745 1648 786 dummodo

87 815 215 857 simul
254 819 474 871 agnoscat,
515 831 604 858 esse
644 817 774 858 etiam
802 817 1023 858 verbum
1053 816 1395 868 concionale,
1428 816 1480 857 ad
1508 830 1653 857 veram

87 886 350 929 Sacramenti
375 888 584 929 rationem
607 888 902 939 necessarium,
930 902 1012 940 quo
1036 888 1317 940 intelligimus
1338 888 1513 929 verbum
1530 902 1653 940 prae-

89 958 274 1000 dicatum
306 961 348 1000 et
376 959 596 1001 creditum.
625 958 720 1000 Etsi
748 959 791 1000 id
820 960 895 1000 fiat
919 959 1075 1013 paucis,
1099 973 1185 1001 non
1212 959 1323 1001 enim
1345 959 1532 1013 prolixas
1558 973 1654 1000 con-

90 1028 230 1071 ciones
269 1029 356 1071 sive
394 1029 605 1081 homilias,
646 1032 694 1071 ut
732 1033 897 1081 vocant,
936 1030 989 1071 ad
1018 1030 1244 1072 essentiam
1274 1030 1548 1083 Sacramenti,
1581 1031 1654 1072 sed

90 1101 143 1142 ad
174 1101 391 1142 decentem
418 1101 613 1154 publicae
640 1101 1021 1143 administrationis
1044 1102 1218 1144 modum
1244 1102 1521 1155 requirimus:
1548 1116 1655 1154 quae

91 1172 191 1213 dum
228 1187 313 1214 non
354 1172 580 1225 distinguit
608 1170 905 1224 Bellarminus,
937 1171 1157 1214 Calvinum
1185 1172 1355 1226 impetit
1382 1172 1551 1223 frustra,
1583 1173 1656 1224 qui

89 1243 197 1285 nihil
234 1244 349 1285 aliud
385 1243 620 1297 requisivit,
663 1259 789 1297 quam
827 1244 1094 1297 Augustinus
1124 1242 1358 1285 decantatis
1388 1242 1472 1284 illis
1501 1242 1655 1294 verbis,

88 1315 318 1357 Accedit
346 1315 567 1358 verbum
599 1316 659 1357 ad
688 1315 1052 1368 Elementum,
1080 1319 1130 1357 et
1153 1315 1223 1357 fit
1247 1315 1656 1358 Sacramentum

92 1388 258 1429 etiam
301 1387 478 1440 ipsum
524 1390 795 1440 tamquam
832 1386 1061 1429 visibile
1098 1387 1335 1429 verbum:
1375 1387 1510 1427 unde
1547 1386 1657 1427 ista

91 1461 250 1501 tanta
287 1459 466 1501 virtus
496 1473 686 1511 aquae,
716 1461 772 1500 ut
803 1473 999 1511 corpus
1028 1461 1224 1511 tangat
1254 1461 1305 1500 et
1335 1473 1424 1499 cor
1454 1457 1656 1508 abluat,

92 1530 200 1572 nisi
236 1530 480 1572 faciente
517 1530 713 1571 verbo?
742 1543 845 1571 non
875 1528 1002 1581 quia
1033 1529 1243 1570 dicitur
1273 1529 1361 1571 sed
1393 1528 1518 1582 quia
1550 1543 1658 1570 cre-

95 1601 265 1653 ditur,
305 1601 445 1643 Tract.
477 1601 613 1643 80111
642 1600 741 1642 ἱ1011.
774 1600 841 1642 At
872 1615 972 1653 quo
1006 1600 1164 1642 modo
1196 1600 1442 1650 credent,
1471 1600 1580 1641 nisi
1612 1599 1658 1641 61

95 1672 153 1713 de
183 1687 283 1724 quo
314 1671 629 1715 audierint?
659 1686 822 1725 nempe,
853 1687 877 1712 a
906 1670 1289 1724 praedicante,
1322 1671 1442 1714 Rom.
1475 1672 1535 1722 10,
1569 1670 1630 1712 14.

147 1741 220 1783 XI.
251 1742 361 1783 Hinc
393 1745 469 1794 est,
499 1743 612 1795 quod
641 1743 889 1784 mandatum
918 1743 967 1784 de
992 1742 1363 1786 Sacramentorum
1389 1742 1659 1784 administra-

95 1813 225 1865 tione,
265 1813 460 1855 Christus
500 1814 723 1868 conjungit
763 1830 858 1856 cum
886 1814 1087 1856 mandato
1119 1814 1168 1856 de
1198 1814 1391 1856 doctrina
1420 1816 1461 1855 et
1489 1812 1659 1866 praedi-

96 1886 276 1937 catione,
305 1885 429 1927 Matt.
460 1887 523 1937 28,
553 1886 616 1927 28.
643 1900 750 1938 quae
774 1885 1085 1926 administratio
1110 1885 1333 1927 commissa
1359 1886 1421 1925 est
1447 1883 1660 1936 dispen-

98 1956 380 1998 satoribus
408 1955 798 2009 Mysteriorum
826 1955 944 2008 Dei,
977 1955 1050 2008 qui
1081 1959 1122 1998 et
1150 1955 1247 1998 θεοῦ
1263 1955 1435 2008 σύνεργοι
1452 1954 1661 2006 dicuntur,

99 2028 122 2068 1
157 2026 249 2069 Cor.
278 2028 315 2080 4,
348 2028 382 2069 1.
415 2030 456 2069 et
488 2028 509 2068 1
541 2026 633 2070 Cor.
664 2029 701 2079 3,
732 2028 768 2069 9.
798 2042 884 2069 11011
914 2027 1084 2080 quidem
1113 2028 1157 2068 in
1185 2027 1468 2078 institutione,
1499 2041 1605 2079 quae
1637 2040 1661 2067 a

99 2098 190 2141 Deo
229 2099 492 2151 immediate3
533 2099 605 2140 sed
640 2099 685 2140 in
723 2099 1049 2152 dispensatione,
1089 2098 1140 2139 ad
1170 2113 1297 2151 quam
1326 2098 1403 2139 sub
1436 2099 1662 2150 praetextu

101 2184 221 2211 casus
258 2170 537 2221 necessitatis,
573 2185 697 2212 nemo
738 2172 800 2211 est
840 2169 1137 2220 admittendus,
1177 2170 1229 2211 ad
1265 2169 1308 2210 id
1346 2184 1433 2210 non
1471 2167 1662 2221 legitime

100 2243 287 2293 vocatus,
326 2257 374 2283 ac
413 2242 592 2295 proinde
633 2256 778 2284 eorum
815 2256 906 2283 mos
946 2241 1211 2294 rejiciendus,
1249 2240 1321 2293 qui
1350 2240 1417 2282 vel
1446 2239 1565 2282 laicis
1594 2239 1663 2281 vel

100 2313 347 2354 mulieribus
373 2313 513 2365 etiam,
540 2313 812 2355 Sacramenta
838 2313 1040 2366 quaedam
1064 2312 1389 2354 administrandi
1404 2312 1662 2365 potestatem

101 2383 275 2435 faciunt,
318 2384 403 2426 imo
442 2384 546 2437 ipsis
581 2384 766 2435 Judaeis,
807 2383 966 2435 Turcis,
1007 2386 1047 2425 et
1084 2383 1292 2425 Ethnicis.
1333 2381 1575 2424 Bellarmin.
1614 2381 1664 2422 de

103 2455 287 2498 Sacram.
316 2455 440 2510 Bapt.
471 2456 496 2496 1.
528 2456 564 2497 1.
596 2471 627 2497 0.
660 2456 694 2497 7.
727 2471 778 2497 ex
806 2454 944 2497 Nicol.
974 2454 1105 2509 Papa,
1137 2455 1187 2497 de
1218 2469 1402 2497 consecr.
1432 2454 1528 2495 dist.
1557 2454 1594 2494 4.

156 2527 251 2569 XII.
292 2527 494 2577 Quamvis
532 2530 675 2569 autem
714 2528 766 2569 ad
804 2526 1125 2569 Sacramentum
1163 2527 1244 2568 rite
1284 2525 1663 2567 administrandum

103 2600 340 2641 necessaria
379 2601 435 2641 sit
471 2600 653 2651 vocatio,
692 2599 859 2641 ratione
896 2599 1096 2649 muneris,
1135 2613 1220 2640 non
1260 2600 1403 2639 tamen
1433 2611 1663 2647 censemus,

105 2672 386 2713 necessariam
416 2686 503 2713 esse
532 2685 801 2725 personae
829 2670 1209 2712 sanctitatem:
1240 2669 1311 2710 sed
1340 2668 1439 2721 quia
1469 2668 1664 2710 Minister

106 2741 187 2784 Dei
239 2743 422 2793 nomine,
475 2757 560 2784 non
612 2757 700 2793 suo,
750 2742 794 2783 in
846 2741 927 2783 hac
969 2740 1337 2783 administratione
1380 2739 1480 2793 agit,
1526 2739 1665 2792 digni-

107 2816 240 2855 tatem
281 2814 348 2856 vel
387 2814 689 2866 indignitatem
730 2813 1037 2864 Ministrorum,
1082 2812 1447 2854 Sacramentorum
1486 2811 1664 2864 integri-

109 2886 191 2926 tati
228 2885 293 2927 vel
334 2885 545 2926 efficaciae
576 2884 735 2937 aliquid
762 2884 829 2926 vel
859 2884 1010 2926 addere
1038 2883 1106 2925 vel
1136 2882 1356 2924 detrahere
1384 2897 1508 2937 posse
1536 2897 1666 2935 nega-

109 2971 222 3007 mus3
266 2958 314 2998 ut
350 2956 458 2998 nihil
497 2956 783 3009 derogabatur
819 2955 1021 3009 dignitati
1058 2955 1177 2997 verbi
1205 2954 1286 2997 Dei
1316 2954 1367 2996 ab
1397 2954 1459 3004 iis,
1489 2955 1578 3006 qui
1610 2969 1668 2996 ex
