1931 3224
279 152 356 193 616
900 149 1143 194 ΒῙΞΡΠΤΑΤῙΟ
1172 151 1217 194 L.

279 289 427 317 manae
456 277 615 316 statum
645 276 773 327 atque
803 274 995 316 ordinem
1023 277 1231 329 spectant,
1262 275 1307 317 in
1335 276 1387 318 iis
1415 277 1501 331 ipsi
1531 277 1583 320 ad
1613 292 1762 333 pacem
1793 294 1841 322 ac
1926 272 1931 290 ³

279 345 634 398 tranquillitatem
663 345 830 387 civilem
860 346 1190 388 conservandam
1220 345 1600 403 obtemperandum
1630 352 1705 391 est.
1926 371 1931 398 ;

333 415 487 458 XXIX.
527 415 684 458 Forma
720 415 1001 470 Magistratus
1040 417 1182 471 posita
1220 421 1283 460 est
1321 417 1365 459 in
1402 418 1599 472 legitima
1626 422 1842 473 potestate

280 488 363 541 ipsi
393 503 416 528 a
444 487 536 530 Deo
568 503 779 540 concessa,
811 489 1041 530 secundum
1072 504 1199 541 quam
1229 489 1417 542 singulas
1447 490 1512 531 sui
1542 490 1671 532 officii
1699 493 1843 544 partes
1926 487 1931 531 ἰ

281 559 537 612 exsequitur.
577 559 695 601 Haec
734 560 845 601 enim
885 560 1024 615 instar
1055 560 1221 602 animae
1257 561 1469 603 functioni
1499 562 1588 614 ejus
1616 561 1749 604 vitam
1778 562 1843 604 in-

281 631 426 685 spirat,
465 633 592 683 atque
632 630 927 673 efficacitatem
966 631 1162 685 largitur,
1203 647 1286 685 qua
1319 632 1527 685 judicium
1558 636 1600 674 et
1629 634 1844 686 justitiam
1924 625 1931 659 ³}

281 703 394 756 apud
424 703 534 745 cives
562 717 660 745 suos
689 706 803 745 recte
834 706 1038 746 exerceat.
1925 697 1931 704 ’

334 774 467 816 XXX.
511 774 560 816 In
604 777 721 816 recta
760 775 911 827 judicii
948 775 1226 828 justitiaeque
1264 775 1646 829 administratione,
1688 777 1844 833 duplici
1922 764 1931 825 ’ἕ

282 861 388 899 opus
419 848 480 887 est
510 845 748 899 prudentia,
778 847 928 898 togata
956 845 1170 898 nimirum,
1201 848 1244 888 et
1271 847 1460 890 militari.
1927 881 1931 900 ς

333 916 491 958 XXXI.
535 915 768 958 Prudentia
809 919 962 971 togata
1005 920 1081 969 est,
1124 933 1207 970 qua
1247 918 1540 972 Magistratus,
1579 920 1693 972 quod
1730 921 1846 974 pacis
1927 910 1931 942 ’ἶ

280 991 474 1042 tempore
518 987 701 1030 maxime
739 988 949 1041 convenit,
989 988 1292 1043 circumspecte
1330 990 1434 1044 agit,
1473 993 1601 1044 atque
1641 992 1693 1033 ad
1732 1006 1846 1034 com·

282 1074 408 1101 mune
438 1060 597 1101 bonum
627 1061 726 1113 apte
756 1058 917 1112 dirigit,
947 1061 996 1101 ut
1024 1075 1108 1113 pax
1140 1062 1182 1102 et
1209 1061 1503 1114 tranquillitas
1530 1062 1575 1104 in
1606 1061 1846 1116 Republica

284 1133 570 1174 conservetur.

338 1202 517 1245 XXXII.
554 1202 789 1245 Prudentia
817 1202 1016 1245 militaris
1045 1206 1120 1256 est,
1151 1219 1235 1256 qua
1264 1203 1543 1258 Magistratus
1572 1204 1742 1247 fortiter
1774 1219 1846 1246 ex-

286 1275 570 1327 cellenterque
607 1274 723 1326 facit,
763 1274 878 1326 quod
914 1274 1015 1316 belli
1054 1277 1248 1328 tempore
1288 1276 1499 1327 convenit,
1529 1275 1580 1317 ad
1609 1276 1848 1318 restitutio·
1924 1283 1931 1329 ζ

285 1362 381 1389 nem
419 1347 564 1389 amissi
601 1347 703 1389 boni
743 1347 990 1398 communis,
1028 1346 1315 1389 defensionem
1343 1347 1596 1401 Religionis,
1625 1347 1848 1402 propulsa-

286 1418 448 1460 tionem
476 1418 659 1471 injustae
686 1418 760 1467 vis,
791 1432 839 1459 ac
867 1417 1206 1460 vendicationem
1235 1417 1461 1460 libertatis.
1926 1448 1931 1470 ·÷

339 1488 536 1531 XXXIII.
576 1488 771 1542 Utraque
808 1488 1036 1542 prudentia
1074 1491 1137 1531 est
1165 1488 1442 1542 Magistratui
1470 1489 1747 1542 neccessaria3
1776 1490 1848 1532 illa
1927 1481 1931 1523 Ᾰ

286 1564 334 1603 ut
375 1577 399 1602 a
444 1561 564 1603 bonis
607 1563 784 1612 ametur,
827 1560 1058 1613 debitoque
1099 1560 1263 1603 honore
1303 1560 1535 1612 afficiatur;
1579 1560 1695 1614 haec,
1738 1564 1786 1603 ut
1824 1576 1849 1603 a
1927 1572 1931 1618 j

285 1633 409 1676 malis
436 1634 664 1675 metuatur.
1927 1654 1931 1680 5

338 1703 535 1746 XXXIV.
575 1703 769 1755 Utraque
809 1703 843 1744 si
872 1701 1152 1756 Magistratus
1180 1703 1236 1744 sit
1265 1703 1492 1756 praeditus,
1524 1703 1750 1758 diligenter
1781 1719 1849 1746 ca·
1928 1700 1931 1739 ’Ϊ

286 1775 430 1818 vebit:
468 1775 502 1817 1.
547 1774 614 1817 Ne
652 1789 809 1829 pravae
847 1774 1131 1816 conscientiae
1170 1773 1354 1826 Jiidices,
1396 1774 1682 1828 Consiliarios,
1720 1775 1849 1818 Prae·
1928 1774 1931 1823 ’ᾖ

285 1850 412 1899 tores,
444 1849 485 1889 et
513 1846 613 1888 belli
643 1846 768 1888 duces
798 1845 880 1887 sibi
909 1845 1099 1898 asciscat,
1131 1846 1202 1888 sed
1231 1849 1448 1900 spectatae
1477 1847 1576 1889 fidei
1605 1850 1647 1889 et
1670 1846 1849 1901 integri·
1926 1845 1931 1873 ³

285 1919 387 1961 tatis
438 1918 659 1961 hominum
703 1917 879 1960 consilio
924 1919 966 1959 et
1010 1932 1138 1971 opera
1181 1920 1338 1960 utatur.
1380 1919 1417 1959 2.
1449 1910 1528 1959 *Ne
1571 1917 1848 1970 delatoribus,

286 1990 577 2044 sycophantiS,
629 1993 670 2032 et
718 1988 1021 2043 perduellibus,
1072 1990 1208 2030 status
1259 1988 1420 2042 publici
1462 1988 1846 2042 perturbatoribus,
1927 1998 1931 2040 j

286 2076 431 2103 aurem
469 2061 684 2114 praebeat,
720 2060 793 2103 sed
831 2075 901 2104 eos
938 2061 1088 2114 procul
1126 2060 1285 2114 abigat.
1324 2061 1361 2102 3.
1391 2060 1470 2112 Ne,
1500 2060 1535 2102 si
1564 2063 1638 2102 aut
1667 2061 1717 2102 de
1748 2060 1847 2102 sub-

286 2134 385 2175 ditis
415 2134 735 2176 contumacibus
763 2148 811 2175 ac
839 2132 1010 2187 perfidis
1040 2147 1198 2187 poenas
1227 2146 1411 2184 sumere,
1429 2135 1502 2174 aut
1527 2132 1726 2175 adversus
1749 2132 1850 2175 hos-
1925 2143 1931 2181 ,ζ

286 2206 350 2246 tes
388 2204 557 2257 iniquos
595 2219 638 2246 se
674 2205 785 2246 tueri
824 2205 988 2256 debeat,
1018 2204 1103 2246 suis
1134 2203 1395 2257 obsequatur
1427 2203 1743 2257 cupiditatibus,
1778 2203 1849 2246 sed
1927 2204 1931 2256 Ῑ

288 2276 379 2318 solo
410 2276 540 2318 officii
568 2277 709 2318 studio
739 2277 929 2318 ducatur.
1924 2269 1931 2321 ,¹

339 2346 516 2389 XXXV.
555 2347 662 2389 Tam
698 2347 908 2399 militaris,
948 2361 1076 2400 quam
1103 2348 1277 2400 togatae
1307 2346 1558 2399 prudentiae
1586 2346 1701 2399 leges
1730 2345 1847 2389 Deus
1928 2376 1931 2400 4

288 2420 437 2474 priscis
475 2419 802 2473 Magistratibus
839 2420 916 2461 sub
956 2419 1052 2461 Vet.
1093 2418 1207 2461 Test.
1236 2418 1523 2473 praescripsit,
1553 2418 1767 2460 interdum
1796 2419 1850 2460 ab
1923 2417 1931 2483 ⁶}

286 2490 339 2533 iis
381 2490 596 2533 consultus
636 2493 678 2532 et
708 2491 1010 2544 interrogatus,
1040 2493 1088 2532 ut
1117 2491 1260 2533 videre
1290 2492 1354 2532 est
1381 2489 1480 2532 Jud.
1512 2490 1547 2542 1,
1579 2490 1615 2531 1.
1646 2492 1687 2531 et
1716 2490 1754 2542 2,
1784 2489 1847 2532 18.
1924 2494 1931 2544 ,ζ

288 2563 351 2604 28.
392 2563 413 2603 1
453 2561 565 2605 Sam.
600 2563 664 2614 23,
702 2563 739 2603 2.
772 2564 813 2604 et
842 2563 906 2614 30,
936 2563 973 2604 8.
1004 2564 1045 2604 et
1074 2563 1098 2603 2
1129 2561 1240 2604 Sam.
1271 2561 1308 2614 5,
1337 2562 1400 2604 19.
1429 2561 1643 2604 interdum
1670 2577 1757 2604 non
1785 2563 1850 2604 in·
1927 2552 1931 2594 ἶ

289 2635 546 2688 tei-rogatus,
576 2636 625 2680 ut
652 2633 811 2686 legitur
838 2631 968 2674 Num.
998 2633 1062 2685 31,
1093 2633 1128 2674 1.
1159 2632 1287 2674 Deut.
1317 2622 1380 2685 13,
1413 2633 1474 2675 12.
1505 2632 1575 2674 Ad
1601 2632 1707 2675 haec
1731 2632 1850 2675 -Deus
1926 2628 1931 2698 'j

289 2705 511 2747 Judicibus
550 2719 598 2746 ac
635 2704 826 2758 Regibus
855 2704 1083 2746 secundum
1111 2704 1226 2758 leges
1255 2704 1390 2759 ipsius
1418 2704 1577 2747 bellum
1605 2705 1850 2758 gerentibus

291 2791 312 2817 e
341 2776 458 2818 coelo
487 2776 718 2828 benedixit,
747 2777 795 2817 ut
824 2776 1020 2830 agnoscit
1047 2775 1140 2818 Rex
1168 2775 1322 2829 David,
1350 2775 1419 2817 Ps.
1451 2776 1513 2829 18,
1542 2776 1606 2818 36.
1631 2777 1673 2817 et
1699 2775 1788 2828 144,
1814 2777 1849 2818 1.
1928 2782 1931 2822 ξ

293 2850 333 2889 et
370 2847 572 2891 Salomon
610 2847 734 2890 Prov.
775 2848 837 2900 12,
877 2848 940 2889 21.
980 2846 1125 2890 Sancti
1166 2861 1336 2900 quoque
1375 2847 1452 2889 sub
1490 2846 1586 2889 Vet.
1624 2845 1737 2888 Test.
1774 2861 1850 2900 per
1926 2843 1931 2899 {J

291 2917 417 2959 fidem
442 2918 486 2959 in
508 2918 646 2960 Deum
670 2933 803 2973 regna
827 2919 1057 2962 debellasse
1081 2918 1289 2971 dicuntur,
1306 2917 1437 2960 Hebr.
1455 2918 1516 2970 11,
1533 2917 1597 2960 33.
1614 2919 1655 2958 et
1671 2917 1850 2971 proinde
1928 2917 1931 2957 ἓ

292 2988 404 3030 bella
442 2990 635 3041 ipsorum
669 2990 762 3032 Deo
793 2990 1057 3043 placuerunt.
1089 2989 1452 3039 Quemadmodum
1482 2988 1592 3030 enim
1623 2988 1736 3041 quod
1763 3002 1849 3030 non
1926 2982 1931 3047 J
