1931 3224
647 180 710 222 DE
740 180 863 223 Boms
894 179 1103 222 OPERIBUS.
1571 184 1649 224 355

144 305 293 347 XLIII.
332 305 432 348 Non
471 307 610 347 minus
648 305 828 348 absurde
865 320 961 357 vox,
998 319 1227 356 merces,
1268 319 1374 357 quae
1404 306 1648 359 saepissime

90 377 135 418 in
172 378 300 419 sacris
329 377 464 419 literis
494 378 716 431 reperitur,
749 377 800 418 ad
829 376 1128 418 stabiliendum
1157 375 1269 417 idem
1297 376 1497 417 meritum
1526 377 1650 419 affer-

90 451 174 500 tur,
217 464 312 490 cum
354 464 572 502 nunquam
610 449 721 490 salus
759 448 1006 499 animarum,
1045 449 1118 488 aut
1156 447 1245 488 vita
1283 449 1455 489 aeterna
1492 448 1650 489 nostris

93 519 292 572 operibus
335 522 556 572 tamquam
597 534 756 561 merces
799 518 954 569 debita,
994 518 1065 560 sed
1103 519 1323 570 tamquam
1364 518 1648 560 remuneratio

89 590 278 631 indebita
322 606 370 632 ac
412 591 601 644 gratuita
636 591 680 631 in
716 590 952 643 Evangelio
990 589 1281 643 promittatur,
1321 589 1501 642 ideoque
1538 604 1651 631 nunc

89 661 184 703 finis
212 661 320 713 fidei,
350 664 398 703 ut
427 663 447 702 1
480 661 571 703 Pet.
604 662 638 713 1,
669 662 706 703 9.
736 676 848 703 nunc
874 661 1031 721 donum
1055 659 1148 712 Dei,
1173 663 1221 702 ut
1244 660 1367 702 Rom.
1392 662 1428 713 6,
1455 661 1517 702 23.
1539 676 1650 703 nunc

91 733 270 785 denique
307 732 559 785 haereditas,
584 733 706 774 nobis
739 748 789 775 ex
818 732 957 786 gratia
968 726 1230 786 ”adoptionis
1260 730 1417 773 Christi
1451 732 1649 773 cohaere-

90 803 212 845 dibus
240 804 285 845 in
315 804 442 845 coelis
471 807 652 855 servata,
684 804 934 857 appelletur,
964 806 1012 844 ut
1041 804 1062 844 1
1094 802 1186 844 Pet.
1218 803 1253 855 1,
1283 803 1320 844 4.

143 874 293 917 XLIV.
323 874 389 916 Ad
420 875 548 917 istam
576 875 961 917 remunerationem
991 874 1132 915 Moses
1162 874 1294 915 oculis
1323 873 1420 916 fidei
1450 875 1648 927 respexit,

91 960 175 998 qua
213 945 371 986 Christi
408 946 532 987 nixus
572 946 731 1000 probro
767 945 1020 999 expiatorio,
1050 945 1279 986 secundum
1309 945 1541 998 gratuitam
1571 945 1651 986 Dei

90 1017 416 1071 promissionem
439 1017 686 1059 Abrahamo
713 1017 947 1069 seminique
971 1017 1105 1070 ipsius
1120 1016 1288 1069 factam,
1306 1017 1486 1069 majores
1503 1016 1651 1070 probri

88 1089 203 1130 illius
255 1089 486 1131 arbitratus
538 1091 601 1130 est
652 1088 834 1140 divitias,
888 1103 1012 1140 quam
1056 1087 1372 1141 Aegyptiorum
1414 1088 1650 1140 thesauros,

89 1159 221 1201 Hebr.
254 1160 314 1201 11.
346 1160 409 1201 26.

142 1230 271 1273 XLV.
311 1229 361 1272 In
397 1231 572 1272 eandem
600 1230 985 1272 remunerationem
1012 1230 1136 1272 nobis
1165 1230 1209 1271 in
1237 1230 1320 1272 1100
1350 1231 1517 1273 deserto
1544 1231 1651 1273 sale-

87 1302 216 1344 broso
256 1303 629 1356 peregrinantibus
668 1302 769 1344 licet
807 1302 976 1354 intueri,
1007 1302 1133 1344 modo
1164 1317 1268 1354 eam,
1298 1317 1384 1344 non
1412 1305 1459 1344 ut
1489 1303 1651 1356 stipen-

89 1374 218 1426 dium,
247 1374 603 1416 mercenariorum
633 1388 762 1426 more,
794 1374 866 1415 sed
894 1376 942 1414 ut
970 1373 1277 1416 haereditatem
1305 1374 1429 1416 nobis
1459 1375 1650 1427 gratuito

90 1445 402 1499 assignandam,
432 1445 556 1487 sicuti
585 1460 727 1487 servos
759 1445 878 1486 decet
907 1459 985 1498 pro
1016 1444 1114 1486 filiis
1146 1445 1385 1498 adoptatos,
1417 1461 1440 1486 a
1465 1445 1650 1487 Domino

90 1531 138 1558 ac
177 1516 304 1558 Patre
331 1519 478 1558 nostro
510 1517 683 1559 coelesti
713 1519 1016 1570 exspectemus,
1049 1516 1246 1569 dulcique
1274 1516 1400 1569 hujus
1431 1519 1650 1570 exspecta-

88 1587 218 1630 tionis
248 1588 402 1630 solatio
432 1602 654 1629 aerumnas
683 1588 795 1628 vitae
825 1587 1060 1640 praesentis
1091 1587 1312 1628 diluamus.

142 1658 293 1701 XLVI.
323 1659 483 1701 Eadem
513 1659 682 1712 quidem
710 1658 995 1700 remuneratio
1023 1658 1146 1700 nobis
1173 1658 1225 1700 ab
1255 1658 1481 1712 Apostolo,
1509 1660 1530 1700 1
1557 1658 1649 1700 Cor.

88 1731 124 1783 9,
149 1731 213 1772 24.
237 1733 285 1772 ut
308 1732 352 1774 τὸ
371 1731 576 1784 βραβεῖον,
598 1745 671 1772 seu
694 1730 931 1783 praemium
955 1744 1136 1771 coronae
1160 1730 1429 1785 incorruptae
1445 1731 1650 1784 proponi-

87 1805 170 1855 tur,
209 1805 256 1844 ut
287 1803 376 1855 ejus
406 1802 515 1843 moti
545 1801 905 1855 contemplatione
935 1801 1120 1842 stadium
1148 1804 1342 1843 nostrum
1371 1801 1550 1843 alacrius
1580 1801 1650 1843 de-

90 1889 317 1927 curramus,
360 1874 431 1916 sed
475 1873 597 1926 quale
640 1873 695 1914 sit
735 1873 841 1915 illud
889 1873 1093 1925 βρκβεῖον,
1129 1873 1316 1914 ostendit
1360 1873 1465 1915 Phil.
1505 1874 1544 1925 3,
1587 1873 1648 1914 14.

89 1960 295 2000 supernae
321 1945 482 1987 scilicet
509 1944 744 1986 vocationis
773 1943 866 1995 Dei,
896 1944 1006 1986 vires
1035 1944 1160 1986 nobis
1192 1945 1237 1985 in
1268 1944 1438 1986 Christo
1467 1945 1570 1987 Jesu
1599 1945 1651 1986 ad

90 2032 260 2059 cursum
301 2018 496 2058 nostrum
545 2015 714 2057 fortiter
764 2030 812 2057 ac
863 2017 1106 2057 constanter
1157 2016 1447 2069 peragendum
1495 2030 1651 2069 suppe-

90 2088 277 2130 ditantis.
317 2087 433 2136 Quae
470 2086 553 2130 Dei
584 2087 752 2138 vocatio
796 2102 891 2128 cum
929 2087 984 2128 sit
1023 2087 1222 2140 gratuita,
1256 2088 1451 2129 effectum
1482 2101 1650 2140 quoque

89 2173 137 2201 ac
177 2174 350 2214 scopum
384 2147 510 2206 illius,
539 2158 741 2200 nimirum
769 2158 1006 2212 praemium
1037 2173 1218 2201 coronae
1247 2161 1457 2210 aeternae,
1487 2158 1651 2213 gratui-

88 2233 181 2273 tum
210 2246 299 2273 esse
330 2232 513 2284 oportet.

141 2301 313 2344 XLVII.
350 2301 390 2342 N
396 2316 441 2343 ec
480 2300 636 2353 obstat,
668 2301 781 2354 quod
807 2301 920 2343 idem
948 2301 1185 2355 Apostolus
1215 2316 1415 2344 coronam
1442 2301 1559 2343 illam
1586 2302 1651 2342 111-

91 2376 338 2427 corruptam
384 2372 530 2415 definit
578 2387 778 2415 coronam
815 2373 1009 2426 justitiae
1052 2373 1133 2415 sibi
1169 2374 1213 2414 in
1252 2374 1381 2415 coelis
1417 2373 1651 2427 repositam

91 2447 219 2498 atque
248 2460 272 2486 a
303 2444 473 2486 Christo
501 2445 615 2497 justo
646 2444 796 2486 Judice
824 2444 999 2486 illustris
1029 2445 1234 2487 adventus
1264 2446 1352 2498 ejus
1382 2446 1448 2487 die
1477 2444 1651 2486 redden—

92 2516 200 2568 dam,
240 2517 265 2556 2
294 2515 402 2557 Tim.
430 2516 468 2567 4,
499 2515 535 2556 8.
564 2514 665 2557 Non
695 2515 806 2557 enim
830 2529 1031 2557 coronam
1060 2515 1178 2557 illam
1208 2516 1435 2557 secundum
1467 2515 1651 2568 ridigam

91 2601 266 2642 operum
300 2586 642 2627 aestimationem
669 2585 750 2627 sibi
779 2601 803 2627 a
831 2585 1000 2627 Christo
1030 2586 1286 2628 reddendam
1315 2601 1405 2627 esse
1434 2585 1650 2639 intelligit,

91 2658 320 2700 secundum
350 2672 477 2712 quam
507 2672 550 2699 se
576 2657 856 2710 justificatum
885 2672 974 2699 esse
1001 2660 1223 2711 pernegat,
1250 2658 1271 2699 1
1298 2656 1392 2698 Cor.
1416 2658 1454 2708 4,
1477 2657 1514 2698 4.
1541 2659 1650 2698 tam-

92 2730 172 2772 etsi
217 2729 371 2771 nullius
419 2728 576 2782 fiagitii
615 2728 696 2770 sibi
731 2731 840 2770 esset
877 2729 1090 2779 conscius;
1130 2728 1202 2771 sed
1239 2729 1466 2770 secundum
1507 2728 1650 2770 analo-

92 2802 233 2856 gicam
272 2797 469 2843 veritatis
505 2800 699 2854 regulam
738 2801 937 2853 qualitati
976 2801 1115 2856 operis
1154 2801 1393 2853 cujuslibet,
1432 2801 1535 2843 boni
1578 2802 1650 2842 aut

91 2872 206 2925 mali,
245 2873 659 2926 correspondentem,
697 2873 810 2926 quod
849 2873 942 2914 aliis
979 2874 1023 2914 in
1061 2873 1164 2914 locis
1201 2872 1414 2926 parallelis
1452 2873 1651 2915 distincte

93 2946 222 2996 atque
253 2943 526 2996 ἀντιθετικῶς,
557 2959 629 2985 seu
659 2959 709 2985 ex
740 2943 965 2997 oppositis,
996 2944 1245 2998 explicatur,
1271 2947 1318 2985 ut
1342 2943 1464 2986 Rom.
1489 2947 1526 2996 2,
1551 2945 1587 2986 7.
1613 2945 1649 2986 8.

93 3013 301 3057 Reddet
337 3014 480 3057 Deus
518 3015 817 3068 unicuique
847 3015 1138 3057 secundum
1169 3030 1333 3068 opera
1361 3016 1548 3068 ipsius.
1578 3015 1651 3056 Iis
