1931 3224
664 308 1141 358 DISPUTATIO
1186 307 1340 355 XXX.

981 432 1027 455 DE

366 511 731 578 Hominum
779 509 1138 576 Vocatione
1188 509 1272 574 ad
1323 507 1629 575 Salutem.

511 636 708 678 Praeside
743 635 795 676 D.
824 632 1105 676 JOHANNE
1135 631 1504 675 POLYANDRO.

557 727 833 776 Respondente
862 724 1097 765 HENRICO
1130 723 1444 763 GELDORPIO.

875 830 1070 872 Tnnsrs
1108 828 1141 871 I.

375 937 572 965 LEGTIONIS
607 921 659 962 ad
689 920 883 972 salutem,
914 919 964 962 de
994 934 1078 972 qua
1110 933 1238 972 supra
1267 920 1409 960 actum
1436 917 1531 970 fuit,
1562 916 1790 970 exsecutio,

265 930 501 1036 Ecertis
542 995 709 1035 constat
748 991 950 1045 gradibus
989 1005 1037 1032 ac
1076 989 1238 1041 mediis,
1275 1004 1351 1044 per
1390 1003 1498 1042 quae
1537 987 1654 1030 Deus
1692 1002 1791 1030 suos

225 1066 378 1107 electos
417 1064 556 1118 gratia
597 1078 672 1105 sua
711 1062 887 1104 salutari
916 1062 960 1103 in
988 1061 1071 1104 hoc
1100 1061 1255 1114 seculo,
1286 1075 1335 1102 ac
1364 1060 1503 1114 gloria
1532 1075 1607 1102 sua
1636 1059 1791 1113 sempi-

225 1140 357 1188 terna,
386 1136 430 1177 in
460 1135 592 1176 altero
623 1135 748 1176 beare
779 1133 1012 1175 constituit.

279 1207 334 1249 ΙΙ.
373 1206 490 1248 Haec
526 1205 722 1259 specialis
759 1204 981 1247 hominum
1020 1204 1072 1245 ad
1103 1203 1437 1257 Redemptorem
1469 1202 1617 1244 mundi
1644 1201 1793 1244 Jesum

227 1279 443 1321 Christum
479 1277 676 1328 Vocatio,
715 1276 768 1318 ab
806 1275 1035 1318 universali
1072 1276 1263 1330 ipsorum
1300 1274 1352 1316 ad
1382 1273 1521 1316 Deum
1549 1273 1793 1315 Creatorem

227 1367 348 1393 suum
376 1349 612 1401 vocatione,
642 1348 941 1401 distinguenda
969 1349 1045 1389 est.

281 1422 356 1464 III.
399 1421 662 1464 Universalis
698 1419 866 1462 vocatio
907 1421 983 1471 est,
1023 1434 1107 1471 qua
1145 1433 1289 1461 omnes
1327 1433 1375 1459 ac
1413 1417 1571 1470 singuli
1599 1417 1794 1459 homines

228 1509 304 1548 per
346 1492 585 1535 communia
619 1493 796 1532 naturae
835 1490 1088 1532 documenta
1125 1490 1178 1531 ad
1216 1489 1353 1531 Deum
1394 1488 1639 1531 Creatorem
1673 1502 1795 1530 suum

227 1564 567 1620 cognoscendum
589 1578 638 1604 ac
667 1562 888 1604 colendum
917 1561 1166 1613 invitantur,
1196 1560 1291 1602 Act.
1322 1560 1385 1611 17,
1415 1560 1480 1601 27.
1509 1559 1634 1601 Rom.
1665 1560 1701 1611 1,
1730 1560 1794 1602 20.

229 1638 344 1687 Quae
373 1637 599 1690 propterea
628 1633 796 1676 vocatio
825 1631 1029 1675 naturalis
1056 1631 1293 1685 nuncupari
1320 1633 1478 1685 potest.

280 1707 355 1749 IV.
394 1705 642 1748 Communia
677 1705 753 1746 illa
789 1706 967 1745 naturae
1003 1704 1268 1753 documenta,
1299 1705 1396 1744 sunt
1426 1703 1586 1756 partim
1613 1703 1794 1755 interna,

227 1781 356 1832 atque
399 1777 589 1819 omnium
631 1776 854 1817 hominum
897 1774 1095 1817 cordibus
1140 1774 1357 1827 inscripta,
1402 1774 1561 1827 partim
1605 1776 1792 1826 externa,

227 1851 437 1903 rebusque
480 1864 503 1890 a
545 1848 637 1890 Deo
683 1847 835 1890 creatis
877 1846 1113 1900 insculpta3
1159 1860 1340 1898 quorum
1378 1844 1451 1886 illa
1491 1845 1629 1899 Legis,
1669 1845 1792 1887 Rom.

230 1923 266 1974 2,
298 1922 360 1963 14.
398 1921 504 1962 haec
534 1934 778 1962 sermonum
806 1918 989 1972 gloriam
1017 1917 1099 1959 Dei
1127 1916 1477 1959 annunciantium
1504 1916 1631 1959 titulo
1659 1917 1793 1971 insig-

232 1992 419 2044 niuntur,
448 1991 516 2033 Ps.
548 1991 610 2043 19,
641 1990 678 2032 5.

280 2063 332 2105 V.
362 2062 544 2104 Vocatio
574 2061 768 2116 specialis
799 2063 874 2113 est⁷
903 2075 985 2114 qua
1009 2059 1125 2102 Deus
1154 2059 1320 2113 aliquos
1345 2075 1394 2101 ex
1419 2060 1615 2102 universo
1639 2074 1793 2113 genere

226 2135 413 2176 humano
461 2134 513 2175 ad
556 2132 924 2187 supernaturalem
968 2130 1071 2173 Jesu
1114 2131 1274 2173 Christi
1316 2131 1616 2185 Redemptoris
1657 2132 1794 2174 nostri

229 2206 517 2259 cognitionem
554 2219 602 2245 ac
640 2204 867 2245 salutarem
908 2202 1210 2244 beneficiorum
1247 2202 1381 2256 ipsius
1404 2202 1794 2256 participationem

228 2293 303 2332 per
344 2275 628 2318 ministerium
670 2274 895 2328 Evangelii
939 2289 987 2316 ac
1028 2273 1116 2316 vim
1157 2273 1343 2327 Spiritus
1385 2273 1531 2316 Sancti
1574 2289 1624 2316 ex
1666 2274 1793 2327 hujus

193 2399 194 2402 Ἴ
230 2348 378 2390 mundi
417 2346 751 2400 inquinamentis
802 2347 970 2395 evocat3
1013 2345 1192 2398 ideoque
1241 2345 1407 2387 vocatio
1460 2345 1794 2399 supernaturalis

229 2424 357 2474 atque
386 2419 646 2473 Evangelica
675 2417 884 2472 appellari
911 2419 1066 2472 potest.

281 2491 356 2533 VI.
394 2490 541 2532 Priore
581 2489 804 2531 vocatione
843 2488 924 2531 Dei
963 2488 1153 2542 cognitio
1191 2487 1335 2542 potius
1377 2487 1625 2540 theoretica,
1666 2502 1793 2541 quam

227 2563 435 2618 practica;
474 2561 723 2616 posteriore,
765 2560 955 2614 cognitio
997 2560 1079 2602 Dei
1121 2562 1209 2601 tam
1248 2560 1438 2613 practica
1467 2574 1593 2613 quam
1622 2559 1793 2601 theore-

228 2636 327 2687 tica,
367 2637 495 2688 atque
534 2634 638 2676 adeo
671 2633 774 2675 fides
799 2632 1038 2686 justificans
1069 2632 1335 2686 quorundam
1354 2634 1612 2674 vocatorum
1641 2630 1793 2673 animis

229 2708 515 2760 ingeneratur.
580 2750 583 2751 ⁷
1312 2705 1315 2708 '

283 2777 379 2819 VH.
408 2777 521 2819 Hinc
546 2777 757 2832 sapientes
781 2775 906 2829 hujus
930 2775 1060 2817 seculi
1085 2775 1340 2817 adminiculo
1364 2774 1519 2830 prioris
1543 2773 1793 2817 Vocationis

233 2849 285 2891 ad
314 2848 452 2891 Deum
482 2850 604 2903 quasi
633 2848 849 2903 palpando
873 2847 1173 2890 inveniendum
1197 2846 1380 2898 invitati,
1404 2846 1629 2888 veritatem
1651 2847 1794 2888 mente

233 2922 483 2973 conceptam
508 2920 645 2962 cordis
674 2920 738 2961 sui
763 2919 1002 2973 pervicacia
1025 2918 1070 2960 in
1093 2917 1302 2971 injustitia
1318 2918 1521 2969 detinent,
1536 2916 1659 2959 Rom.
1677 2916 1713 2969 1,
1730 2917 1793 2959 19.

233 2989 335 3031 Filii
372 3005 470 3032 vero
508 2990 612 3033 lucis
650 2990 881 3043 posteriori
919 2989 1133 3032 vocationi
1171 2989 1514 3042 obtemperantes
1554 2987 1606 3029 ad
1635 2989 1794 3029 sortem
