1931 3224
265 162 344 204 436
866 160 1109 201 DISPUTATIO
1138 158 1224 205 XL.

266 288 330 338 23,
361 288 423 328 12.
448 285 699 327 Paradisum
723 286 866 325 autem
890 297 979 325 esse
1002 284 1179 325 tertium
1204 282 1380 335 coelum,
1406 281 1556 324 asserit
1579 280 1829 335 Apostolus,

268 359 292 398 2
323 356 415 399 Cor.
449 357 511 408 12,
541 357 577 397 2.
606 356 644 397 4.

319 427 435 469 XVI.
475 426 541 469 Ex
570 426 723 479 quibus
752 429 946 480 apparet,
978 426 1129 468 Patres
1158 440 1245 468 non
1275 425 1413 467 minus
1443 428 1541 467 ante
1571 425 1729 467 Christi
1757 425 1831 468 ad-

267 501 440 541 ventum
478 498 522 538 in
561 497 688 539 coelis
725 498 884 540 virtute
913 497 1073 539 Christi
1102 497 1271 539 venturi
1301 497 1600 551 triumphasse,
1632 511 1760 549 quam
1787 496 1832 537 in

266 569 392 612 Novo
430 570 706 612 Testamento
740 570 831 622 jam
862 571 1044 622 regnant
1074 569 1232 610 virtute
1262 567 1421 610 Christi
1450 568 1565 621 passi
1595 570 1637 610 et
1663 568 1709 609 in
1738 581 1832 609 coe-

266 641 356 683 lum
384 641 559 695 recepti.

320 711 457 754 XVII.
493 711 585 754 Iino
623 727 723 754 vero
764 712 990 754 asserimus
1034 727 1084 754 ex
1122 711 1356 765 Scriptura,
1385 713 1479 767 pios
1505 712 1726 754 defunctos
1755 712 1832 755 sub

266 786 449 837 utroque
488 783 764 826 Testamento
801 799 888 826 11011
926 786 1100 826 tantum
1137 785 1294 838 gaudio
1337 784 1479 837 aliquo
1511 784 1684 826 coelesti
1714 786 1834 826 extra

268 854 350 897 Dei
388 857 662 909 conspectum
699 854 796 906 frui,
835 857 883 896 ut
924 855 1097 908 quidam
1134 856 1215 897 viri
1254 856 1401 909 magni
1440 857 1658 909 putarunt,
1689 855 1763 896 sed
1790 855 1834 895 in

267 927 361 981 ipso
400 926 480 968 Dei
511 929 740 980 conspectu
770 941 869 968 vera
899 929 941 968 et
970 927 1106 968 solida
1135 927 1400 968 beatitudine
1430 926 1610 980 perfrui3
1642 926 1721 968 etsi
1748 941 1835 968 non

268 1012 485 1051 negemus,
525 999 629 1050 quin
662 998 816 1050 aliquis
845 998 1063 1040 felicitatis
1093 998 1248 1052 gradus
1277 998 1329 1040 iis
1359 999 1411 1039 ad
1443 1000 1679 1040 extremum
1710 997 1831 1050 diem,

271 1070 440 1121 quando
471 1084 566 1111 011111
595 1069 846 1123 corporibus
877 1070 962 1111 suis
994 1070 1319 1123 conjungentur,
1348 1072 1596 1112 reservetur.

324 1140 484 1182 XVIII.
513 1140 562 1182 Id
591 1141 884 1182 demonstrant
913 1141 1089 1194 plurimi
1119 1140 1363 1194 Scripturae
1387 1141 1482 1193 loci,
1507 1156 1607 1182 nam
1633 1143 1675 1182 et
1698 1139 1837 1182 David

270 1228 414 1255 veram
443 1227 590 1254 eorum
617 1212 891 1254 beatudinem
918 1213 962 1253 in
991 1212 1072 1253 Dei
1104 1215 1335 1266 conspectu
1365 1213 1558 1264 collocat,
1588 1212 1657 1254 Ps.
1686 1213 1748 1264 16,
1774 1212 1836 1253 23.

273 1287 315 1327 et
343 1285 406 1326 84.
435 1285 493 1326 Et
523 1283 682 1328 Paulus
712 1286 836 1337 optat
867 1284 1040 1326 dissolvi
1068 1287 1109 1326 et
1135 1300 1224 1326 esse
1251 1300 1345 1326 cum
1370 1284 1551 1334 Christo,
1576 1283 1685 1325 Phil.
1713 1284 1747 1335 1,
1773 1284 1836 1325 23.

274 1359 315 1398 et
352 1357 376 1397 2
415 1355 508 1398 Cor.
547 1357 584 1407 5,
624 1356 660 1396 8.
700 1354 825 1397 Ideo
865 1356 1158 1408 probamus
1196 1356 1385 1409 potius
1417 1356 1647 1408 migrari
1677 1370 1698 1396 e
1729 1369 1837 1396 001·-

272 1442 427 1481 pore,
467 1429 517 1468 et
555 1427 633 1477 ire
672 1427 732 1467 ad
771 1426 1064 1469 Dominum
1093 1428 1419 1469 habitatum.
1449 1427 1667 1468 Christum
1696 1429 1838 1468 autem

273 1513 362 1540 esse
414 1499 526 1553 apud
576 1498 748 1540 Patrem
791 1501 832 1540 et
874 1499 918 1539 in
960 1499 1118 1541 throno
1163 1498 1316 1550 Patris,
1359 1501 1544 1540 testatur
1588 1498 1836 1551 Apostolus,

272 1570 407 1623 Apoc.
446 1570 483 1620 3,
522 1570 585 1611 21.
624 1569 723 1612 Joh.
762 1570 825 1621 17,
864 1570 900 1610 5.
940 1569 1072 1612 Hebr.
1113 1571 1148 1622 9,
1179 1571 1242 1612 24.
1272 1570 1397 1613 Unde
1429 1573 1470 1612 et
1499 1571 1544 1611 in
1574 1569 1839 1622 Apocalypsi

273 1640 434 1694 passim
472 1640 618 1683 Sancti
656 1640 845 1682 defuncti
872 1656 957 1683 una
988 1657 1083 1683 cum
1111 1641 1292 1695 Angelis
1323 1644 1421 1684 ante
1451 1641 1654 1683 thronum
1684 1639 1765 1682 Dei
1796 1641 1837 1681 et

273 1712 388 1765 Agni
428 1713 758 1764 constituuntur,
796 1714 844 1753 ut
883 1713 921 1754 ei
959 1715 1188 1766 perpetuas
1217 1713 1363 1754 laudes
1393 1715 1435 1754 et
1464 1713 1701 1766 gratiarum
1729 1711 1834 1752 acti-

275 1799 375 1826 ones
405 1783 610 1834 accinant,
642 1783 750 1824 sicut
779 1783 921 1825 videre
951 1787 1013 1825 est
1043 1783 1178 1836 Apoc.
1207 1784 1244 1835 4,
1276 1784 1313 1825 8.
1344 1786 1386 1825 et
1415 1784 1452 1833 5,
1482 1784 1518 1825 8.
1549 1785 1590 1824 et
1620 1784 1656 1834 7,
1685 1783 1723 1824 9.

327 1854 441 1896 XIX.
472 1853 511 1896 N
517 1870 563 1896 ec
591 1857 736 1895 tamen
764 1854 861 1896 inde
890 1854 1093 1907 sequitur,
1124 1855 1235 1896 hanc
1260 1857 1429 1908 partem
1453 1854 1668 1896 Ecclesiae
1692 1853 1843 1894 trium-

274 1926 449 1979 phantis
492 1941 540 1967 ea
581 1927 748 1967 ratione
790 1926 1050 1979 praefectam
1090 1941 1179 1968 esse
1218 1926 1421 1967 militanti
1459 1926 1504 1966 in
1540 1925 1678 1976 terris,
1720 1923 1845 1966 sicuti

276 1997 491 2038 Pontificii
515 1997 741 2045 somniant,
769 1998 841 2050 qui
868 2013 938 2040 eos
963 1997 1138 2051 Regnis,
1165 1997 1415 2049 Provinciis,
1440 1997 1616 2038 urbibus
1642 1998 1683 2038 et
1707 1996 1841 2050 pagiS,

275 2068 361 2110 imo
404 2069 577 2119 morbis,
620 2069 797 2120 artibus,
835 2068 932 2121 paci
971 2071 1013 2110 et
1050 2068 1173 2121 bello,
1214 2071 1434 2121 tamquam
1471 2068 1604 2110 Divos
1642 2067 1845 2109 tutelares

275 2139 540 2193 praeficiunt.
581 2139 675 2181 Etsi
715 2140 827 2181 enim
867 2139 908 2181 S.
948 2139 1168 2193 Scriptura
1206 2139 1493 2181 ministerium
1527 2138 1700 2191 aliquod
1731 2152 1846 2179 com-

277 2227 404 2253 mune
431 2212 476 2253 in
503 2211 571 2252 his
600 2211 726 2253 rebus
756 2211 935 2264 Angelis
965 2211 1167 2265 assignet,
1198 2212 1247 2253 de
1278 2211 1446 2253 Sanctis
1469 2213 1614 2252 tamen
1639 2209 1846 2252 defunctis

276 2283 472 2325 universe
508 2284 704 2335 testatur,
741 2283 855 2335 quod
884 2282 1279 2336 ingrediuntur
1309 2297 1496 2336 pacem
1526 2284 1577 2323 et
1606 2280 1848 2334 requies-

279 2357 405 2397 cunt
445 2369 469 2395 a
501 2353 793 2395 laboribus
823 2354 955 2405 suiS,
987 2354 1083 2395 Esa.
1114 2355 1176 2406 57,
1207 2355 1242 2396 6.
1273 2353 1408 2408 Apoc.
1441 2354 1502 2405 14,
1534 2354 1596 2395 13.
1628 2355 1678 2394 et
1708 2350 1850 2404 quod

278 2440 382 2467 non
419 2425 722 2466 ascendunt
760 2440 931 2477 neque
968 2427 1330 2467 revertuntur
1368 2425 1515 2466 ultra
1550 2425 1605 2465 in
1643 2423 1850 2464 domum

279 2511 442 2548 suam,
494 2511 668 2548 neque
721 2499 984 2549 agnoscet
1037 2512 1124 2539 eos
1175 2497 1409 2550 amplius
1454 2496 1606 2537 locus
1649 2509 1848 2545 eorum,

279 2568 408 2610 Hiob.
452 2568 488 2619 7,
527 2568 563 2609 9.
602 2568 704 2609 imo
745 2568 788 2609 si
826 2571 1126 2621 augescant
1167 2568 1355 2620 liberi,
1394 2568 1445 2610 id
1483 2568 1766 2620 ignorant,
1807 2565 1851 2606 si

279 2641 610 2690 minuantur,
649 2654 756 2681 11011
794 2640 1115 2690 attendunt,
1152 2639 1281 2681 Hiob.
1320 2639 1383 2690 14,
1423 2639 1486 2680 22.
1525 2637 1634 2679 Item
1666 2652 1762 2679 nos
1791 2635 1851 2677 ad

279 2713 411 2754 illos
448 2712 605 2762 imus,
645 2711 735 2752 sed
771 2710 864 2752 illi
903 2712 965 2752 ad
1003 2726 1099 2753 nos
1138 2725 1242 2752 non
1280 2711 1651 2761 revertuntur,
1686 2710 1710 2750 2
1739 2707 1850 2750 Sam.

281 2784 343 2835 12,
381 2783 445 2824 23.
482 2785 533 2824 et
566 2796 670 2823 non
700 2781 890 2823 vident
917 2784 1095 2824 totum
1123 2782 1267 2823 illud
1296 2781 1513 2833 malurn,
1544 2779 1683 2833 quod
1712 2778 1851 2820 Deus

283 2854 497 2896 inducit
526 2854 579 2894 in
608 2853 893 2906 populum,
923 2854 948 2893 2
979 2852 1083 2907 Reg.
1114 2854 1178 2905 22,
1208 2854 1271 2895 20.

336 2923 430 2966 XX.
467 2924 525 2966 Et
561 2939 659 2966 vero
700 2939 796 2967 cum
832 2927 986 2967 natura
1023 2926 1215 2978 ipsorum
1253 2927 1430 2979 pugnat,
1460 2926 1508 2966 ut
1538 2925 1623 2966 sint
1652 2923 1777 2966 simul
1805 2937 1853 2965 ac

284 2998 431 3037 curent
483 2994 657 3037 diversis
709 3011 759 3037 ac
801 2995 960 3037 dissitis
1003 2996 1047 3038 111
1090 2996 1217 3046 locis;
1260 2995 1386 3038 sicuti
1431 2995 1609 3037 eundem
1652 2994 1854 3037 Sanctum
