1931 3224
258 139 335 179 226
825 133 1064 175 DISPUTAT10
1092 130 1250 174 XXIV.

258 264 360 312 tum,
400 259 524 300 simul
557 259 609 300 ab
639 261 811 299 aeterno
836 257 1006 298 fuerunt
1035 255 1287 310 praesentia,
1316 255 1378 297 ita
1408 269 1576 309 quoque
1606 256 1817 310 sapientia

259 341 299 372 et
328 331 522 372 voluntas
552 329 692 371 divina
720 329 847 370 finem
878 328 990 370 hunc
1020 330 1061 369 et
1089 327 1242 379 media,
1271 327 1585 369 misericordiae
1616 342 1664 369 ac
1688 328 1816 381 justi-

256 403 341 443 tiae
371 417 467 443 suae
498 399 905 451 convenientissima,
936 398 980 440 in
1009 399 1155 440 eadem
1183 398 1450 451 aeternitate,
1481 399 1570 440 sine
1597 398 1685 441 ulla
1713 399 1816 442 deli-

255 473 473 515 beratione
504 475 576 514 aut
602 470 925 521 consultatione,
956 469 1081 511 simul
1110 469 1264 523 selegit
1294 471 1422 522 atque
1452 470 1676 512 ordinavit.

308 543 420 585 XXI.
464 542 509 584 M
520 546 570 585 at
583 558 603 584 e
615 543 658 584 ri
672 558 694 584 a
738 556 789 583 ex
831 556 914 594 qua
951 540 1067 583 Deus
1107 541 1313 594 quosdam
1349 542 1538 595 gratiose
1576 541 1717 596 elegit.
1753 544 1815 584 est

257 629 422 668 genus
464 614 748 655 humanum
790 627 811 653 e
853 612 1131 665 primaeva
1166 612 1503 666 integritate
1541 613 1593 654 in
1631 627 1816 667 pecca-

254 690 362 728 tum
413 700 504 727 0110
547 685 704 737 culpa
745 683 1085 737 prolapsum,
1131 698 1180 725 ac
1220 684 1398 737 proinde
1441 686 1492 726 et
1534 699 1713 726 coram
1756 699 1814 727 eo

257 773 277 799 c
289 773 312 799 0
324 773 351 798 11
362 758 387 799 (1
399 773 419 799 0
430 772 510 798 mn
522 757 634 798 atio
645 755 728 797 nis
764 771 785 796 r
797 770 817 797 e
828 770 856 796 u
866 770 920 796 111.
951 754 1065 797 Νο111
1096 755 1211 798 Deus
1238 770 1326 798 non
1354 754 1542 797 instituit
1571 755 1681 797 hanc
1709 755 1816 798 elec-

255 830 415 871 tionem
440 844 489 870 ex
516 827 598 869 alio
626 827 847 869 hominum
872 841 1038 880 genere,
1065 841 1193 879 quam
1219 827 1342 880 quale
1369 828 1460 868 erat
1475 827 1815 880 propagandum.

254 899 281 940 J
285 915 351 941 am
397 914 495 941 vero
547 898 766 952 Scriptura
810 900 994 939 testatur
1036 900 1090 940 to
1102 900 1120 939 t
1132 913 1159 939 11
1171 914 1214 940 111
1255 914 1298 940 111
1308 914 1336 940 11
1347 914 1375 940 11
1386 898 1412 940 d
1422 914 1503 940 um
1535 899 1552 952 j
1566 914 1589 940 a
1602 913 1623 941 c
1634 914 1655 941 0
1666 914 1687 940 r
1698 914 1720 941 e
1761 899 1816 941 in

252 971 412 1021 malo,
456 971 476 1011 1
508 970 606 1012 Joh.
649 971 686 1021 5,
731 970 794 1012 19.
837 970 941 1011 item
982 969 1220 1012 <Iudaeos
1265 972 1315 1012 et
1359 969 1591 1013 Graecos
1635 985 1815 1013 omnes

254 1057 367 1083 esse
405 1042 498 1083 sub
535 1043 784 1094 peccato,
824 1056 879 1083 ac
912 1056 1015 1083 non
1045 1056 1161 1084 esse
1186 1043 1396 1095 justum
1429 1057 1490 1083 ne
1519 1057 1677 1084 unum
1705 1041 1828 1095 qui-·

255 1113 386 1165 (lem,
426 1112 547 1154 Rom.
586 1113 624 1164 3,
662 1113 698 1154 9.
738 1114 779 1153 et
809 1113 871 1154 19.
903 1127 1051 1154 omne
1082 1127 1105 1154 ο
1119 1128 1137 1155 0
1168 1128 1283 1155 0000
1315 1113 1631 1155 obturatum
1662 1115 1713 1155 et
1741 1115 1816 1155 to-

255 1189 311 1227 tu
321 1201 363 1226 m
397 1200 439 1225 m
450 1200 476 1226 11
488 1200 515 1225 11
528 1184 553 1225 (1
564 1200 591 1226 11
602 1199 644 1225 m
678 1199 699 1225 e
711 1199 728 1225 s
743 1199 760 1225 s
774 1199 794 1226 e
824 1184 1002 1227 ὑπόδικον
1039 1186 1092 1238 τῷ
1126 1185 1223 1238 Θεῷ,
1257 1185 1423 1227 divinae
1467 1201 1488 1228 c
1498 1186 1593 1228 ond
1603 1185 1816 1227 emnati-

254 1257 342 1298 0111
381 1256 480 1298 obn
492 1270 515 1297 0
527 1270 553 1296 x
566 1256 618 1297 iu
629 1271 692 1306 111;
726 1256 837 1298 unde
866 1257 1081 1298 evidenter
1110 1257 1395 1310 consequitur,
1426 1272 1477 1299 ex
1502 1257 1650 1299 eodem
1676 1257 1816 1299 homi-

253 1343 355 1369 num
384 1342 536 1380 genere
565 1327 703 1369 Deum
733 1342 831 1370 suos
862 1328 914 1369 ab
945 1330 1118 1370 aeterno
1150 1328 1308 1382 eligere
1338 1330 1548 1371 statuisse.

306 1397 441 1440 XXII.
468 1398 774 1440 Demonstrant
798 1398 904 1441 illud
929 1399 1058 1441 etiam
1083 1415 1228 1442 omnes
1251 1400 1339 1442 fere
1364 1400 1446 1442 loci
1470 1400 1544 1453 qui
1568 1400 1617 1442 de
1643 1402 1816 1442 aeterna

252 1469 331 1510 hac
370 1470 575 1512 electione
613 1472 759 1523 agunt.
797 1469 894 1512 Ele
908 1471 983 1512 cti
1022 1471 1159 1512 enim
1197 1486 1375 1513 sumus
1404 1472 1459 1513 in
1484 1470 1730 1523 Christo,
1759 1473 1816 1512 ut

254 1555 334 1582 ess
349 1556 488 1582 emus
528 1541 727 1592 sancti,
763 1540 876 1594 Eph.
917 1542 952 1593 1,
985 1542 1024 1582 4.
1054 1543 1105 1583 et
1135 1542 1545 1595 praedestinati
1573 1543 1628 1583 in
1658 1542 1816 1596 adop-

250 1612 292 1653 ti
306 1626 328 1653 o
340 1627 368 1652 n
381 1626 401 1653 e
412 1627 454 1652 111
482 1612 522 1653 fi
533 1612 571 1653 li
586 1627 609 1654 o
621 1627 642 1653 r
652 1628 680 1653 11
690 1627 732 1653 111
746 1645 754 1664 ,
783 1627 878 1654 vers
907 1613 943 1654 5.
970 1627 1073 1667 ergo
1100 1615 1224 1654 antea
1249 1627 1414 1655 eramus
1440 1615 1560 1655 extra
1584 1612 1813 1666 Christum,

251 1683 409 1735 injusti,
439 1685 479 1724 et
509 1682 560 1723 ab
591 1683 822 1736 adoptione
850 1683 1037 1726 filiorum
1065 1683 1204 1725 alieni.
1233 1683 1327 1726 Ele
1340 1699 1362 1726 0
1372 1685 1417 1726 ti
1445 1699 1464 1725 s
1474 1699 1502 1726 u
1511 1699 1554 1725 m
1564 1700 1593 1726 11
1604 1700 1622 1726 0
1652 1700 1676 1727 0
1686 1684 1712 1726 d
1739 1699 1758 1727 s
1770 1700 1815 1727 a-

251 1753 418 1795 lutem
457 1753 508 1794 in
537 1754 1002 1797 sanctificatione
1032 1754 1280 1809 Spiritus
1310 1758 1361 1798 et
1390 1755 1502 1798 fide
1530 1756 1814 1809 veritatis,

251 1826 274 1865 2
323 1824 467 1866 Thess.
507 1827 543 1877 2,
584 1827 645 1867 12.
687 1841 787 1880 ergo
827 1826 1162 1869 sanctificatione
1201 1826 1386 1881 Spiritus
1425 1829 1466 1869 et
1504 1827 1585 1869 fide
1622 1827 1814 1869 veritatis

253 1896 457 1938 destituti.
516 1896 657 1946 Quos
714 1898 1140 1952 praecognovit,
1193 1912 1280 1939 eos
1333 1898 1562 1951 imagini
1604 1898 1815 1941 Christi

252 1967 673 2010 conformandos
715 1969 1187 2024 praedestinavit,
1231 1969 1375 2023 imago
1421 1984 1522 2023 ergo
1567 1969 1650 2012 Dei
1689 1971 1734 2012 in
1761 1969 1814 2012 iis

250 2054 335 2081 non
361 2042 461 2081 erat.
487 2039 610 2081 Rom.
635 2040 671 2092 8,
696 2041 759 2082 30.
787 2041 909 2083 electi
933 2043 1031 2083 sunt
1055 2056 1081 2083 v
1092 2056 1116 2083 a
1129 2056 1147 2083 s
1160 2055 1183 2082 a
1206 2040 1306 2083 mis
1319 2056 1340 2082 e
1352 2042 1398 2083 ri
1409 2056 1430 2083 c
1442 2056 1465 2083 0
1478 2056 1498 2082 r
1510 2041 1536 2082 d
1547 2041 1561 2082 i
1572 2056 1596 2083 a
1608 2056 1651 2094 e,
1668 2056 1814 2094 quem-

252 2111 477 2153 admodum
515 2111 690 2166 reprobi
726 2127 752 2154 v
765 2127 788 2154 a
800 2127 818 2154 s
831 2127 855 2154 a
892 2112 938 2154 ir
950 2127 974 2154 a
985 2127 1028 2165 e,
1067 2111 1190 2155 Rom.
1228 2113 1265 2154 9.
1306 2112 1422 2155 Deus
1461 2115 1605 2155 autem
1641 2114 1815 2167 proprie

251 2183 475 2224 miseretur
524 2184 789 2235 miserorum,
833 2184 1190 2237 quemadmodum
1232 2198 1318 2226 non
1360 2184 1442 2226 nisi
1481 2185 1527 2226 in
1568 2186 1814 2238 peccatores

251 2253 357 2294 iram
399 2256 472 2295 aut
513 2254 655 2295 odium
698 2255 973 2307 demonstrat,
1012 2254 1135 2297 Rom.
1175 2256 1210 2307 1,
1251 2256 1314 2298 18.
1353 2258 1402 2298 ut
1434 2257 1524 2309 jam
1555 2255 1814 2308 omittamus,

252 2325 364 2377 quod
403 2324 531 2366 Sacra
567 2325 788 2378 Scriptura
818 2326 870 2367 ab
902 2326 1107 2368 electione
1137 2326 1189 2368 ad
1219 2327 1557 2382 redemptionem
1585 2329 1659 2369 aut
1690 2340 1815 2369 voca-

250 2395 409 2437 tionem
438 2397 574 2437 nostri
604 2411 770 2450 semper
797 2397 1027 2438 transitum
1053 2397 1176 2448 facit;
1206 2413 1424 2452 nunquam
1450 2413 1551 2440 vero
1581 2398 1634 2439 ad
1663 2397 1815 2440 creati·
1854 2416 1856 2419 ’

253 2481 375 2508 0110111
418 2467 470 2508 0(1
512 2467 741 2521 imaginem
780 2467 874 2520 Dei,
913 2470 986 2509 aut
1024 2468 1191 2522 lapsum
1221 2484 1270 2511 ac
1297 2471 1463 2523 peccati
1491 2468 1815 2524 permissionem

251 2540 379 2590 atque
410 2538 732 2591 ordinationem,
762 2542 810 2581 ut
840 2540 913 2592 qui
931 2539 1069 2581 »altius
1101 2541 1345 2593 ascendunt,
1376 2543 1587 2595 coguntur
1615 2542 1813 2582 statuere.

303 2607 461 2650 XXIII.
504 2609 680 2651 Interim
722 2610 918 2662 fatemur,
957 2626 1034 2653 nec
1070 2611 1289 2654 hominem
1326 2612 1527 2666 ambiguo
1564 2611 1647 2653 fine
1685 2610 1813 2652 fuisse

253 2683 451 2732 creatum,
494 2696 570 2722 nec
611 2682 778 2735 lapsum
819 2681 1035 2724 hominem
1077 2683 1167 2725 sine
1208 2683 1384 2736 speciali
1420 2682 1500 2725 Dei
1545 2681 1814 2737 providentia

254 2751 463 2803 accidisse,
506 2767 605 2794 nam
642 2753 677 2794 si
704 2768 756 2795 ne
785 2768 932 2807 passer
961 2753 1130 2806 quidem
1161 2754 1284 2796 cadat
1311 2754 1356 2796 in
1383 2756 1541 2795 terram
1569 2753 1658 2794 sine
1685 2752 1814 2794 Patre

252 2824 412 2873 nostro,
453 2824 586 2864 multo
629 2825 768 2866 minus
809 2826 949 2866 totum
988 2839 1122 2878 genus
1158 2825 1404 2876 humanum,
1443 2839 1461 2866 s
1474 2839 1495 2866 e
1507 2824 1532 2865 d
1561 2823 1600 2864 D
1613 2838 1634 2866 e
1644 2838 1672 2864 u
1684 2838 1702 2865 0
1731 2838 1757 2864 v
1768 2838 1814 2865 o-

251 2891 356 2933 luit
398 2908 424 2945 p
440 2894 573 2935 rimo
617 2895 929 2947 ostendere,
975 2896 1101 2948 quid
1138 2896 1190 2937 in
1227 2896 1440 2938 homine
1477 2894 1657 2948 possit
1686 2894 1814 2936 libe·-

252 2976 364 3003 rum
408 2963 722 3016 arbitrium,
766 2966 956 3008 deinde
992 2981 1120 3008 vero
1161 2967 1290 3019 quid
1327 2981 1424 3020 pos
1439 2966 1512 3008 sit
1549 2980 1673 3008 suae
1700 2979 1814 3018 gra-
