1931 3224
281 165 360 206 526
863 164 1103 207 DlsPUTATIO
1132 164 1261 207 XLV.

281 303 413 330 nexus
460 288 611 329 harum
653 287 999 330 enunciationum
1042 289 1094 330 ad
1132 288 1453 342 praecedentem
1486 288 1749 341 jussionem,v
1770 290 1844 342 qui

281 376 357 414 per
396 361 534 402 0111111
572 359 916 401 ratiocinativam
954 360 1208 412 particulam
1247 359 1503 413 explicatur:
1535 374 1643 411 quae
1673 359 1842 412 quidem

281 432 325 473 in
361 431 502 484 priore
534 431 583 472 de
612 446 720 483 pane
751 432 976 473 enunciato
1008 432 1234 482 omittitur,
1264 431 1308 472 in
1337 430 1470 473 altero
1501 445 1601 473 vero
1634 431 1684 472 de
1713 431 1843 473 calice

282 502 547 554 exprimitur,
586 502 696 543 unde
734 505 776 544 et
812 503 898 544 illic
936 503 1172 557 supplenda
1201 505 1278 554 est,
1307 505 1354 544 ut
1384 502 1486 544 fecit
1514 502 1736 557 interpres.
1766 502 1844 544 Di-

280 575 400 615 xerat
429 573 634 625 Christus,
663 574 826 616 Edite
853 574 993 616 hunc
1021 589 1233 627 panem,
1265 576 1315 616 et
1343 574 1523 616 bibite
1551 574 1690 616 hunc
1719 574 1844 616 cali-

281 660 408 697 cem,
435 660 508 687 seu
534 645 669 697 Hoc,
700 646 941 687 accusativo
969 660 1078 698 casu,
1110 646 1209 698 quia
1239 645 1332 697 hoc,
1361 646 1608 687 nominandi
1638 661 1749 698 casu,
1781 648 1845 688 est

281 732 434 770 corpus
474 718 515 758 et
554 717 727 770 sanguis
765 732 895 768 meus,
936 716 1021 768 ubi,
1062 716 1195 768 Hoc,
1234 716 1463 769 utrobique
1491 716 1601 759 idem
1632 719 1767 770 notat,
1797 719 1845 759 ut

280 787 561 829 terminorum
602 788 646 829 in
689 787 940 840 syllogismo
979 787 1034 828 sit
1071 801 1229 829 nexus:
1265 787 1446 840 ideoque
1485 788 1595 830 edite
1633 791 1675 830 et
1710 788 1845 830 bibite

280 858 373 910 hoc,
405 859 504 911 quia
532 858 614 900 hoc
644 859 765 900 edere
795 860 837 899 et
865 858 1010 900 bibere
1042 861 1104 900 est
1133 873 1286 912 corpus
1311 874 1452 901 meum
1476 858 1597 900 edere
1622 860 1663 900 et
1687 858 1844 900 bibere.

280 929 425 982 Atque
452 929 513 970 ita
541 929 734 982 mysterii
762 929 889 982 hujus
919 929 1157 971 sublimitas
1189 932 1230 971 et
1259 930 1488 972 necessitas
1517 931 1764 972 declaratur.

333 1000 548 1043 LXXVII.
589 1001 711 1051 Quod
750 1003 894 1043 autem
921 1001 1017 1043 inde
1046 1001 1248 1053 inferunt,
1280 1016 1382 1055 ergo
1413 1016 1485 1043 ore
1511 1002 1650 1044 editur
1678 1016 1844 1055 corpus,

283 1074 324 1113 et
361 1072 535 1125 sanguis
571 1071 746 1113 Domini
783 1072 968 1123 bibitur;
1008 1073 1107 1126 quia
1146 1073 1274 1115 oralis
1312 1073 1581 1115 manducatio
1621 1075 1662 1115 et
1690 1073 1844 1115 bibitio

282 1143 544 1196 praecipitur
574 1144 674 1196 ejus,
705 1144 818 1196 quod
847 1159 999 1197 corpus
1030 1146 1071 1186 et
1101 1145 1273 1198 sanguis
1301 1145 1477 1187 Domini
1505 1147 1569 1186 est
1598 1143 1730 1197 (quod
1752 1144 1846 1198 pal-

281 1214 463 1255 marium
499 1216 798 1267 argumentum
836 1217 899 1257 est
937 1230 1014 1269 pro
1054 1216 1161 1258 orali
1190 1216 1517 1258 manducatione
1547 1219 1590 1258 et
1617 1215 1844 1269 bibitione)

281 1285 530 1338 neutiquam
560 1286 843 1338 consequitur,
873 1287 944 1329 sed
970 1287 1014 1329 id
1041 1289 1231 1339 tantum3
1260 1303 1414 1342 panem
1444 1288 1606 1330 comedi
1636 1290 1677 1329 et
1700 1287 1846 1329 vinum

281 1357 372 1398 bibi
407 1357 472 1409 (ut
500 1357 606 1398 illud
635 1358 826 1410 syntaxis
856 1358 1010 1411 exigit3
1041 1359 1184 1400 nullus
1214 1360 1325 1401 enim
1355 1359 1460 1401 alius
1491 1373 1609 1400 casus
1640 1358 1845 1401 accusati-

281 1442 357 1469 vus
387 1431 462 1479 est,
492 1444 587 1470 011111
616 1443 712 1481 quo,
744 1428 867 1479 edite,
897 1429 1186 1482 construatur)
1217 1445 1324 1483 quae
1353 1433 1451 1472 sunt
1481 1445 1557 1472 suo
1585 1430 1724 1482 modo,
1752 1444 1844 1471 cor-

281 1514 359 1553 pus
390 1502 431 1541 et
462 1500 634 1553 sanguis
662 1499 850 1541 Domini.
881 1499 988 1549 Quin
1018 1500 1070 1541 ad
1095 1515 1240 1542 omnes
1265 1501 1369 1542 istas
1395 1501 1581 1543 actiones
1607 1503 1649 1542 et
1673 1500 1844 1552 Christi,

284 1573 325 1612 et
364 1570 583 1624 discipulis
621 1571 920 1624 praescriptas,
960 1570 1073 1612 aliud
1112 1572 1263 1624 sensui,
1303 1572 1418 1614 aliud
1446 1572 1591 1624 menti,
1621 1571 1846 1626 metapho-

282 1641 366 1683 rice
392 1643 433 1682 et
462 1641 768 1695 synecdochice
795 1642 1031 1683 intenditur
1061 1644 1102 1684 et
1131 1643 1406 1696 praecipitur.
1435 1642 1496 1686 Ut
1523 1643 1634 1685 enim
1658 1643 1780 1698 panis
1805 1645 1847 1684 et

281 1712 428 1753 vinum
471 1712 624 1754 dicitur
667 1728 820 1766 corpus
864 1716 906 1754 et
950 1714 1122 1767 sanguis
1167 1713 1338 1766 Christi,
1379 1715 1441 1756 ita
1480 1715 1684 1767 accipere,
1725 1714 1846 1756 edere

283 1798 436 1836 panem
473 1783 598 1835 hunc,
638 1786 679 1825 et
715 1784 860 1826 vinum
898 1784 980 1826 hoe
1016 1785 1174 1837 bibere,
1203 1786 1264 1828 ita
1293 1785 1573 1839 corporaliter
1602 1785 1847 1839 accipienda

283 1856 393 1905 sunt,
423 1856 470 1895 ut
500 1857 541 1896 et
569 1854 849 1908 spiritualiter
878 1855 1186 1909 intelligantur.

335 1924 567 1967 LXXVIII.
598 1925 749 1968 Restat
777 1926 1012 1979 νομοθεσία,
1040 1927 1359 1981 legislatio,
1384 1928 1605 1971 universae
1619 1929 1663 1970 in
1679 1930 1846 1982 postre-

281 2010 397 2036 mum
447 1996 662 2038 Ecclesiae
713 1996 839 2051 faeta,
882 2001 924 2040 et
965 1999 1009 2040 in
1056 2001 1306 2053 perpetuam
1341 1999 1480 2052 legem
1518 2000 1690 2047 sancita,
1729 2000 1845 2041 hisce

282 2068 434 2119 verbis,
463 2067 576 2109 Hoc
604 2068 773 2111 facite
802 2069 854 2110 in
882 2070 983 2111 mei
1012 2070 1474 2124 recordationem,
1506 2071 1619 2123 quod
1650 2070 1703 2112 ad
1726 2071 1845 2124 prius

283 2139 554 2180 enunciatum
590 2140 722 2182 habet
758 2140 904 2191 Lucas,
944 2141 996 2182 ad
1032 2143 1260 2195 utrumque
1297 2141 1469 2194 Paulus,
1507 2142 1580 2195 qui
1617 2142 1846 2196 posteriori

282 2213 503 2263 praeterea
541 2211 670 2263 addit,
711 2212 1146 2266 quotiescunque
1184 2213 1468 2264 biberitis3
1507 2214 1618 2256 unde
1647 2214 1699 2255 ad
1727 2214 1845 2268 prius

283 2281 478 2323 similiter
509 2283 774 2336 explendum,
806 2284 1245 2338 quotiescunque
1276 2285 1517 2327 ederitis.

335 2351 522 2394 LXXIX.
564 2354 813 2407 Alloquitur
854 2370 984 2409 porro
1029 2355 1223 2398 Christus
1263 2355 1500 2410 Apostolos
1536 2355 1581 2397 in
1618 2370 1736 2398 saera
1772 2356 1846 2398 illa

283 2423 460 2476 actione,
491 2426 582 2466 tum
612 2428 659 2467 ut
687 2429 894 2479 pastores,
925 2429 967 2469 et
995 2428 1296 2481 mysteriorum
1320 2442 1493 2469 suorum
1517 2427 1844 2481 dispensatores,

283 2496 458 2549 ejusque
495 2511 723 2549 personam
760 2498 1029 2551 sustinentes,
1066 2501 1159 2541 tuin
1194 2501 1242 2541 ut
1274 2498 1518 2541 universum
1547 2500 1715 2541 coetum
1741 2498 1845 2540 fide-

281 2565 385 2608 lium
422 2571 803 2621 repraesentantes,
834 2570 948 2622 quod
971 2570 1094 2623 jubet
1121 2569 1234 2612 Hoc
1262 2570 1452 2613 facere.
1482 2569 1569 2612 Ubi
1595 2569 1729 2620 Hoc,
1757 2584 1844 2611 non

282 2637 463 2679 refertur
491 2639 544 2680 ad
573 2654 726 2694 corpus
755 2643 796 2682 et
825 2642 1088 2695 sanguinem,
1119 2644 1160 2683 et
1190 2641 1242 2683 ad
1270 2642 1376 2683 illud
1406 2641 1518 2695 quod
1549 2656 1591 2683 se
1620 2655 1844 2694 passurum

284 2708 467 2751 dixerat:
507 2711 577 2752 sed
607 2710 660 2752 ad
688 2712 730 2753 id
761 2726 884 2754 omne
914 2713 1027 2766 quod
1054 2712 1213 2755 fecerat
1242 2713 1452 2755 Dominus
1483 2712 1593 2754 circa
1621 2726 1774 2766 panem
1803 2714 1844 2754 et

283 2780 505 2832 poculum3
550 2782 603 2824 ad
644 2785 797 2835 totum,
840 2785 1028 2837 inquam,
1072 2785 1337 2837 antecedens,
1381 2784 1581 2827 videlicet
1622 2783 1736 2836 quod
1776 2798 1843 2825 me

285 2850 600 2894 convivatorem
636 2854 802 2896 vidistis
838 2855 989 2908 facere,
1027 2856 1071 2897 id
1109 2870 1279 2909 quoque
1317 2855 1437 2897 vobis
1473 2854 1660 2897 convivis
1687 2854 1843 2897 facien-

285 2920 384 2962 dum
412 2923 643 2976 praecipio.

338 2990 505 3034 LXXX.
544 2993 732 3037 Facite
771 3010 872 3049 ergo
911 2995 1037 3048 Vos,
1076 2999 1123 3039 ut
1162 2997 1346 3040 ministri
1384 2996 1478 3050 mei,
1516 2995 1649 3049 Hoc,
1687 2996 1730 3039 id
1768 2999 1843 3049 est,
