1931 3224
323 148 386 190 DE
415 147 746 190 Rsssnnssmmom
776 148 919 190 CARN1s
948 162 993 189 ΕΤ
1022 147 1180 190 JUDICIO
1208 162 1399 189 Exramio.
1562 148 1639 189 637

84 288 205 316 orum
242 274 593 317 resurrectionem
631 288 890 326 concurrere,
922 275 963 315 et
993 275 1133 315 totum
1161 272 1252 315 fieri
1281 287 1304 314 a
1335 272 1426 315 Deo
1456 286 1532 326 per
1561 271 1639 313 1111-

83 345 284 387 raculum.

135 416 293 458 XXIII.
333 416 559 459 Commode
597 417 742 470 itaque
771 415 1071 470 'accipiendum
1109 418 1183 467 est,
1225 415 1337 468 quod
1376 415 1424 456 de
1464 404 1640 467 Angelis

82 488 403 530 resurrectionis
440 488 732 530 instrumentis
772 490 813 530 et
849 487 1068 539 ministris,
1110 487 1238 539 vulgo
1269 486 1433 527 dicitur.
1464 484 1577 527 Nam
1607 485 1641 526 si

83 560 335 601 resurrectio
376 559 533 612 stricte,
572 560 772 613 praecise,
813 562 865 611 et,
905 561 951 600 ut
988 559 1049 600 ita
1079 558 1277 609 dicamus,
1304 557 1640 608 formaliter,

84 630 330 683 accipiatur,
361 633 424 672 est
453 645 559 684 opus
588 631 669 672 Dei
698 631 1003 682 immediatum,
1034 630 1147 683 quod
1179 645 1202 671 a
1230 629 1344 670 nulla
1375 629 1547 682 proprie
1576 628 1640 669 in-

84 701 354 743 strumentali
378 715 504 742 causa
528 716 635 753 quae
659 717 754 743 vere
777 701 820 742 in
847 702 1042 743 effectum
1063 701 1225 753 influat,
1252 701 1464 754 procedit3
1490 715 1640 755 nempe

84 773 118 814 si
159 772 470 814 consideremus
509 787 735 826 corporum
773 787 823 814 ex
861 775 999 814 terrae
1037 773 1208 826 pulvere
1246 772 1560 823 formationem,
1599 773 1640 812 et

85 858 231 885 eorum
270 858 365 885 cum
403 844 623 885 animabus
662 844 907 886 unitionem.
946 843 1027 885 Sed
1056 845 1092 885 si
1121 844 1291 886 nomine
1321 843 1640 885 resurrectionis

83 915 256 957 veniant
289 915 569 956 antecedanea
600 917 640 956 et
670 915 841 968 praevia
870 915 1085 967 nonnulla,
1115 917 1188 955 aut
1217 914 1402 956 actiones
1431 927 1640 955 resurrec-

83 987 245 1029 tionem
281 986 475 1041 proxime
514 987 807 1029 antecedentes
836 989 909 1028 aut
939 988 1255 1039 consequentes,
1287 988 1328 1027 et
1357 988 1547 1027 sumatur
1574 1000 1640 1026 re-

85 1058 358 1101 surrectionis
399 1073 554 1100 nomen
596 1072 674 1111 pro
712 1061 806 1099 toto
848 1058 1069 1111 complexu
1109 1072 1254 1099 eorum
1293 1057 1493 1109 omnium,
1534 1072 1640 1110 quae

85 1133 182 1172 ante
222 1133 263 1173 et
302 1132 402 1184 post
430 1129 779 1172 resurrectionem
811 1129 1080 1181 contingent,
1109 1143 1194 1169 non
1222 1143 1506 1182 repugnamus
1538 1128 1639 1181 quin

84 1202 239 1256 Angeli
278 1203 564 1255 agnoscantur
601 1214 680 1253 pro
716 1199 1036 1241 resurrectionis
1065 1199 1284 1251 Ministris,
1316 1202 1357 1240 et
1385 1199 1639 1241 instrumen-

83 1273 238 1315 talibus
275 1273 422 1326 causis,
463 1273 561 1325 quia
599 1271 663 1313 illi
702 1271 831 1312 etiam
868 1286 964 1312 suas
993 1273 1149 1324 partes,
1178 1271 1222 1312 in
1251 1270 1325 1312 illo
1356 1273 1543 1312 extremo
1573 1271 1640 1312 die

84 1345 182 1384 sunt
209 1342 411 1394 habituri,
441 1357 464 1384 a
494 1345 729 1395 quatuor
757 1343 938 1384 ventis
969 1344 1019 1383 et
1048 1342 1295 1383 omnibus
1324 1342 1503 1383 mundi
1531 1342 1639 1395 pla-

84 1415 167 1468 gis
198 1415 404 1457 electos
435 1417 718 1468 cogentes,
750 1429 773 1456 a
802 1414 1077 1456 coelorum
1107 1417 1348 1456 extremo
1375 1414 1435 1455 ad
1461 1428 1639 1455 eorum

85 1488 399 1538 extremum,
429 1485 553 1528 Matt.
583 1487 645 1538 24,
676 1487 739 1528 31.
770 1485 979 1538 Quicquid
1008 1488 1149 1527 autem
1178 1485 1221 1526 in
1252 1500 1299 1526 ea
1326 1499 1371 1526 re
1401 1484 1448 1525 fit
1473 1484 1525 1525 ab
1550 1483 1639 1524 An-

84 1557 190 1610 gelis
233 1560 305 1599 aut
351 1557 444 1599 aliis
492 1557 707 1609 creaturiS,
746 1573 798 1599 ne
835 1558 1005 1610 quidem
1046 1559 1222 1610 excepta
1261 1556 1418 1597 Christi
1454 1555 1640 1596 humana

82 1630 247 1680 natura,
276 1628 311 1669 si
338 1628 455 1670 illam
485 1631 721 1682 spectemus
745 1629 788 1670 in
814 1644 856 1671 se
882 1632 923 1670 et
945 1630 1111 1671 ratione
1138 1628 1338 1681 principii
1362 1627 1567 1678 formalis,
1592 1628 1640 1667 ut

82 1698 325 1752 loquuntur,
368 1700 440 1742 fiet
478 1703 697 1753 tamquam
735 1716 759 1742 a
800 1715 924 1742 causa
963 1715 1034 1742 seu
1071 1700 1351 1741 instrumento
1390 1698 1552 1750 morali,
1592 1700 1640 1738 ut

87 1773 252 1823 vocant,
291 1786 378 1813 non
413 1774 632 1824 tamquam
672 1787 695 1813 a
727 1786 852 1814 causa
889 1772 1064 1826 propria
1103 1773 1145 1812 et
1171 1770 1414 1812 immediate
1443 1769 1638 1811 effectum

85 1841 344 1896 attingente:
374 1843 410 1884 81
437 1844 636 1898 praecise,
666 1846 714 1885 ut
743 1843 902 1885 dictum
931 1845 1007 1895 est,
1036 1841 1356 1884 resurrectionis
1385 1855 1538 1882 nomen
1567 1854 1635 1881 ac-

85 1912 304 1966 cipiamus.

138 1984 294 2027 XXIV.
324 1985 477 2027 Adhuc
506 1986 555 2027 de
586 2001 710 2027 causa
739 1986 958 2028 efficiente.
988 1984 1086 2026 Jam
1112 1984 1161 2026 de
1183 1984 1374 2035 materia,
1403 1998 1510 2036 quae
1533 1998 1638 2025 non-

85 2056 212 2097 nullis
250 2055 356 2097 Sub
364 2057 516 2109 jectu
528 2072 569 2098 m
609 2072 711 2109 quo
751 2057 918 2108 dicitur,
957 2056 1167 2109 agendum
1208 2058 1283 2097 est.
1313 2055 1377 2096 Ea
1407 2057 1548 2096 autem
1576 2058 1639 2096 est

84 2127 257 2180 proprie
296 2143 440 2180 caro,
480 2143 553 2169 8011
591 2143 744 2182 corpus
775 2128 972 2179 hominis,
1003 2127 1103 2180 quia
1133 2126 1384 2168 resurrectio
1414 2126 1463 2167 fit
1493 2141 1639 2168 secun-

86 2195 185 2237 dum
214 2211 380 2251 corpus,
408 2213 494 2240 non
522 2199 695 2252 proprie
719 2199 946 2241 secundum
969 2198 1164 2239 animam.
1188 2196 1339 2249 Neque
1365 2197 1476 2238 enim
1500 2197 1639 2238 anima

85 2267 269 2310 hominis
306 2270 466 2322 interit,
503 2273 652 2325 utpote.
689 2270 966 2319 immortalis3
999 2271 1039 2311 et
1069 2284 1164 2310 cum
1195 2282 1347 2321 corpus
1376 2270 1514 2309 terrae
1544 2267 1637 2309 red-

86 2339 212 2392 ditur,
251 2340 493 2395 Spiritus
523 2341 825 2384 revertitur
855 2341 916 2382 ad
946 2340 1131 2392 Deum,
1162 2340 1251 2392 qui
1282 2339 1430 2381 dedit
1461 2339 1638 2391 illum,

84 2410 244 2452 Eccles.
275 2412 336 2463 12,
368 2412 403 2454 7.
432 2411 532 2454 Ideo
561 2412 770 2454 Dominus
798 2413 940 2465 negat,
967 2425 1038 2453 eos
1063 2410 1289 2452 animam
1313 2424 1408 2463 pos
1425 2425 1476 2451 se
1503 2410 1638 2451 occi-

87 2481 230 2533 dere,
269 2482 342 2534 qui
378 2482 423 2523 in
453 2497 605 2536 corpus
635 2482 794 2524 saevire
824 2484 1016 2535 possunt,
1047 2480 1169 2522 Matt.
1200 2481 1261 2532 10,
1292 2481 1354 2522 18.
1388 2481 1453 2522 Ex
1485 2481 1638 2533 quibus

86 2554 127 2593 et
166 2551 372 2593 similibus
409 2552 512 2594 locis
550 2553 758 2595 refellitur
796 2567 942 2595 eorum
970 2552 1169 2604 haeresis,
1202 2551 1274 2604 qui
1303 2552 1371 2593 vel
1400 2555 1546 2605 aperte
1576 2552 1638 2593 di-

86 2626 186 2665 cunt
214 2624 376 2665 animas
404 2638 489 2665 una
518 2638 611 2665 cum
640 2624 890 2677 corporibus
920 2623 1113 2672 interire;
1142 2622 1220 2674 vel,
1252 2622 1324 2675 qui
1352 2623 1460 2664 mori
1494 2622 1639 2664 dicunt

87 2709 176 2737 esse
213 2695 437 2748 penitus
477 2694 782 2749 exstingui,
822 2697 863 2736 et
900 2709 1133 2747 resurgere,
1170 2709 1229 2735 ex
1258 2708 1361 2735 non
1391 2696 1512 2735 ente
1540 2694 1638 2735 ite-

86 2781 198 2808 rum
237 2766 500 2818 existere,
535 2766 676 2818 qualia
703 2766 747 2807 iu
777 2766 1099 2808 Socinianorum
1129 2766 1297 2820 scriptis
1323 2765 1450 2807 hodie
1479 2765 1638 2819 reperi-

86 2839 226 2879 untur.
278 2836 434 2878 Anima
483 2851 584 2890 ergo
637 2839 835 2890 separata
881 2832 1026 2878 manet
1065 2836 1329 2888 immortalis,
1371 2851 1449 2878 nec
1489 2851 1637 2878 somno

86 2908 290 2962 indulget,
322 2908 437 2950 omni
465 2907 728 2949 beatitudine
753 2907 968 2961 destituta,
994 2910 1066 2949 aut
1090 2907 1143 2949 ab
1168 2907 1282 2950 omni
1306 2922 1477 2961 prorsus
1502 2921 1639 2960 poena

88 2978 241 3030 libera;
290 2979 362 3021 sed
399 2993 477 3033 pro
517 2979 634 3021 varia
672 2978 890 3021 hominum
931 2979 1184 3032 conditione,
1223 2982 1297 3021 aut
1335 2980 1379 3020 in
1417 2979 1639 3020 beatorum
