1931 3224
251 129 330 170 584
806 126 1055 169 DISPUTATIO
1084 124 1278 168 XLVIII.

252 253 595 303 destructionem,
634 250 706 292 sed
742 251 796 291 ad
835 250 1175 307 aedificationem
1214 252 1276 292 est
1320 251 1431 303 data,
1464 253 1505 294 et
1537 267 1587 295 ex
1616 255 1825 308 parabola

252 315 521 375 zizaniorum,
561 337 669 374 quae
699 321 891 363 Christus
921 321 1045 364 evelli
1074 322 1213 363 noluit
1243 322 1315 364 sed
1343 323 1455 376 ferri,
1488 325 1656 376 quando
1685 329 1822 368 metus

252 399 314 438 est
343 411 395 437 ne
424 394 616 436 triticum
646 394 790 435 eadem
819 408 949 447 opera
975 393 1178 435 evellatur
1203 409 1251 435 ac
1276 394 1490 448 perdatur,
1514 395 1642 438 Matt.
1668 397 1732 449 13,
1757 398 1820 441 29.

304 466 459 508 XXXI.
488 466 580 507 Has
609 466 796 507 rationes
826 465 1061 518 Augustini
1085 465 1229 507 firmas
1256 480 1344 508 esse
1363 467 1602 519 judicamus
1626 472 1823 523 respectu

249 540 418 594 piorum
455 539 723 592 privatorum
751 537 795 578 in
825 537 1031 590 ejusmodi
1061 539 1185 578 coetu
1213 537 1459 591 viventium,
1491 539 1564 592 qui
1594 543 1823 594 propterea

250 611 302 652 ab
341 610 547 663 ejusmodi
585 611 709 651 coetu
739 623 782 650 se
811 622 1039 662 segregare
1067 623 1154 650 non
1183 609 1350 661 debent,
1380 610 1484 652 item
1512 614 1707 666 respectu
1736 613 1822 654 sin-

250 684 464 738 gularium
492 683 734 733 Pastorum,
765 683 838 735 qui
866 681 1050 736 plurium
1081 682 1126 722 in
1154 672 1386 724 tolerandis
1411 683 1620 736 improbis
1646 698 1822 727 consen-

249 757 314 798 sui
352 758 394 796 et
433 754 646 808 suffragiis
688 754 825 795 obniti
861 768 947 795 non
985 756 1193 806 possunt3
1235 754 1594 806 quemadmodum
1625 756 1819 810 exemplo

248 828 418 881 piorum
457 825 735 867 Sacerdotum
770 825 814 865 in
854 825 1181 879 depravatorum
1219 825 1507 876 multitudine,
1549 828 1590 867 et
1627 825 1821 880 Prophe-

247 902 389 941 tarum
417 899 527 939 inter
557 896 726 938 eosdem
756 895 975 949 agentium
1004 895 1208 949 exemplis
1235 898 1347 938 recte
1378 896 1705 939 demonstratur.
1738 897 1821 940 Sed

248 972 284 1013 si
322 969 537 1012 Ecclesiae
574 968 778 1010 Rectores
818 968 1011 1021 plerique
1049 968 1094 1009 in
1125 967 1286 1010 bonum
1316 969 1576 1022 conspirent,
1610 969 1819 1023 existimo,

249 1041 457 1095 ejusmodi
495 1040 741 1082 hominibus
783 1042 930 1093 aperte
970 1041 1012 1081 et
1045 1039 1353 1081 contumaciter
1383 1040 1608 1094 corruptis,
1639 1043 1820 1093 quanta-

249 1114 353 1156 libet
391 1113 446 1155 sit
483 1112 726 1164 multitudo,
767 1112 819 1152 ab
858 1111 1008 1153 iisdem
1048 1111 1299 1153 Pastoribus
1341 1111 1508 1154 divinae
1546 1112 1712 1165 gratiae
1742 1112 1818 1154 Sa-

251 1187 465 1228 cramenta
503 1183 808 1226 communicari
835 1197 914 1224 nec
942 1197 1067 1236 posse
1095 1197 1173 1224 nec
1203 1183 1366 1232 debere,
1396 1183 1468 1224 sed
1498 1183 1688 1225 unanimi
1719 1198 1819 1226 con-

250 1272 376 1299 sensu
412 1256 464 1298 iis
503 1270 590 1298 esse
627 1254 835 1308 neganda,
866 1256 908 1296 et
935 1253 1028 1295 Deo
1059 1256 1258 1295 eventum
1287 1255 1688 1307 commendandum,
1720 1255 1820 1308 quia

248 1330 311 1384 pii
340 1329 540 1371 Pastores
570 1329 692 1381 signa
721 1327 885 1381 gratiae
913 1326 965 1367 iis
996 1326 1308 1368 communicare
1336 1340 1422 1367 non
1446 1329 1637 1380 possunt,
1665 1327 1819 1380 quibus

250 1401 442 1443 Christus
482 1414 530 1441 ea
567 1401 714 1453 aperte
750 1400 893 1451 negat,
935 1400 976 1439 et
1014 1412 1066 1438 ne
1107 1397 1483 1449 communicentur,
1521 1398 1745 1452 prohibet3
1777 1402 1818 1441 et

251 1473 351 1527 quia
389 1471 585 1525 exempla
611 1471 656 1512 in
684 1470 886 1513 Ecclesiis
914 1469 1051 1512 nostri
1080 1469 1288 1523 temporis
1317 1469 1496 1523 reperiri
1524 1472 1716 1523 possunt,
1744 1471 1818 1513 ubi

251 1544 459 1599 ejusmodi
484 1543 658 1597 negatio
685 1542 869 1596 publica,
895 1542 940 1583 in
964 1541 1137 1595 publica
1159 1545 1328 1582 merum
1354 1541 1608 1595 corruptela,
1632 1541 1818 1584 medium

248 1617 331 1658 fuit
369 1619 411 1657 et
439 1616 782 1666 instrumentum,
814 1628 897 1666 quo
929 1612 1120 1654 Ecclesia
1150 1612 1203 1654 ad
1230 1612 1450 1654 meliorem
1480 1615 1639 1655 statum
1668 1614 1724 1656 sit
1752 1629 1819 1657 re-

249 1688 386 1739 ducta,
417 1689 458 1729 et
486 1701 654 1728 morum
682 1686 817 1738 major
845 1684 1071 1738 integritas
1099 1686 1309 1726 revocata.

301 1758 481 1800 XXXII.
527 1758 707 1800 Interim
754 1760 897 1799 tamen
941 1756 1121 1798 absurde
1161 1771 1185 1798 a
1223 1755 1460 1798 Pontificiis
1498 1759 1677 1810 propter
1712 1758 1819 1800 vitia

247 1830 534 1884 regnantium,
574 1830 703 1871 etiam
742 1828 922 1871 subditis
960 1828 1259 1870 innocentibus
1289 1842 1506 1870 sacrorum
1535 1844 1613 1870 usu
1641 1829 1818 1872 interdi-

249 1903 369 1954 citur,
413 1904 486 1943 aut
528 1901 703 1943 familiis
746 1902 925 1954 propter
967 1902 1144 1953 peccata
1185 1899 1532 1953 patrisfamilias3
1572 1917 1667 1944 cum
1705 1903 1818 1945 filius

247 1988 333 2015 non
376 1975 521 2026 portet
563 1972 634 2014 hic
672 1972 945 2025 iniquitatem
983 1972 1132 2025 patriS,
1169 1986 1246 2014 nec
1285 1973 1480 2015 subditus
1518 1973 1741 2029 Principis,
1782 1975 1818 2017 si

249 2046 337 2098 ejus
367 2044 608 2098 exemplum
638 2044 817 2086 vivendo
847 2059 933 2086 non
962 2046 1165 2096 sequatur
1194 2058 1241 2085 ac
1269 2045 1434 2098 probet.

301 2116 500 2158 XXXIII.
532 2117 709 2170 ObJ'ecto
739 2117 864 2169 liujus
894 2116 1140 2169 disciplinae
1169 2116 1229 2158 sic
1254 2117 1468 2171 explicato
1494 2118 1818 2203 progrediamur

248 2189 300 2230 ad
329 2190 418 2242 ejus
446 2188 629 2230 formam
658 2203 707 2230 ac
734 2188 919 2229 modum.

303 2259 499 2301 XXXIV.
529 2260 686 2302 Forzmt
716 2275 789 2301 seu
819 2260 964 2313 potius
995 2260 1149 2313 gradus
1180 2260 1630 2304 excommunicationis
1661 2261 1819 2315 duplex

249 2334 471 2375 statuitur:
512 2334 675 2387 primus
712 2333 756 2374 in
796 2332 1066 2374 abstentione
1096 2347 1120 2372 a
1150 2330 1290 2373 Coena
1318 2331 1506 2384 Domini,
1538 2332 1645 2374 alter
1674 2333 1717 2374 in
1748 2348 1817 2375 ex-

249 2405 438 2447 clusione
478 2421 501 2447 a
539 2406 673 2446 totius
713 2404 931 2446 Ecclesiae
971 2407 1146 2446 externa
1177 2405 1487 2457 communione,
1515 2407 1556 2446 et
1587 2407 1707 2446 extra
1736 2405 1818 2447 Ec-

250 2478 422 2519 clesiam
461 2478 668 2530 eJ'ectione
707 2478 913 2519 consistit.
955 2477 1145 2526 Quorum
1181 2477 1299 2531 prior
1338 2476 1494 2529 gradus
1533 2476 1682 2530 minor,
1712 2477 1818 2519 alter

249 2565 361 2602 vero,
393 2551 531 2603 maJ'or
561 2550 941 2591 excommunicatio
973 2564 996 2590 a
1024 2548 1242 2591 nonnullis
1271 2551 1460 2591 vocatur.

303 2621 479 2664 XXXV.
518 2621 748 2673 Abstentio
788 2636 812 2662 a
850 2620 988 2662 Coena
1026 2620 1201 2663 Domini
1239 2621 1429 2674 legitime
1456 2621 1505 2663 fit
1535 2621 1698 2663 duobus
1727 2636 1818 2663 mo-

250 2694 325 2746 dis,
365 2694 429 2735 vel
469 2708 599 2747 quum
639 2686 905 2746 quis'frater
940 2692 1195 2735 nominatus
1221 2708 1350 2747 grave
1389 2692 1564 2746 aliquod
1603 2692 1716 2734 vitae
1745 2695 1818 2734 aut

251 2765 469 2807 doctrinae
499 2765 742 2807 scandalum
773 2765 955 2818 admisit,
987 2781 1010 2807 a
1041 2780 1124 2818 quo
1149 2766 1338 2807 monitus
1364 2763 1699 2818 resipiscentiam
1724 2779 1818 2806 ver-

250 2835 316 2877 bis
347 2836 517 2889 quidem
542 2837 781 2890 profitetur,
807 2837 879 2879 sed
903 2837 1220 2891 resipiscentiae
1244 2837 1407 2879 fructus
1431 2837 1606 2879 idoneos
1629 2837 1818 2880 nondum

253 2908 450 2954 ostendit,
490 2910 537 2949 ut
577 2909 821 2950 scandalum
851 2909 904 2950 ab
932 2909 1122 2951 Ecclesia
1151 2909 1248 2951 tolli
1277 2909 1436 2964 possit:
1469 2908 1536 2950 vel
1565 2909 1734 2960 quando
1763 2923 1816 2950 ne

254 2977 424 3029 quidem
448 2979 587 3020 verbis
612 2979 949 3032 resipiscentiam
972 2979 1210 3034 pollicetur,
1237 2980 1309 3022 sed
1332 2982 1475 3022 tamen
1500 2978 1816 3034 resipiscentiae

1927 830 1931 838 .
1919 799 1931 817 ἱ.
1928 785 1931 794 ,1
1924 714 1931 780 ..s-*³1
1917 546 1931 710 «s-„a-nm-
1919 535 1921 539 “
