<?xml version="1.0" encoding="UTF-8"?>
<!DOCTYPE html PUBLIC "-//W3C//DTD XHTML 1.0 Transitional//EN"
    "http://www.w3.org/TR/xhtml1/DTD/xhtml1-transitional.dtd">
<html xmlns="http://www.w3.org/1999/xhtml" xml:lang="en" lang="en">
 <head>
  <title>
</title>
<meta http-equiv="Content-Type" content="text/html;charset=utf-8" />
  <meta name='ocr-system' content='tesseract 3.04.00' />
  <meta name='ocr-capabilities' content='ocr_page ocr_carea ocr_par ocr_line ocrx_word'/>
</head>
<body>
  <div class='ocr_page' id='page_1' title='image "./synopsispurioris00poly_0538.png"; bbox 0 0 1931 3224; ppageno 0'>
   <div class='ocr_carea' id='block_1_1' title="bbox 284 91 1268 147">
    <p class='ocr_par' dir='ltr' id='par_1_1' title="bbox 284 91 1268 147">
     <span class='ocr_line' id='line_1_1' title="bbox 284 91 1268 147; baseline 0.015 -15"><span class='ocrx_word' id='word_1_1' title='bbox 284 91 362 134; x_wconf 86' lang='lat'>518</span> <span class='ocrx_word' id='word_1_2' title='bbox 869 98 1110 145; x_wconf 67' lang='lat' dir='ltr'>D1sp1mm10</span> <span class='ocrx_word' id='word_1_3' title='bbox 1140 103 1268 147; x_wconf 91' lang='lat' dir='ltr'><strong>XLV.</strong></span> 
     </span>
    </p>
   </div>
   <div class='ocr_carea' id='block_1_2' title="bbox 260 217 1848 3004">
    <p class='ocr_par' dir='ltr' id='par_1_2' title="bbox 283 217 1847 342">
     <span class='ocr_line' id='line_1_2' title="bbox 283 217 1847 288; baseline 0.017 -32"><span class='ocrx_word' id='word_1_4' title='bbox 283 217 522 269; x_wconf 88' lang='lat' dir='ltr'>promiscue</span> <span class='ocrx_word' id='word_1_5' title='bbox 561 220 614 261; x_wconf 90' lang='lat' dir='ltr'>ab</span> <span class='ocrx_word' id='word_1_6' title='bbox 651 220 942 277; x_wconf 86' lang='lat' dir='ltr'>Evangelistis</span> <span class='ocrx_word' id='word_1_7' title='bbox 978 230 1251 282; x_wconf 74' lang='lat' dir='ltr'>usurpantur,</span> <span class='ocrx_word' id='word_1_8' title='bbox 1293 231 1407 283; x_wconf 86' lang='lat' dir='ltr'>quod</span> <span class='ocrx_word' id='word_1_9' title='bbox 1445 234 1618 288; x_wconf 83' lang='lat' dir='ltr'>sanguis</span> <span class='ocrx_word' id='word_1_10' title='bbox 1657 239 1700 279; x_wconf 93' lang='lat' dir='ltr'>et</span> <span class='ocrx_word' id='word_1_11' title='bbox 1737 237 1847 282; x_wconf 85' lang='lat' dir='ltr'>Nov.</span> 
     </span>
     <span class='ocr_line' id='line_1_3' title="bbox 285 287 900 342; baseline 0.01 -13"><span class='ocrx_word' id='word_1_12' title='bbox 285 287 397 330; x_wconf 71' lang='lat' dir='ltr'>Test.</span> <span class='ocrx_word' id='word_1_13' title='bbox 429 291 773 342; x_wconf 87' lang='lat' dir='ltr'>conjunctissima</span> <span class='ocrx_word' id='word_1_14' title='bbox 803 294 900 336; x_wconf 87' lang='lat' dir='ltr'>sint.</span> 
     </span>
    </p>

    <p class='ocr_par' dir='ltr' id='par_1_3' title="bbox 276 358 1848 907">
     <span class='ocr_line' id='line_1_4' title="bbox 337 358 1848 433; baseline 0.016 -34"><span class='ocrx_word' id='word_1_15' title='bbox 337 358 400 400; x_wconf 90' lang='lat' dir='ltr'>LI.</span> <span class='ocrx_word' id='word_1_16' title='bbox 442 359 649 414; x_wconf 82' lang='lat' dir='ltr'>Sanguini</span> <span class='ocrx_word' id='word_1_17' title='bbox 690 365 833 405; x_wconf 88' lang='lat' dir='ltr'>autem</span> <span class='ocrx_word' id='word_1_18' title='bbox 870 367 1014 418; x_wconf 90' lang='lat' dir='ltr'>potius</span> <span class='ocrx_word' id='word_1_19' title='bbox 1052 368 1133 410; x_wconf 90' lang='lat' dir='ltr'>hoc</span> <span class='ocrx_word' id='word_1_20' title='bbox 1172 370 1341 414; x_wconf 83' lang='lat' dir='ltr'>additur</span> <span class='ocrx_word' id='word_1_21' title='bbox 1380 388 1508 426; x_wconf 88' lang='lat' dir='ltr'>quam</span> <span class='ocrx_word' id='word_1_22' title='bbox 1545 378 1713 431; x_wconf 81' lang='lat' dir='ltr'>corpori</span> <span class='ocrx_word' id='word_1_23' title='bbox 1744 379 1848 433; x_wconf 90' lang='lat' dir='ltr'>(non</span> 
     </span>
     <span class='ocr_line' id='line_1_5' title="bbox 284 430 1848 502; baseline 0.015 -32"><span class='ocrx_word' id='word_1_24' title='bbox 284 430 394 472; x_wconf 86' lang='lat' dir='ltr'>enim</span> <span class='ocrx_word' id='word_1_25' title='bbox 424 432 578 474; x_wconf 89' lang='lat' dir='ltr'>dicitur</span> <span class='ocrx_word' id='word_1_26' title='bbox 608 448 761 488; x_wconf 87' lang='lat' dir='ltr'>corpus</span> <span class='ocrx_word' id='word_1_27' title='bbox 790 435 904 479; x_wconf 89' lang='lat' dir='ltr'>Novi</span> <span class='ocrx_word' id='word_1_28' title='bbox 935 438 1048 482; x_wconf 86' lang='lat' dir='ltr'>Test.</span> <span class='ocrx_word' id='word_1_29' title='bbox 1079 443 1153 483; x_wconf 88' lang='lat' dir='ltr'>aut</span> <span class='ocrx_word' id='word_1_30' title='bbox 1180 441 1295 485; x_wconf 87' lang='lat' dir='ltr'>Novi</span> <span class='ocrx_word' id='word_1_31' title='bbox 1321 444 1434 488; x_wconf 86' lang='lat' dir='ltr'>Test.</span> <span class='ocrx_word' id='word_1_32' title='bbox 1464 446 1509 488; x_wconf 92' lang='lat' dir='ltr'>in</span> <span class='ocrx_word' id='word_1_33' title='bbox 1538 451 1733 502; x_wconf 84' lang='lat' dir='ltr'>corpore)</span> <span class='ocrx_word' id='word_1_34' title='bbox 1762 466 1848 494; x_wconf 90' lang='grc'>11011</span> 
     </span>
     <span class='ocr_line' id='line_1_6' title="bbox 284 502 1848 566; baseline 0.016 -25"><span class='ocrx_word' id='word_1_35' title='bbox 284 502 396 553; x_wconf 86' lang='lat' dir='ltr'>quod</span> <span class='ocrx_word' id='word_1_36' title='bbox 434 505 663 557; x_wconf 86' lang='lat' dir='ltr'>utrumque</span> <span class='ocrx_word' id='word_1_37' title='bbox 701 522 787 549; x_wconf 91' lang='lat' dir='ltr'>non</span> <span class='ocrx_word' id='word_1_38' title='bbox 826 513 1051 553; x_wconf 70' lang='lat' dir='ltr'>concurrat</span> <span class='ocrx_word' id='word_1_39' title='bbox 1089 513 1142 554; x_wconf 88' lang='lat' dir='ltr'>ad</span> <span class='ocrx_word' id='word_1_40' title='bbox 1179 513 1294 556; x_wconf 88' lang='lat' dir='ltr'>Novi</span> <span class='ocrx_word' id='word_1_41' title='bbox 1333 516 1446 559; x_wconf 85' lang='lat' dir='ltr'>Test.</span> <span class='ocrx_word' id='word_1_42' title='bbox 1482 519 1704 563; x_wconf 87' lang='lat' dir='ltr'>rationem.</span> <span class='ocrx_word' id='word_1_43' title='bbox 1734 521 1848 566; x_wconf 88' lang='lat' dir='ltr'>Nam</span> 
     </span>
     <span class='ocr_line' id='line_1_7' title="bbox 281 574 1847 644; baseline 0.015 -30"><span class='ocrx_word' id='word_1_44' title='bbox 281 574 428 615; x_wconf 87' lang='lat' dir='ltr'>foedus</span> <span class='ocrx_word' id='word_1_45' title='bbox 458 578 499 617; x_wconf 89' lang='lat' dir='ltr'>et</span> <span class='ocrx_word' id='word_1_46' title='bbox 528 576 822 622; x_wconf 70' lang='lat' dir='ltr'>immolatione</span> <span class='ocrx_word' id='word_1_47' title='bbox 847 584 1038 635; x_wconf 89' lang='lat' dir='ltr'>corporis</span> <span class='ocrx_word' id='word_1_48' title='bbox 1063 585 1274 628; x_wconf 89' lang='lat' dir='ltr'>sancitum</span> <span class='ocrx_word' id='word_1_49' title='bbox 1293 587 1395 630; x_wconf 85' lang='lat' dir='ltr'>fuit:</span> <span class='ocrx_word' id='word_1_50' title='bbox 1421 590 1494 632; x_wconf 90' lang='lat' dir='ltr'>sed</span> <span class='ocrx_word' id='word_1_51' title='bbox 1519 592 1633 644; x_wconf 87' lang='lat' dir='ltr'>quod</span> <span class='ocrx_word' id='word_1_52' title='bbox 1658 596 1847 637; x_wconf 84' lang='lat' dir='ltr'>extrema</span> 
     </span>
     <span class='ocr_line' id='line_1_8' title="bbox 281 644 1846 709; baseline 0.015 -24"><span class='ocrx_word' id='word_1_53' title='bbox 281 644 438 687; x_wconf 77' lang='lat' dir='ltr'>Christi</span> <span class='ocrx_word' id='word_1_54' title='bbox 475 648 616 700; x_wconf 79' lang='lat' dir='ltr'>passio</span> <span class='ocrx_word' id='word_1_55' title='bbox 657 653 699 691; x_wconf 89' lang='lat' dir='ltr'>et</span> <span class='ocrx_word' id='word_1_56' title='bbox 736 666 849 693; x_wconf 87' lang='lat' dir='ltr'>mors</span> <span class='ocrx_word' id='word_1_57' title='bbox 877 653 922 694; x_wconf 90' lang='lat' dir='ltr'>in</span> <span class='ocrx_word' id='word_1_58' title='bbox 951 656 1168 709; x_wconf 84' lang='lat' dir='ltr'>sanguinis</span> <span class='ocrx_word' id='word_1_59' title='bbox 1195 658 1398 702; x_wconf 83' lang='lat' dir='ltr'>effusione</span> <span class='ocrx_word' id='word_1_60' title='bbox 1429 662 1663 705; x_wconf 84' lang='lat' dir='ltr'>evidentior</span> <span class='ocrx_word' id='word_1_61' title='bbox 1692 666 1759 707; x_wconf 86' lang='lat' dir='ltr'>sit.</span> <span class='ocrx_word' id='word_1_62' title='bbox 1788 666 1846 709; x_wconf 87' lang='lat' dir='ltr'>Et</span> 
     </span>
     <span class='ocr_line' id='line_1_9' title="bbox 279 718 1845 789; baseline 0.015 -33"><span class='ocrx_word' id='word_1_63' title='bbox 279 731 377 757; x_wconf 82' lang='lat' dir='ltr'>sane</span> <span class='ocrx_word' id='word_1_64' title='bbox 421 718 570 760; x_wconf 90' lang='lat' dir='ltr'>allusio</span> <span class='ocrx_word' id='word_1_65' title='bbox 613 720 726 763; x_wconf 87' lang='lat' dir='ltr'>facta</span> <span class='ocrx_word' id='word_1_66' title='bbox 770 726 833 765; x_wconf 89' lang='lat' dir='ltr'>est</span> <span class='ocrx_word' id='word_1_67' title='bbox 876 725 927 766; x_wconf 86' lang='lat' dir='ltr'>ad</span> <span class='ocrx_word' id='word_1_68' title='bbox 968 728 1098 769; x_wconf 88' lang='lat' dir='ltr'>verba</span> <span class='ocrx_word' id='word_1_69' title='bbox 1139 728 1286 783; x_wconf 88' lang='lat' dir='ltr'>Mosis,</span> <span class='ocrx_word' id='word_1_70' title='bbox 1326 731 1459 774; x_wconf 85' lang='lat' dir='ltr'>Exod.</span> <span class='ocrx_word' id='word_1_71' title='bbox 1499 735 1562 776; x_wconf 81' lang='lat'>24.</span> <span class='ocrx_word' id='word_1_72' title='bbox 1601 735 1785 789; x_wconf 82' lang='lat' dir='ltr'>repetita</span> <span class='ocrx_word' id='word_1_73' title='bbox 1821 753 1845 780; x_wconf 88' lang='lat' dir='ltr'>a</span> 
     </span>
     <span class='ocr_line' id='line_1_10' title="bbox 278 788 1845 862; baseline 0.015 -34"><span class='ocrx_word' id='word_1_74' title='bbox 278 788 414 831; x_wconf 86' lang='lat' dir='ltr'>Paulo</span> <span class='ocrx_word' id='word_1_75' title='bbox 443 789 574 833; x_wconf 91' lang='lat' dir='ltr'>Hebr.</span> <span class='ocrx_word' id='word_1_76' title='bbox 606 794 642 844; x_wconf 99' lang='lat'>9,</span> <span class='ocrx_word' id='word_1_77' title='bbox 673 794 736 836; x_wconf 82' lang='lat'>20.</span> <span class='ocrx_word' id='word_1_78' title='bbox 765 796 905 839; x_wconf 88' lang='lat' dir='ltr'>Ecce</span> <span class='ocrx_word' id='word_1_79' title='bbox 935 801 1162 856; x_wconf 88' lang='lat' dir='ltr'>sanguis</span> <span class='ocrx_word' id='word_1_80' title='bbox 1191 800 1436 845; x_wconf 87' lang='lat' dir='ltr'>foederis</span> <span class='ocrx_word' id='word_1_81' title='bbox 1464 807 1602 858; x_wconf 85' lang='lat' dir='ltr'>quod</span> <span class='ocrx_word' id='word_1_82' title='bbox 1625 808 1845 862; x_wconf 83' lang='lat' dir='ltr'>pepigit</span> 
     </span>
     <span class='ocr_line' id='line_1_11' title="bbox 276 860 1615 907; baseline 0.013 -6"><span class='ocrx_word' id='word_1_83' title='bbox 276 860 556 904; x_wconf 83' lang='lat' dir='ltr'>vobiscum</span> <span class='ocrx_word' id='word_1_84' title='bbox 583 863 737 907; x_wconf 89' lang='lat' dir='ltr'>Deus.</span> <span class='ocrx_word' id='word_1_85' title='bbox 1613 885 1615 888; x_wconf 86' lang='lat'>&#39;</span> 
     </span>
    </p>

    <p class='ocr_par' dir='ltr' id='par_1_4' title="bbox 267 931 1843 2065">
     <span class='ocr_line' id='line_1_12' title="bbox 328 931 1842 1003; baseline 0.013 -30"><span class='ocrx_word' id='word_1_86' title='bbox 328 931 417 974; x_wconf 87' lang='lat' dir='ltr'>LII.</span> <span class='ocrx_word' id='word_1_87' title='bbox 447 933 714 988; x_wconf 83' lang='lat' dir='ltr'>Exegesis</span> <span class='ocrx_word' id='word_1_88' title='bbox 744 952 818 979; x_wconf 91' lang='lat' dir='ltr'>seu</span> <span class='ocrx_word' id='word_1_89' title='bbox 847 940 1152 993; x_wconf 80' lang='lat' dir='ltr'>explicatio</span> <span class='ocrx_word' id='word_1_90' title='bbox 1182 943 1353 998; x_wconf 88' lang='lat' dir='ltr'>utrique</span> <span class='ocrx_word' id='word_1_91' title='bbox 1384 946 1592 990; x_wconf 89' lang='lat' dir='ltr'>attributo</span> <span class='ocrx_word' id='word_1_92' title='bbox 1624 949 1842 1003; x_wconf 82' lang='lat' dir='ltr'>adjicitur3</span> 
     </span>
     <span class='ocr_line' id='line_1_13' title="bbox 276 1001 1842 1073; baseline 0.014 -31"><span class='ocrx_word' id='word_1_93' title='bbox 276 1001 326 1043; x_wconf 88' lang='lat' dir='ltr'>de</span> <span class='ocrx_word' id='word_1_94' title='bbox 355 1017 534 1056; x_wconf 88' lang='lat' dir='ltr'>corpore</span> <span class='ocrx_word' id='word_1_95' title='bbox 563 1020 638 1047; x_wconf 91' lang='lat' dir='ltr'>suo</span> <span class='ocrx_word' id='word_1_96' title='bbox 670 1007 852 1061; x_wconf 87' lang='lat' dir='ltr'>quidem,</span> <span class='ocrx_word' id='word_1_97' title='bbox 884 1011 1025 1062; x_wconf 85' lang='lat' dir='ltr'>quod</span> <span class='ocrx_word' id='word_1_98' title='bbox 1053 1027 1150 1065; x_wconf 89' lang='lat' dir='ltr'>pro</span> <span class='ocrx_word' id='word_1_99' title='bbox 1180 1014 1337 1056; x_wconf 88' lang='lat' dir='ltr'>vobis</span> <span class='ocrx_word' id='word_1_100' title='bbox 1367 1016 1549 1070; x_wconf 89' lang='lat' dir='ltr'>datur,</span> <span class='ocrx_word' id='word_1_101' title='bbox 1580 1018 1623 1061; x_wconf 86' lang='lat' dir='ltr'>id</span> <span class='ocrx_word' id='word_1_102' title='bbox 1653 1023 1728 1073; x_wconf 90' lang='lat' dir='ltr'>est,</span> <span class='ocrx_word' id='word_1_103' title='bbox 1754 1023 1842 1064; x_wconf 86' lang='lat' dir='ltr'>tra-</span> 
     </span>
     <span class='ocr_line' id='line_1_14' title="bbox 277 1074 1843 1142; baseline 0.013 -28"><span class='ocrx_word' id='word_1_104' title='bbox 277 1074 411 1127; x_wconf 89' lang='lat' dir='ltr'>detur,</span> <span class='ocrx_word' id='word_1_105' title='bbox 441 1078 489 1117; x_wconf 91' lang='lat' dir='ltr'>ut</span> <span class='ocrx_word' id='word_1_106' title='bbox 518 1076 546 1118; x_wconf 84' lang='lat' dir='ltr'><strong>J</strong></span> <span class='ocrx_word' id='word_1_107' title='bbox 549 1076 617 1119; x_wconf 89' lang='lat' dir='ltr'>oh.</span> <span class='ocrx_word' id='word_1_108' title='bbox 647 1079 684 1130; x_wconf 83' lang='lat'>6,</span> <span class='ocrx_word' id='word_1_109' title='bbox 710 1079 774 1120; x_wconf 82' lang='lat'>51.</span> <span class='ocrx_word' id='word_1_110' title='bbox 799 1082 1015 1132; x_wconf 86' lang='lat' dir='ltr'>praesenti</span> <span class='ocrx_word' id='word_1_111' title='bbox 1040 1097 1119 1135; x_wconf 89' lang='lat' dir='ltr'>pro</span> <span class='ocrx_word' id='word_1_112' title='bbox 1144 1084 1578 1142; x_wconf 87' lang='lat' dir='ltr'>paulo-post-futuro,</span> <span class='ocrx_word' id='word_1_113' title='bbox 1604 1090 1656 1132; x_wconf 91' lang='lat' dir='ltr'>ad</span> <span class='ocrx_word' id='word_1_114' title='bbox 1678 1091 1843 1134; x_wconf 89' lang='lat' dir='ltr'>instans</span> 
     </span>
     <span class='ocr_line' id='line_1_15' title="bbox 276 1148 1842 1212; baseline 0.013 -26"><span class='ocrx_word' id='word_1_115' title='bbox 276 1148 444 1200; x_wconf 87' lang='lat' dir='ltr'>tempus</span> <span class='ocrx_word' id='word_1_116' title='bbox 484 1150 526 1189; x_wconf 89' lang='lat' dir='ltr'>et</span> <span class='ocrx_word' id='word_1_117' title='bbox 566 1150 864 1193; x_wconf 83' lang='lat' dir='ltr'>certitudinem</span> <span class='ocrx_word' id='word_1_118' title='bbox 901 1153 959 1194; x_wconf 87' lang='lat' dir='ltr'>rei</span> <span class='ocrx_word' id='word_1_119' title='bbox 1000 1156 1041 1195; x_wconf 92' lang='lat' dir='ltr'>et</span> <span class='ocrx_word' id='word_1_120' title='bbox 1078 1155 1177 1198; x_wconf 88' lang='lat' dir='ltr'>fidei</span> <span class='ocrx_word' id='word_1_121' title='bbox 1214 1156 1495 1212; x_wconf 86' lang='lat' dir='ltr'>indicandam,</span> <span class='ocrx_word' id='word_1_122' title='bbox 1537 1164 1738 1205; x_wconf 88' lang='lat' dir='ltr'>consueto</span> <span class='ocrx_word' id='word_1_123' title='bbox 1777 1163 1842 1206; x_wconf 93' lang='lat' dir='ltr'>lo-</span> 
     </span>
     <span class='ocr_line' id='line_1_16' title="bbox 277 1218 1842 1287; baseline 0.013 -30"><span class='ocrx_word' id='word_1_124' title='bbox 277 1218 434 1269; x_wconf 90' lang='lat' dir='ltr'>quendi</span> <span class='ocrx_word' id='word_1_125' title='bbox 473 1233 638 1272; x_wconf 85' lang='lat' dir='ltr'>genere,</span> <span class='ocrx_word' id='word_1_126' title='bbox 678 1221 779 1263; x_wconf 86' lang='lat' dir='ltr'>Joh.</span> <span class='ocrx_word' id='word_1_127' title='bbox 810 1224 871 1277; x_wconf 88' lang='lat'>10,</span> <span class='ocrx_word' id='word_1_128' title='bbox 903 1225 965 1267; x_wconf 88' lang='lat'>17.</span> <span class='ocrx_word' id='word_1_129' title='bbox 996 1225 1094 1268; x_wconf 93' lang='lat' dir='ltr'>Luc.</span> <span class='ocrx_word' id='word_1_130' title='bbox 1124 1228 1189 1279; x_wconf 90' lang='grc'>22,</span> <span class='ocrx_word' id='word_1_131' title='bbox 1219 1230 1283 1270; x_wconf 89' lang='grc'>22.</span> <span class='ocrx_word' id='word_1_132' title='bbox 1312 1228 1356 1271; x_wconf 87' lang='grc'>111</span> <span class='ocrx_word' id='word_1_133' title='bbox 1386 1234 1570 1274; x_wconf 85' lang='lat' dir='ltr'>mortem</span> <span class='ocrx_word' id='word_1_134' title='bbox 1598 1233 1769 1287; x_wconf 90' lang='lat' dir='ltr'>scilicet,</span> <span class='ocrx_word' id='word_1_135' title='bbox 1800 1238 1842 1277; x_wconf 92' lang='lat' dir='ltr'>et</span> 
     </span>
     <span class='ocr_line' id='line_1_17' title="bbox 275 1289 1841 1358; baseline 0.013 -29"><span class='ocrx_word' id='word_1_136' title='bbox 275 1291 323 1329; x_wconf 90' lang='lat' dir='ltr'>ut</span> <span class='ocrx_word' id='word_1_137' title='bbox 359 1289 529 1343; x_wconf 89' lang='lat' dir='ltr'>Paulus,</span> <span class='ocrx_word' id='word_1_138' title='bbox 568 1292 873 1347; x_wconf 83' lang='lat' dir='ltr'>frangitur,</span> <span class='ocrx_word' id='word_1_139' title='bbox 902 1297 1238 1351; x_wconf 85' lang='lat' dir='ltr'>methaphorice,</span> <span class='ocrx_word' id='word_1_140' title='bbox 1268 1300 1311 1342; x_wconf 85' lang='lat' dir='ltr'>id</span> <span class='ocrx_word' id='word_1_141' title='bbox 1341 1303 1416 1354; x_wconf 92' lang='lat' dir='ltr'>est,</span> <span class='ocrx_word' id='word_1_142' title='bbox 1447 1302 1659 1358; x_wconf 86' lang='lat' dir='ltr'>affigetur,</span> <span class='ocrx_word' id='word_1_143' title='bbox 1689 1305 1841 1350; x_wconf 87' lang='lat' dir='ltr'>immo-</span> 
     </span>
     <span class='ocr_line' id='line_1_18' title="bbox 273 1361 1839 1431; baseline 0.012 -30"><span class='ocrx_word' id='word_1_144' title='bbox 273 1361 444 1415; x_wconf 85' lang='lat' dir='ltr'>labitur,</span> <span class='ocrx_word' id='word_1_145' title='bbox 488 1365 531 1404; x_wconf 90' lang='lat' dir='ltr'>et</span> <span class='ocrx_word' id='word_1_146' title='bbox 572 1364 817 1419; x_wconf 85' lang='lat' dir='ltr'>perimetur,</span> <span class='ocrx_word' id='word_1_147' title='bbox 862 1369 1131 1421; x_wconf 85' lang='lat' dir='ltr'>separatione</span> <span class='ocrx_word' id='word_1_148' title='bbox 1169 1371 1334 1414; x_wconf 88' lang='lat' dir='ltr'>animae</span> <span class='ocrx_word' id='word_1_149' title='bbox 1373 1388 1398 1414; x_wconf 90' lang='lat' dir='ltr'>a</span> <span class='ocrx_word' id='word_1_150' title='bbox 1435 1388 1634 1427; x_wconf 88' lang='lat' dir='ltr'>corpore:</span> <span class='ocrx_word' id='word_1_151' title='bbox 1672 1376 1717 1418; x_wconf 90' lang='lat' dir='ltr'>in</span> <span class='ocrx_word' id='word_1_152' title='bbox 1756 1392 1839 1431; x_wconf 83' lang='lat' dir='ltr'>quo</span> 
     </span>
     <span class='ocr_line' id='line_1_19' title="bbox 274 1432 1839 1504; baseline 0.012 -31"><span class='ocrx_word' id='word_1_153' title='bbox 274 1432 426 1475; x_wconf 90' lang='lat' dir='ltr'>allusio</span> <span class='ocrx_word' id='word_1_154' title='bbox 466 1437 530 1476; x_wconf 91' lang='lat' dir='ltr'>est</span> <span class='ocrx_word' id='word_1_155' title='bbox 566 1435 619 1477; x_wconf 91' lang='lat' dir='ltr'>ad</span> <span class='ocrx_word' id='word_1_156' title='bbox 656 1436 909 1480; x_wconf 83' lang='lat' dir='ltr'>fractionem</span> <span class='ocrx_word' id='word_1_157' title='bbox 948 1440 1084 1493; x_wconf 88' lang='lat' dir='ltr'>panis.</span> <span class='ocrx_word' id='word_1_158' title='bbox 1123 1441 1187 1484; x_wconf 88' lang='lat' dir='ltr'>De</span> <span class='ocrx_word' id='word_1_159' title='bbox 1225 1444 1432 1498; x_wconf 85' lang='lat' dir='ltr'>sanguine</span> <span class='ocrx_word' id='word_1_160' title='bbox 1468 1460 1582 1499; x_wconf 88' lang='lat' dir='ltr'>vero,</span> <span class='ocrx_word' id='word_1_161' title='bbox 1625 1448 1715 1501; x_wconf 83' lang='lat' dir='ltr'>qui</span> <span class='ocrx_word' id='word_1_162' title='bbox 1742 1465 1839 1504; x_wconf 91' lang='lat' dir='ltr'>pro</span> 
     </span>
     <span class='ocr_line' id='line_1_20' title="bbox 273 1505 1839 1569; baseline 0.012 -24"><span class='ocrx_word' id='word_1_163' title='bbox 273 1505 429 1547; x_wconf 87' lang='lat' dir='ltr'>vobis</span> <span class='ocrx_word' id='word_1_164' title='bbox 459 1506 793 1560; x_wconf 79' lang='lat' dir='ltr'>effunditur,</span> <span class='ocrx_word' id='word_1_165' title='bbox 827 1510 972 1552; x_wconf 87' lang='lat' dir='ltr'>eadem</span> <span class='ocrx_word' id='word_1_166' title='bbox 995 1513 1202 1566; x_wconf 87' lang='lat' dir='ltr'>temporis</span> <span class='ocrx_word' id='word_1_167' title='bbox 1229 1515 1435 1569; x_wconf 86' lang='lat' dir='ltr'>enallage,</span> <span class='ocrx_word' id='word_1_168' title='bbox 1462 1517 1624 1560; x_wconf 88' lang='lat' dir='ltr'>scilicet</span> <span class='ocrx_word' id='word_1_169' title='bbox 1647 1520 1692 1561; x_wconf 93' lang='lat' dir='ltr'>in</span> <span class='ocrx_word' id='word_1_170' title='bbox 1717 1535 1839 1564; x_wconf 87' lang='lat' dir='ltr'>cruce</span> 
     </span>
     <span class='ocr_line' id='line_1_21' title="bbox 273 1576 1838 1646; baseline 0.012 -30"><span class='ocrx_word' id='word_1_171' title='bbox 273 1589 359 1616; x_wconf 92' lang='lat' dir='ltr'>non</span> <span class='ocrx_word' id='word_1_172' title='bbox 386 1576 430 1617; x_wconf 89' lang='lat' dir='ltr'>in</span> <span class='ocrx_word' id='word_1_173' title='bbox 459 1578 627 1631; x_wconf 90' lang='lat' dir='ltr'>poculo,</span> <span class='ocrx_word' id='word_1_174' title='bbox 657 1581 851 1632; x_wconf 85' lang='lat' dir='ltr'>quamvis</span> <span class='ocrx_word' id='word_1_175' title='bbox 876 1580 1013 1625; x_wconf 87' lang='lat' dir='ltr'>Lucae</span> <span class='ocrx_word' id='word_1_176' title='bbox 1042 1584 1183 1637; x_wconf 88' lang='lat' dir='ltr'>verba,</span> <span class='ocrx_word' id='word_1_177' title='bbox 1215 1586 1250 1627; x_wconf 89' lang='lat' dir='ltr'>si</span> <span class='ocrx_word' id='word_1_178' title='bbox 1275 1588 1635 1631; x_wconf 84' lang='lat' dir='ltr'>constructionem</span> <span class='ocrx_word' id='word_1_179' title='bbox 1660 1594 1838 1646; x_wconf 88' lang='lat' dir='ltr'>spectes,</span> 
     </span>
     <span class='ocr_line' id='line_1_22' title="bbox 270 1646 1837 1712; baseline 0.011 -25"><span class='ocrx_word' id='word_1_180' title='bbox 270 1646 507 1689; x_wconf 85' lang='lat' dir='ltr'>referantur</span> <span class='ocrx_word' id='word_1_181' title='bbox 536 1649 588 1691; x_wconf 89' lang='lat' dir='ltr'>ad</span> <span class='ocrx_word' id='word_1_182' title='bbox 617 1651 829 1704; x_wconf 90' lang='lat' dir='ltr'>poculum,</span> <span class='ocrx_word' id='word_1_183' title='bbox 860 1653 933 1695; x_wconf 91' lang='lat' dir='ltr'>sed</span> <span class='ocrx_word' id='word_1_184' title='bbox 963 1653 998 1695; x_wconf 89' lang='lat' dir='ltr'>si</span> <span class='ocrx_word' id='word_1_185' title='bbox 1026 1669 1129 1708; x_wconf 78' lang='lat' dir='ltr'>reni,</span> <span class='ocrx_word' id='word_1_186' title='bbox 1160 1657 1214 1698; x_wconf 87' lang='lat' dir='ltr'>ad</span> <span class='ocrx_word' id='word_1_187' title='bbox 1242 1659 1504 1712; x_wconf 87' lang='lat' dir='ltr'>sanguinem,</span> <span class='ocrx_word' id='word_1_188' title='bbox 1535 1660 1597 1702; x_wconf 91' lang='lat' dir='ltr'>ita</span> <span class='ocrx_word' id='word_1_189' title='bbox 1622 1664 1669 1703; x_wconf 89' lang='lat' dir='ltr'>ut</span> <span class='ocrx_word' id='word_1_190' title='bbox 1698 1663 1837 1706; x_wconf 89' lang='lat' dir='ltr'>soloe-</span> 
     </span>
     <span class='ocr_line' id='line_1_23' title="bbox 269 1718 1837 1785; baseline 0.011 -26"><span class='ocrx_word' id='word_1_191' title='bbox 269 1718 483 1771; x_wconf 91' lang='lat' dir='ltr'>cophanes</span> <span class='ocrx_word' id='word_1_192' title='bbox 523 1721 592 1774; x_wconf 88' lang='lat' dir='ltr'>sit,</span> <span class='ocrx_word' id='word_1_193' title='bbox 632 1723 704 1775; x_wconf 89' lang='lat' dir='ltr'>qui</span> <span class='ocrx_word' id='word_1_194' title='bbox 741 1725 885 1766; x_wconf 88' lang='lat' dir='ltr'>tamen</span> <span class='ocrx_word' id='word_1_195' title='bbox 922 1724 1201 1770; x_wconf 81' lang='lat' dir='ltr'>Hebraisinus</span> <span class='ocrx_word' id='word_1_196' title='bbox 1240 1729 1284 1771; x_wconf 93' lang='lat' dir='ltr'>in</span> <span class='ocrx_word' id='word_1_197' title='bbox 1314 1729 1537 1785; x_wconf 83' lang='lat' dir='ltr'>Scriptura</span> <span class='ocrx_word' id='word_1_198' title='bbox 1565 1748 1651 1775; x_wconf 90' lang='lat' dir='ltr'>non</span> <span class='ocrx_word' id='word_1_199' title='bbox 1680 1736 1744 1776; x_wconf 90' lang='lat' dir='ltr'>est</span> <span class='ocrx_word' id='word_1_200' title='bbox 1772 1735 1837 1777; x_wconf 88' lang='lat' dir='ltr'>in-</span> 
     </span>
     <span class='ocr_line' id='line_1_24' title="bbox 269 1789 1836 1859; baseline 0.013 -29"><span class='ocrx_word' id='word_1_201' title='bbox 269 1789 421 1842; x_wconf 89' lang='lat' dir='ltr'>solens,</span> <span class='ocrx_word' id='word_1_202' title='bbox 459 1794 507 1833; x_wconf 88' lang='lat' dir='ltr'>ut</span> <span class='ocrx_word' id='word_1_203' title='bbox 545 1792 644 1835; x_wconf 89' lang='lat' dir='ltr'>Luc.</span> <span class='ocrx_word' id='word_1_204' title='bbox 683 1794 719 1844; x_wconf 83' lang='lat'>5,</span> <span class='ocrx_word' id='word_1_205' title='bbox 758 1796 794 1836; x_wconf 90' lang='lat'>9.</span> <span class='ocrx_word' id='word_1_206' title='bbox 836 1798 912 1839; x_wconf 83' lang='lat' dir='ltr'>etc.</span> <span class='ocrx_word' id='word_1_207' title='bbox 953 1798 1081 1851; x_wconf 90' lang='lat' dir='ltr'>idque</span> <span class='ocrx_word' id='word_1_208' title='bbox 1110 1815 1206 1853; x_wconf 90' lang='lat' dir='ltr'>pro</span> <span class='ocrx_word' id='word_1_209' title='bbox 1236 1802 1394 1844; x_wconf 88' lang='lat' dir='ltr'>vobis</span> <span class='ocrx_word' id='word_1_210' title='bbox 1425 1806 1476 1846; x_wconf 94' lang='lat' dir='ltr'>et</span> <span class='ocrx_word' id='word_1_211' title='bbox 1504 1805 1717 1859; x_wconf 85' lang='lat' dir='ltr'>multis,</span> <span class='ocrx_word' id='word_1_212' title='bbox 1749 1822 1836 1850; x_wconf 89' lang='lat' dir='ltr'>cre-</span> 
     </span>
     <span class='ocr_line' id='line_1_25' title="bbox 271 1861 1836 1929; baseline 0.013 -28"><span class='ocrx_word' id='word_1_213' title='bbox 271 1861 422 1903; x_wconf 88' lang='lat' dir='ltr'>dit-uris</span> <span class='ocrx_word' id='word_1_214' title='bbox 450 1862 668 1907; x_wconf 85' lang='lat' dir='ltr'>videlicet:</span> <span class='ocrx_word' id='word_1_215' title='bbox 697 1866 752 1908; x_wconf 91' lang='lat' dir='ltr'>in</span> <span class='ocrx_word' id='word_1_216' title='bbox 785 1869 1166 1913; x_wconf 87' lang='lat' dir='ltr'>remissionem</span> <span class='ocrx_word' id='word_1_217' title='bbox 1200 1876 1571 1929; x_wconf 90' lang='lat' dir='ltr'>peccatorum,</span> <span class='ocrx_word' id='word_1_218' title='bbox 1608 1876 1697 1919; x_wconf 88' lang='lat' dir='ltr'>sine</span> <span class='ocrx_word' id='word_1_219' title='bbox 1733 1878 1836 1920; x_wconf 86' lang='lat' dir='ltr'>effu-</span> 
     </span>
     <span class='ocr_line' id='line_1_26' title="bbox 268 1933 1834 2002; baseline 0.013 -29"><span class='ocrx_word' id='word_1_220' title='bbox 268 1933 385 1974; x_wconf 90' lang='lat' dir='ltr'>sione</span> <span class='ocrx_word' id='word_1_221' title='bbox 417 1936 636 1989; x_wconf 88' lang='lat' dir='ltr'>sanguinis</span> <span class='ocrx_word' id='word_1_222' title='bbox 667 1939 779 1981; x_wconf 89' lang='lat' dir='ltr'>enim</span> <span class='ocrx_word' id='word_1_223' title='bbox 806 1955 893 1982; x_wconf 91' lang='lat' dir='ltr'>non</span> <span class='ocrx_word' id='word_1_224' title='bbox 922 1942 971 1983; x_wconf 86' lang='lat' dir='ltr'>fit</span> <span class='ocrx_word' id='word_1_225' title='bbox 1000 1944 1205 1997; x_wconf 88' lang='lat' dir='ltr'>remissio,</span> <span class='ocrx_word' id='word_1_226' title='bbox 1236 1945 1346 1988; x_wconf 92' lang='lat' dir='ltr'>Heb.</span> <span class='ocrx_word' id='word_1_227' title='bbox 1376 1947 1413 1999; x_wconf 91' lang='lat'>9,</span> <span class='ocrx_word' id='word_1_228' title='bbox 1444 1948 1506 1990; x_wconf 88' lang='grc'>22.</span> <span class='ocrx_word' id='word_1_229' title='bbox 1536 1948 1681 2002; x_wconf 87' lang='lat' dir='ltr'>Atque</span> <span class='ocrx_word' id='word_1_230' title='bbox 1709 1949 1753 1992; x_wconf 94' lang='lat' dir='ltr'>id</span> <span class='ocrx_word' id='word_1_231' title='bbox 1782 1950 1834 1992; x_wconf 86' lang='lat' dir='ltr'>ab</span> 
     </span>
     <span class='ocr_line' id='line_1_27' title="bbox 267 2004 1771 2065; baseline 0.011 -19"><span class='ocrx_word' id='word_1_232' title='bbox 267 2004 349 2047; x_wconf 89' lang='lat' dir='ltr'>hoc</span> <span class='ocrx_word' id='word_1_233' title='bbox 377 2007 582 2061; x_wconf 86' lang='lat' dir='ltr'>membro,</span> <span class='ocrx_word' id='word_1_234' title='bbox 612 2010 707 2062; x_wconf 89' lang='lat' dir='ltr'>pari</span> <span class='ocrx_word' id='word_1_235' title='bbox 735 2012 912 2065; x_wconf 88' lang='lat' dir='ltr'>ratione,</span> <span class='ocrx_word' id='word_1_236' title='bbox 946 2014 1075 2056; x_wconf 88' lang='lat' dir='ltr'>etiam</span> <span class='ocrx_word' id='word_1_237' title='bbox 1104 2016 1157 2057; x_wconf 87' lang='lat' dir='ltr'>ad</span> <span class='ocrx_word' id='word_1_238' title='bbox 1188 2016 1371 2059; x_wconf 88' lang='lat' dir='ltr'>alterum</span> <span class='ocrx_word' id='word_1_239' title='bbox 1398 2018 1666 2062; x_wconf 89' lang='lat' dir='ltr'>referendum</span> <span class='ocrx_word' id='word_1_240' title='bbox 1695 2023 1771 2063; x_wconf 86' lang='lat' dir='ltr'>est.</span> 
     </span>
    </p>

    <p class='ocr_par' dir='ltr' id='par_1_5' title="bbox 260 2076 1835 2635">
     <span class='ocr_line' id='line_1_28' title="bbox 320 2076 1834 2142; baseline 0.012 -25"><span class='ocrx_word' id='word_1_241' title='bbox 320 2076 429 2119; x_wconf 89' lang='lat' dir='ltr'><strong>LIII.</strong></span> <span class='ocrx_word' id='word_1_242' title='bbox 468 2078 585 2132; x_wconf 87' lang='lat' dir='ltr'>Ergo</span> <span class='ocrx_word' id='word_1_243' title='bbox 625 2095 783 2131; x_wconf 83' lang='lat' dir='ltr'>verum,</span> <span class='ocrx_word' id='word_1_244' title='bbox 820 2086 1078 2127; x_wconf 89' lang='lat' dir='ltr'>naturale</span> <span class='ocrx_word' id='word_1_245' title='bbox 1116 2101 1334 2141; x_wconf 91' lang='lat' dir='ltr'>corpus,</span> <span class='ocrx_word' id='word_1_246' title='bbox 1375 2090 1490 2142; x_wconf 88' lang='lat' dir='ltr'>quod</span> <span class='ocrx_word' id='word_1_247' title='bbox 1515 2106 1684 2134; x_wconf 88' lang='lat' dir='ltr'>mensae</span> <span class='ocrx_word' id='word_1_248' title='bbox 1712 2107 1834 2135; x_wconf 88' lang='lat' dir='ltr'>accu-</span> 
     </span>
     <span class='ocr_line' id='line_1_29' title="bbox 267 2147 1834 2215; baseline 0.011 -27"><span class='ocrx_word' id='word_1_249' title='bbox 267 2147 361 2189; x_wconf 84' lang='lat' dir='ltr'>buit</span> <span class='ocrx_word' id='word_1_250' title='bbox 400 2163 496 2190; x_wconf 91' lang='lat' dir='ltr'>cum</span> <span class='ocrx_word' id='word_1_251' title='bbox 534 2150 765 2205; x_wconf 87' lang='lat' dir='ltr'>discipulis,</span> <span class='ocrx_word' id='word_1_252' title='bbox 802 2168 903 2196; x_wconf 85' lang='lat' dir='ltr'>mox</span> <span class='ocrx_word' id='word_1_253' title='bbox 943 2155 1300 2209; x_wconf 84' lang='lat' dir='ltr'>prehendendum,</span> <span class='ocrx_word' id='word_1_254' title='bbox 1331 2160 1674 2215; x_wconf 84' lang='lat' dir='ltr'>crucifigendum,</span> <span class='ocrx_word' id='word_1_255' title='bbox 1704 2165 1834 2206; x_wconf 89' lang='lat' dir='ltr'>morti</span> 
     </span>
     <span class='ocr_line' id='line_1_30' title="bbox 266 2219 1835 2286; baseline 0.012 -28"><span class='ocrx_word' id='word_1_256' title='bbox 266 2219 530 2273; x_wconf 87' lang='lat' dir='ltr'>tradendum,</span> <span class='ocrx_word' id='word_1_257' title='bbox 562 2224 603 2263; x_wconf 91' lang='lat' dir='ltr'>et</span> <span class='ocrx_word' id='word_1_258' title='bbox 632 2225 857 2277; x_wconf 90' lang='lat' dir='ltr'>sanguis</span> <span class='ocrx_word' id='word_1_259' title='bbox 887 2226 960 2278; x_wconf 89' lang='lat' dir='ltr'>qui</span> <span class='ocrx_word' id='word_1_260' title='bbox 988 2229 1080 2269; x_wconf 91' lang='lat' dir='ltr'>tum</span> <span class='ocrx_word' id='word_1_261' title='bbox 1109 2229 1279 2281; x_wconf 86' lang='lat' dir='ltr'>quidem</span> <span class='ocrx_word' id='word_1_262' title='bbox 1309 2233 1400 2278; x_wconf 89' lang='lat' dir='ltr'>erat</span> <span class='ocrx_word' id='word_1_263' title='bbox 1429 2232 1474 2273; x_wconf 92' lang='lat' dir='ltr'>in</span> <span class='ocrx_word' id='word_1_264' title='bbox 1501 2233 1632 2286; x_wconf 84' lang='lat' dir='ltr'>venis,</span> <span class='ocrx_word' id='word_1_265' title='bbox 1662 2236 1706 2275; x_wconf 89' lang='lat' dir='ltr'>at</span> <span class='ocrx_word' id='word_1_266' title='bbox 1734 2250 1835 2278; x_wconf 85' lang='lat' dir='ltr'>mox</span> 
     </span>
     <span class='ocr_line' id='line_1_31' title="bbox 266 2289 1834 2358; baseline 0.012 -28"><span class='ocrx_word' id='word_1_267' title='bbox 266 2289 551 2344; x_wconf 87' lang='lat' dir='ltr'>effundendus,</span> <span class='ocrx_word' id='word_1_268' title='bbox 589 2293 859 2348; x_wconf 85' lang='lat' dir='ltr'>intelligitur.</span> <span class='ocrx_word' id='word_1_269' title='bbox 899 2296 1000 2340; x_wconf 89' lang='lat' dir='ltr'>Non</span> <span class='ocrx_word' id='word_1_270' title='bbox 1027 2299 1172 2352; x_wconf 87' lang='lat' dir='ltr'>itaque</span> <span class='ocrx_word' id='word_1_271' title='bbox 1201 2315 1356 2355; x_wconf 91' lang='lat' dir='ltr'>corpus</span> <span class='ocrx_word' id='word_1_272' title='bbox 1383 2304 1737 2358; x_wconf 85' lang='lat' dir='ltr'>metaphoricum,</span> <span class='ocrx_word' id='word_1_273' title='bbox 1768 2306 1834 2349; x_wconf 89' lang='lat' dir='ltr'>in·-</span> 
     </span>
     <span class='ocr_line' id='line_1_32' title="bbox 266 2360 1832 2431; baseline 0.012 -30"><span class='ocrx_word' id='word_1_274' title='bbox 266 2360 648 2416; x_wconf 88' lang='lat' dir='ltr'>circumscriptum,</span> <span class='ocrx_word' id='word_1_275' title='bbox 673 2365 1004 2422; x_wconf 87' lang='lat' dir='ltr'>phantasticum,</span> <span class='ocrx_word' id='word_1_276' title='bbox 1030 2371 1264 2425; x_wconf 88' lang='lat' dir='ltr'>spirituale,</span> <span class='ocrx_word' id='word_1_277' title='bbox 1289 2374 1514 2428; x_wconf 86' lang='lat' dir='ltr'>invisibile,</span> <span class='ocrx_word' id='word_1_278' title='bbox 1540 2376 1832 2431; x_wconf 89' lang='lat' dir='ltr'>impalpabile,</span> 
     </span>
     <span class='ocr_line' id='line_1_33' title="bbox 262 2432 1833 2499; baseline 0.012 -26"><span class='ocrx_word' id='word_1_279' title='bbox 262 2432 440 2487; x_wconf 87' lang='lat' dir='ltr'>illocale,</span> <span class='ocrx_word' id='word_1_280' title='bbox 479 2434 565 2477; x_wconf 89' lang='lat' dir='ltr'>imo</span> <span class='ocrx_word' id='word_1_281' title='bbox 606 2438 654 2478; x_wconf 90' lang='lat' dir='ltr'>ut</span> <span class='ocrx_word' id='word_1_282' title='bbox 684 2439 1122 2485; x_wconf 87' lang='lat' dir='ltr'>consubstantiatores</span> <span class='ocrx_word' id='word_1_283' title='bbox 1152 2444 1313 2498; x_wconf 86' lang='lat' dir='ltr'>volunt,</span> <span class='ocrx_word' id='word_1_284' title='bbox 1343 2446 1654 2499; x_wconf 87' lang='lat' dir='ltr'>ubiquitarium</span> <span class='ocrx_word' id='word_1_285' title='bbox 1684 2452 1726 2491; x_wconf 93' lang='lat' dir='ltr'>et</span> <span class='ocrx_word' id='word_1_286' title='bbox 1754 2449 1833 2492; x_wconf 90' lang='lat' dir='ltr'>im-</span> 
     </span>
     <span class='ocr_line' id='line_1_34' title="bbox 263 2507 1831 2577; baseline 0.012 -32"><span class='ocrx_word' id='word_1_287' title='bbox 263 2507 481 2558; x_wconf 89' lang='lat' dir='ltr'>panatum,</span> <span class='ocrx_word' id='word_1_288' title='bbox 521 2509 562 2548; x_wconf 93' lang='lat' dir='ltr'>et</span> <span class='ocrx_word' id='word_1_289' title='bbox 592 2510 640 2551; x_wconf 86' lang='lat' dir='ltr'>ut</span> <span class='ocrx_word' id='word_1_290' title='bbox 668 2510 1138 2567; x_wconf 86' lang='lat' dir='ltr'>transubstantiatores,</span> <span class='ocrx_word' id='word_1_291' title='bbox 1170 2530 1220 2559; x_wconf 84' lang='lat' dir='ltr'>ex</span> <span class='ocrx_word' id='word_1_292' title='bbox 1247 2532 1356 2571; x_wconf 90' lang='lat' dir='ltr'>pane</span> <span class='ocrx_word' id='word_1_293' title='bbox 1385 2519 1831 2577; x_wconf 89' lang='lat' dir='ltr'>transubstantiatum,</span> 
     </span>
     <span class='ocr_line' id='line_1_35' title="bbox 260 2575 905 2635; baseline 0.014 -19"><span class='ocrx_word' id='word_1_294' title='bbox 260 2575 304 2623; x_wconf 30' lang='lat' dir='ltr'>id,</span> <span class='ocrx_word' id='word_1_295' title='bbox 333 2579 407 2629; x_wconf 85' lang='lat' dir='ltr'>est,</span> <span class='ocrx_word' id='word_1_296' title='bbox 439 2592 593 2633; x_wconf 85' lang='lat' dir='ltr'>corpus</span> <span class='ocrx_word' id='word_1_297' title='bbox 622 2594 709 2622; x_wconf 90' lang='lat' dir='ltr'>non</span> <span class='ocrx_word' id='word_1_298' title='bbox 740 2596 905 2635; x_wconf 88' lang='lat' dir='ltr'>corpus.</span> 
     </span>
    </p>

    <p class='ocr_par' dir='ltr' id='par_1_6' title="bbox 261 2647 1829 3004">
     <span class='ocr_line' id='line_1_36' title="bbox 314 2647 1829 2719; baseline 0.013 -30"><span class='ocrx_word' id='word_1_299' title='bbox 314 2647 424 2691; x_wconf 83' lang='lat' dir='ltr'>LIV.</span> <span class='ocrx_word' id='word_1_300' title='bbox 465 2649 660 2694; x_wconf 85' lang='lat' dir='ltr'>Ceterum</span> <span class='ocrx_word' id='word_1_301' title='bbox 700 2654 892 2706; x_wconf 85' lang='lat' dir='ltr'>quamvis</span> <span class='ocrx_word' id='word_1_302' title='bbox 922 2656 967 2697; x_wconf 92' lang='lat' dir='ltr'>in</span> <span class='ocrx_word' id='word_1_303' title='bbox 996 2655 1218 2711; x_wconf 79' lang='lat' dir='ltr'>Scriptura</span> <span class='ocrx_word' id='word_1_304' title='bbox 1246 2659 1380 2704; x_wconf 80' lang='lat' dir='ltr'>Sacra</span> <span class='ocrx_word' id='word_1_305' title='bbox 1405 2677 1559 2717; x_wconf 90' lang='lat' dir='ltr'>corpus</span> <span class='ocrx_word' id='word_1_306' title='bbox 1588 2666 1630 2706; x_wconf 90' lang='lat' dir='ltr'>et</span> <span class='ocrx_word' id='word_1_307' title='bbox 1656 2666 1829 2719; x_wconf 82' lang='lat' dir='ltr'>sanguis</span> 
     </span>
     <span class='ocr_line' id='line_1_37' title="bbox 262 2717 1828 2791; baseline 0.013 -32"><span class='ocrx_word' id='word_1_308' title='bbox 262 2717 486 2772; x_wconf 88' lang='lat' dir='ltr'>(sanguine</span> <span class='ocrx_word' id='word_1_309' title='bbox 525 2737 604 2776; x_wconf 90' lang='lat' dir='ltr'>pro</span> <span class='ocrx_word' id='word_1_310' title='bbox 645 2724 788 2766; x_wconf 89' lang='lat' dir='ltr'>anima</span> <span class='ocrx_word' id='word_1_311' title='bbox 818 2740 925 2778; x_wconf 88' lang='lat' dir='ltr'>quae</span> <span class='ocrx_word' id='word_1_312' title='bbox 953 2727 998 2769; x_wconf 90' lang='lat' dir='ltr'>in</span> <span class='ocrx_word' id='word_1_313' title='bbox 1027 2730 1233 2783; x_wconf 88' lang='lat' dir='ltr'>sanguine</span> <span class='ocrx_word' id='word_1_314' title='bbox 1263 2734 1338 2784; x_wconf 89' lang='lat' dir='ltr'>est,</span> <span class='ocrx_word' id='word_1_315' title='bbox 1370 2732 1471 2776; x_wconf 76' lang='lat' dir='ltr'>Gen.</span> <span class='ocrx_word' id='word_1_316' title='bbox 1501 2735 1538 2787; x_wconf 88' lang='lat'>9,</span> <span class='ocrx_word' id='word_1_317' title='bbox 1566 2734 1603 2776; x_wconf 86' lang='lat'>4.</span> <span class='ocrx_word' id='word_1_318' title='bbox 1634 2737 1828 2791; x_wconf 86' lang='lat' dir='ltr'>accepto)</span> 
     </span>
     <span class='ocr_line' id='line_1_38' title="bbox 261 2790 1828 2860; baseline 0.012 -29"><span class='ocrx_word' id='word_1_319' title='bbox 261 2790 472 2834; x_wconf 86' lang='lat' dir='ltr'>interdum</span> <span class='ocrx_word' id='word_1_320' title='bbox 502 2809 579 2848; x_wconf 87' lang='lat' dir='ltr'>pro</span> <span class='ocrx_word' id='word_1_321' title='bbox 609 2797 704 2838; x_wconf 92' lang='lat' dir='ltr'>toto</span> <span class='ocrx_word' id='word_1_322' title='bbox 734 2796 906 2841; x_wconf 81' lang='lat' dir='ltr'>homine</span> <span class='ocrx_word' id='word_1_323' title='bbox 935 2803 1177 2853; x_wconf 88' lang='lat' dir='ltr'>sumantur,</span> <span class='ocrx_word' id='word_1_324' title='bbox 1194 2801 1325 2846; x_wconf 90' lang='lat' dir='ltr'>Hebr.</span> <span class='ocrx_word' id='word_1_325' title='bbox 1351 2805 1388 2856; x_wconf 90' lang='grc'>2,</span> <span class='ocrx_word' id='word_1_326' title='bbox 1414 2805 1476 2847; x_wconf 89' lang='grc'>14.</span> <span class='ocrx_word' id='word_1_327' title='bbox 1502 2805 1588 2847; x_wconf 90' lang='lat' dir='ltr'>imo</span> <span class='ocrx_word' id='word_1_328' title='bbox 1613 2821 1692 2860; x_wconf 92' lang='lat' dir='ltr'>pro</span> <span class='ocrx_word' id='word_1_329' title='bbox 1717 2806 1828 2851; x_wconf 85' lang='lat' dir='ltr'>Filio</span> 
     </span>
     <span class='ocr_line' id='line_1_39' title="bbox 261 2861 1826 2931; baseline 0.012 -28"><span class='ocrx_word' id='word_1_330' title='bbox 261 2861 343 2904; x_wconf 89' lang='lat' dir='ltr'>Dei</span> <span class='ocrx_word' id='word_1_331' title='bbox 381 2863 601 2909; x_wconf 87' lang='lat' dir='ltr'>incarnato</span> <span class='ocrx_word' id='word_1_332' title='bbox 640 2869 958 2923; x_wconf 84' lang='lat' dir='ltr'>synecdochice,</span> <span class='ocrx_word' id='word_1_333' title='bbox 996 2886 1069 2914; x_wconf 89' lang='lat' dir='ltr'>seu</span> <span class='ocrx_word' id='word_1_334' title='bbox 1106 2887 1288 2926; x_wconf 88' lang='lat' dir='ltr'>persona</span> <span class='ocrx_word' id='word_1_335' title='bbox 1317 2874 1416 2917; x_wconf 86' lang='lat' dir='ltr'>Filii</span> <span class='ocrx_word' id='word_1_336' title='bbox 1445 2875 1536 2929; x_wconf 88' lang='lat' dir='ltr'>Dei,</span> <span class='ocrx_word' id='word_1_337' title='bbox 1566 2877 1665 2920; x_wconf 84' lang='lat' dir='ltr'>Joh.</span> <span class='ocrx_word' id='word_1_338' title='bbox 1695 2880 1732 2931; x_wconf 84' lang='lat'>6,</span> <span class='ocrx_word' id='word_1_339' title='bbox 1761 2880 1826 2922; x_wconf 81' lang='lat'>53.</span> 
     </span>
     <span class='ocr_line' id='line_1_40' title="bbox 264 2931 1826 3004; baseline 0.012 -29"><span class='ocrx_word' id='word_1_340' title='bbox 264 2931 366 2985; x_wconf 91' lang='lat' dir='ltr'>(quo</span> <span class='ocrx_word' id='word_1_341' title='bbox 406 2935 728 2992; x_wconf 87' lang='lat' dir='ltr'>significabitur,</span> <span class='ocrx_word' id='word_1_342' title='bbox 766 2942 908 2983; x_wconf 87' lang='lat' dir='ltr'>totum</span> <span class='ocrx_word' id='word_1_343' title='bbox 946 2941 1160 2987; x_wconf 85' lang='lat' dir='ltr'>Christum</span> <span class='ocrx_word' id='word_1_344' title='bbox 1198 2960 1240 2988; x_wconf 87' lang='lat' dir='ltr'>se</span> <span class='ocrx_word' id='word_1_345' title='bbox 1276 2947 1417 2989; x_wconf 87' lang='lat' dir='ltr'>totum</span> <span class='ocrx_word' id='word_1_346' title='bbox 1455 2948 1577 2991; x_wconf 87' lang='lat' dir='ltr'>nobis</span> <span class='ocrx_word' id='word_1_347' title='bbox 1616 2949 1826 3004; x_wconf 82' lang='lat' dir='ltr'>exhibere,</span> 
     </span>
    </p>
   </div>
  </div>
 </body>
</html>
