1931 3224
288 141 351 182 DE
383 139 562 189 QUINQUE
591 138 734 180 FALS1s
763 138 1077 180 PONTIFICIORUM
1106 135 1390 177 SAORAMENTIS.
1540 133 1617 174 575

58 265 193 306 multo
231 264 383 306 minus.
422 264 544 313 Quod
574 264 654 306 etsi
683 263 969 305 Bellarminus
999 276 1163 303 summa
1190 260 1233 302 vi
1261 258 1501 309 contendat,
1533 271 1618 299 non

58 336 202 390 potuit
229 338 316 378 tam
323 351 374 378 en
401 336 457 377 id*
474 335 558 377 suis
584 335 778 377 omnibus
801 334 1066 388 persuadere.
1089 331 1203 373 Nam
1227 330 1398 373 Gabriel
1421 328 1618 381 Vasquez

60 406 131 459 qui
160 408 260 460 post
288 406 593 448 Bellarminum
624 407 806 460 scripsit,
837 406 886 447 de
916 406 1009 447 loco
1036 404 1088 445 ad
1110 403 1223 456 Eph.
1249 402 1285 443 5.
1311 400 1339 443 S
1351 416 1374 442 a
1387 416 1407 442 c
1418 416 1438 442 r
1451 416 1474 441 a
1484 414 1528 440 m
1539 414 1560 441 e
1570 413 1619 439 n-

59 480 168 519 tum
205 478 304 520 hoc
341 492 588 530 magnum
627 479 723 529 est,
755 480 831 519 etc.
863 477 923 518 sic
951 475 1162 528 loquitur:
1192 474 1229 515 E
1243 488 1306 527 go
1336 488 1361 514 v
1375 487 1462 514 ero
1493 486 1619 513 sem-

59 564 153 602 per
191 548 530 600 existimavi,
560 548 659 590 hoc
687 547 1033 598 testimonio,
1062 560 1166 588 non
1195 545 1372 586 solum
1399 543 1451 584 id
1481 541 1619 594 quod

60 621 402 662 contendunt
430 619 632 671 nostri,
663 619 889 672 probari
918 633 1020 660 non
1045 631 1226 670 posse,
1252 629 1432 657 verum
1458 612 1620 655 etiam

59 691 111 732 in
153 691 532 745 explicatione
575 690 747 739 illius,
791 689 976 742 aliqua
1019 688 1080 729 ab
1123 688 1192 728 iis
1236 683 1620 740 pronunciari,

60 776 193 814 quae
234 776 346 803 cum
386 777 510 804 vera
549 761 801 803 doctrina
838 761 1055 801 minime
1094 760 1349 800 constare
1377 771 1403 810 p
1418 757 1622 798 ossunt.

59 833 117 874 Et
153 835 253 886 post
291 833 465 886 longam
502 833 803 874 refutationem
841 832 971 882 addit,
1011 831 1038 873 S
1051 845 1075 871 a
1085 833 1103 871 t
1113 830 1128 870 i
1138 845 1165 870 u
1178 845 1196 871 s
1225 828 1335 869 fuis
1348 843 1366 868 s
1379 830 1428 869 et
1457 826 1533 868 Th
1545 840 1566 867 e
1579 840 1623 866 o-

58 904 203 957 logis
240 904 473 955 nostris,
516 903 654 945 hunc
692 903 865 944 locum
903 901 1062 943 Pauli
1087 902 1280 942 contra
1308 898 1624 941 haereticos

58 975 535 1028 praetermittere,
566 989 719 1027 quam
750 975 805 1014 ut
834 974 1158 1014 viderentur
1187 986 1275 1013 eos
1300 969 1327 1012 S
1342 970 1624 1022 cripturae

59 1045 383 1088 testimonio
422 1060 685 1100 premere,
724 1045 778 1086 in
814 1045 908 1085 has
947 1043 1236 1099 angustias
1267 1044 1317 1083 et
1344 1042 1521 1082 minus
1550 1042 1624 1081 tu-

59 1119 113 1158 ta
125 1132 168 1158 m
207 1132 225 1159 s
239 1133 260 1159 e
270 1132 297 1158 n
308 1120 327 1158 t
339 1132 360 1158 e
371 1120 427 1158 nt
438 1117 453 1158 i
465 1132 488 1157 a
498 1132 541 1157 m
579 1116 631 1157 in
643 1116 689 1157 ci
703 1116 728 1157 d
741 1131 762 1157 e
773 1131 794 1156 r
806 1131 838 1157 e.
879 1115 943 1156 De
981 1113 1226 1156 Matrimon,
1266 1112 1507 1155 Sacramen.
1540 1102 1623 1153 dis'-

60 1190 196 1240 putat.
225 1188 262 1229 2.
293 1202 382 1240 cap.
411 1188 448 1228 6.
478 1186 634 1238 Item,
668 1187 1012 1228 concedimus
1042 1199 1191 1238 ergo,
1228 1199 1398 1236 neque
1434 1198 1492 1224 ex
1524 1182 1624 1238 illo

60 1258 122 1300 ad
159 1258 350 1312 Ephes.
390 1260 425 1300 5.
465 1273 636 1311 neque
676 1273 737 1299 ex
776 1258 875 1299 illo
907 1259 941 1299 1.
972 1258 1033 1299 ad
1062 1257 1419 1307 Timotheum,
1449 1256 1484 1296 2.
1517 1269 1625 1307 cap.

62 1330 378 1372 efficaciter
409 1330 634 1383 probari
660 1344 840 1383 posse,
866 1329 1275 1371 matrimonium
1300 1342 1416 1370 esse
1442 1326 1626 1368 Sacra-

61 1417 102 1442 m
116 1417 136 1443 e
147 1417 175 1443 n
187 1404 205 1442 t
217 1417 243 1443 u
254 1417 296 1442 m
308 1436 317 1454 ,
346 1400 521 1443 Ibidem.

113 1472 178 1514 LI.
208 1473 331 1523 Quod
360 1488 454 1515 cum
482 1474 543 1514 ita
572 1473 639 1524 sit,
671 1475 712 1514 et
739 1473 911 1514 tandem
940 1472 1153 1514 fateantur
1181 1473 1222 1513 vi
1252 1471 1444 1513 veritatis
1474 1469 1625 1520 adacti,

63 1562 106 1588 se
140 1548 184 1588 in
214 1545 435 1599 Scriptura
464 1544 629 1586 nullum
655 1543 813 1585 habere
841 1544 967 1596 hujus
998 1545 1063 1585 sui
1091 1543 1345 1585 sacramenti
1373 1541 1622 1583 fundamen-

60 1620 163 1669 tum,
217 1617 289 1659 sed
332 1617 383 1658 ad
425 1616 461 1658 E
477 1616 714 1666 eclesiae
758 1630 883 1657 suae
927 1614 1315 1656 definitionem
1357 1614 1627 1667 perpetua

60 1693 79 1731 t
88 1705 110 1731 r
121 1705 144 1731 a
155 1689 294 1731 ditio
305 1704 333 1730 n
345 1704 366 1730 e
404 1688 429 1729 d
441 1703 461 1729 e
473 1688 499 1729 d
509 1703 536 1728 u
548 1690 598 1729 ct
611 1703 634 1728 a
643 1703 706 1739 m,
747 1702 865 1729 suam
905 1687 955 1728 de
994 1702 1042 1728 ea
1070 1701 1115 1728 re
1146 1685 1399 1728 sententiam
1428 1683 1625 1733 referant,

62 1776 169 1813 quae
197 1760 373 1801 traditio
398 1760 536 1812 magis
560 1758 723 1800 incerta
748 1760 823 1810 est,
848 1773 976 1810 quam
999 1772 1065 1799 res
1091 1757 1140 1798 de
1167 1771 1249 1809 qua
1274 1756 1417 1809 agitur
1429 1770 1436 1804 余
1464 1754 1627 1795 duobus

63 1831 258 1885 genuinis
298 1831 585 1882 sacramentis,
627 1844 733 1882 quae
772 1845 796 1870 a
836 1828 945 1870 Filio
976 1828 1068 1880 Dei,
1100 1829 1225 1870 certis
1255 1827 1388 1881 signis
1419 1829 1460 1867 et
1487 1824 1627 1866 verbis

61 1903 261 1945 instituta
291 1917 379 1944 esse
410 1901 679 1955 exploratum
709 1902 784 1952 est,
815 1903 856 1941 et
886 1915 936 1941 ex
967 1899 1199 1953 Scripturis
1228 1897 1512 1948 manifestum,
1530 1910 1628 1938 con-

62 1975 191 2026 tenti余
220 1974 324 2016 haec
354 1973 500 2015 eadem
527 1987 696 2026 pauca
724 1986 820 2025 pro
845 1971 1056 2022 multis,
1083 1969 1475 2012 observatione
1500 1967 1629 2009 faci-

63 2046 158 2097 lia,
190 2044 451 2087 efficacia
480 2041 1266 2095 utilissima,significatione
1294 2039 1628 2082 manifestis-

64 2117 160 2158 sim
173 2131 215 2168 a,
245 2116 476 2157 retinentes
489 2130 497 2156 :
528 2129 674 2156 eorum
697 2129 776 2155 usu
800 2113 927 2155 fidem
949 2116 1138 2168 nostram
1165 2111 1521 2162 confirmabimus,
1548 2110 1629 2151 fide

63 2202 148 2230 non
176 2187 422 2229 vacillantes
435 2201 442 2227 :
475 2189 516 2227 et
546 2185 715 2238 quando
747 2185 950 2237 quicquid
979 2184 1067 2225 sine
1096 2184 1177 2225 fide
1202 2184 1264 2235 fit,
1291 2185 1514 2236 peccatum
1540 2196 1630 2222 esse

65 2259 287 2301 didicimus
299 2274 307 2308 余
339 2260 380 2299 et
410 2257 568 2298 nullam
598 2271 688 2299 esse
716 2256 854 2307 fidem,
884 2270 969 2297 non
994 2257 1225 2309 praeeunte
1248 2254 1330 2296 Dei
1354 2254 1483 2296 verbo
1509 2252 1629 2294 novi-

64 2346 156 2372 mus
169 2347 178 2382 3
216 2330 403 2384 peccatis
444 2343 589 2370 eorum
625 2342 712 2369 non
752 2326 1168 2373 communicabimus,
1210 2325 1282 2378 qui
1311 2325 1430 2366 vanis
1462 2323 1630 2375 opinio-

64 2402 189 2443 nibus
211 2402 323 2443 inter
347 2415 389 2441 se
415 2400 677 2451 dissidentes,
701 2399 898 2440 humanis
917 2397 1101 2439 inventis
1125 2396 1310 2450 gratiam
1328 2395 1410 2436 Dei
1429 2394 1609 2447 alligant
1622 2410 1631 2443 余

66 2488 194 2526 quam
224 2473 276 2514 ab
305 2474 476 2514 auctore
506 2470 668 2524 gratiae
696 2471 822 2512 unico
848 2471 1154 2523 exspectantes,
1181 2467 1316 2509 eidem
1340 2466 1383 2507 in
1408 2464 1631 2506 Trinitatis

65 2544 244 2595 unitate,
276 2544 505 2597 perpetuas
534 2541 696 2594 gratias
722 2543 764 2583 et
791 2540 935 2582 laudes
966 2540 1246 2581 concinemus.

599 2764 1108 2812 COROLLARIA.

121 2898 154 2942 I.
193 2897 401 2942 Gradus
442 2897 960 2950 consanguinitatis
999 2899 1049 2939 et
1079 2895 1410 2947 affinitatis,
1440 2895 1492 2936 in
1521 2893 1632 2947 qui-

70 2972 171 3014 bus
215 2971 545 3014 contrahere
587 2968 934 3023 prohibitum
977 2971 1079 3019 est,
1123 2967 1289 3009 Levit.
1328 2981 1434 3020 cap.
1466 2966 1529 3006 18.
1559 2966 1637 3006 ita
