1931 3224
639 155 703 197 Dss
734 155 864 198 Coma
892 155 1057 198 Donum.
1547 156 1624 197 527

62 281 270 333 perpetuo
299 278 384 320 ritu
413 279 592 332 accipite
621 295 785 333 panem,
818 280 1054 322 benedicite
1081 294 1235 332 panem
1264 293 1336 320 seu
1365 279 1479 332 pani,
1510 294 1625 321 eum-

63 364 144 402 que
172 349 369 402 frangite,
400 350 496 391 date
526 353 568 391 et
597 350 724 393 dicite
752 366 846 393 meo
876 351 1059 402 nomine,
1088 350 1183 392 Hoc
1213 353 1276 392 est
1305 364 1459 403 corpus
1484 365 1624 391 meum

63 435 135 462 seu
164 419 344 471 Christi3
374 421 560 473 itemque
589 421 771 473 calicem,
802 424 880 464 etc.
909 422 1078 464 facite
1103 421 1300 463 similiter
1323 436 1412 463 vos
1438 435 1625 462 commu-

63 491 264 543 nicantes,
303 490 434 543 Hoc,
475 491 517 532 id
546 494 621 543 est,
653 493 894 546 accipitote,
927 493 1098 544 editote,
1129 492 1332 544 bibitote;
1363 493 1477 545 quod
1505 494 1625 546 patet

64 577 114 604 ex
152 576 201 603 eo
243 562 357 614 quod
386 561 542 603 Paulus
572 577 620 604 ea
649 578 735 605 non
764 564 817 605 ad
846 564 959 605 solos
988 564 1199 616 Pastores,
1231 564 1302 605 sed
1331 563 1543 617 imprimis
1573 562 1626 605 ad

0 685 2 687 ‚
62 633 305 674 universam
354 632 671 675 Corinthiorum
722 634 957 676 Ecclesiam
1000 635 1302 686 accommodat,
1347 635 1446 676 dum
1487 635 1626 676 facere

61 705 382 758 interpretatur,
425 720 446 747 e
458 705 483 746 d
494 705 508 746 i
519 707 537 745 t
549 719 569 746 e
608 707 657 746 et
694 705 720 746 b
732 705 746 746 i
756 705 784 746 b
795 705 837 746 it
850 721 891 757 e,
932 721 1026 747 cum
1055 705 1212 747 Christi
1240 706 1368 748 verba
1397 706 1458 747 ita
1485 721 1630 748 recen-

63 778 139 827 set,
177 775 289 817 Hoc
325 775 516 827 facite,
558 776 1001 829 quotiescunque
1033 777 1315 829 biberitis,
1346 780 1422 819 etc.
1454 780 1494 819 et
1527 779 1628 819 0222oe-

64 845 204 897 λόγως,
238 847 573 900 quotiescunque
603 847 787 900 ederitis,
817 849 931 900 quod
958 863 1008 890 ex
1035 849 1265 902 aetiologia
1289 849 1479 902 subjecta
1494 849 1630 902 magis

62 919 194 969 patet,
234 917 684 971 Quotiescunque
724 920 860 961 enim
895 920 1127 961 ederitis
1157 923 1206 962 et
1234 920 1519 972 biberitis,
1550 923 1629 962 610.

63 988 120 1030 Ε1
160 1003 210 1030 ex
240 989 521 1041 conclusione,
551 989 744 1043 Itaque
775 991 1050 1043 quicunqu
1065 1006 1086 1032 e
1115 991 1291 1033 ederit
1320 993 1371 1033 et
1399 991 1629 1041 biberit,

65 1061 142 1101 610.
180 1059 229 1101 In
265 1075 349 1113 quo
379 1061 607 1102 necessitas
638 1061 830 1114 obsequii
861 1062 1056 1103 omnibus
1086 1062 1279 1104 fidelibus
1307 1063 1555 1116 imperatur,
1588 1065 1629 1104 et

62 1129 277 1172 Ecclesiae
302 1131 477 1174 libertas
501 1132 545 1173 in
570 1131 734 1174 Coenae
755 1131 1005 1174 Dominicae
1021 1132 1362 1185 frequentatione
1379 1133 1629 1175 ostenditur.

117 1200 306 1243 LXXXI.
345 1201 468 1245 Unde
507 1217 606 1244 sane
647 1205 840 1256 apparet,
881 1218 1009 1256 quam
1036 1203 1200 1258 Papani
1228 1204 1452 1257 ineptiant,
1484 1204 1557 1257 qui
1585 1204 1630 1245 in

62 1271 179 1314 hisce
207 1273 347 1314 verbis
376 1274 572 1316 sacrificii
600 1274 810 1317 Missatici
837 1275 1161 1317 fundamentum
1185 1278 1364 1329 ponunt,
1388 1275 1526 1317 facere
1550 1289 1629 1328 pro

63 1345 298 1386 sacrificare
336 1345 605 1399 accipientes,
636 1347 749 1398 quod
780 1348 821 1388 et
851 1346 1021 1388 Graecis
1055 1352 1174 1389 ποιεῖν
1206 1346 1364 1395 θυσίαν,
1398 1349 1439 1388 61
1467 1346 1628 1387 Latinis

65 1415 204 1457 facere
232 1431 305 1458 seu
335 1418 503 1470 operari
532 1418 593 1459 ita
622 1419 825 1469 sumatur,
855 1420 915 1469 ut,
942 1417 972 1458 C
984 1433 1011 1459 u
1022 1432 1064 1458 m
1089 1417 1141 1459 fa
1154 1417 1198 1459 ci
1211 1433 1234 1459 a
1245 1433 1287 1458 m
1312 1418 1510 1469 vitula,
1536 1419 1630 1459 etc.

65 1486 186 1540 Virg.
223 1487 283 1529 At
319 1491 412 1530 tum
445 1489 642 1542 jungitur
680 1504 774 1530 cum
812 1489 998 1530 ablativo
1037 1489 1118 1530 rei:
1154 1488 1361 1530 Hebraeis
1390 1504 1503 1540 vero,
1535 1503 1629 1530 cum

0 1559 1 1563 ’
65 1560 303 1601 accusativo
344 1575 456 1612 casu,
486 1561 547 1602 rei
577 1575 684 1613 quae
712 1561 756 1601 in
786 1560 1043 1602 sacrificium
1073 1560 1261 1612 offertur,
1293 1559 1468 1602 Numer.
1498 1561 1562 1611 28,
1592 1560 1629 1602 4.

3 1620 5 1622 ¹
66 1631 297 1684 additoque
332 1632 427 1683 fine,
467 1633 511 1673 in
551 1632 815 1674 sacrificium.
855 1631 1014 1673 Verum
1044 1631 1347 1685 phraseologia
1376 1632 1493 1683 haec,
1521 1631 1560 1672 H
1574 1646 1597 1673 o
1611 1646 1632 1673 c

0 1691 9 1744 's
65 1700 117 1743 fa
129 1701 256 1754 cite,
294 1718 513 1755 nunquam
552 1704 626 1745 illo
666 1718 791 1745 sensu
820 1703 1041 1756 accipitur,
1073 1703 1145 1745 sed
1173 1718 1339 1756 semper
1369 1703 1631 1745 demonstrat

67 1773 386 1815 antecedentem
424 1776 577 1826 actum,
617 1774 789 1827 scilicet,
830 1775 943 1827 quod
972 1789 1039 1816 me
1068 1774 1206 1816 facere
1236 1774 1414 1816 vidistis.
1443 1774 1501 1815 Et
1530 1788 1630 1815 sane

65 1859 152 1886 non
181 1847 273 1885 tum
302 1860 344 1887 se
375 1845 530 1887 obtulit
559 1845 752 1887 Christus
783 1846 859 1887 sub
889 1846 1108 1899 speciebus
1136 1845 1259 1900 panis
1286 1847 1330 1886 et
1357 1845 1457 1896 vini,
1488 1844 1559 1886 sed
1587 1859 1632 1886 se

67 1915 328 1958 offerendum
356 1917 476 1958 dixit.
505 1918 624 1959 Alias
651 1917 717 1958 bis
748 1932 790 1959 se
821 1917 1060 1969 obtulisset,
1091 1917 1221 1959 semel
1249 1916 1293 1958 in
1318 1931 1428 1970 pane
1452 1918 1494 1958 et
1518 1916 1631 1968 vino,

68 1989 109 2029 et
138 1987 293 2029 iterum
321 1988 364 2029 in
396 2003 468 2030 ara
500 1989 655 2030 crucis:
686 1989 799 2042 quod
830 1989 1059 2030 absurdum
1089 1991 1163 2030 est.

119 2058 330 2101 LXXXII.
382 2059 494 2101 Huic
535 2074 664 2113 porro
708 2060 924 2111 mandato,
969 2060 1137 2101 additur
1178 2059 1425 2100 universalis
1469 2058 1632 2100 Coenae

68 2128 328 2183 Dominicae,
362 2134 410 2173 ut
448 2131 807 2173 administrandae
846 2133 887 2173 et
924 2131 1206 2184 usurpandae,
1244 2129 1277 2171 F
1290 2130 1342 2171 in
1354 2130 1367 2170 i
1379 2144 1397 2171 s
1411 2163 1419 2182 ,
1448 2130 1500 2171 in
1530 2144 1570 2170 m
1585 2129 1632 2170 ei

67 2200 298 2252 ἀνάμνησιν,
334 2202 364 2244 C
378 2203 825 2245 ommemoration
839 2218 911 2244 em
937 2217 1009 2244 seu
1033 2202 1490 2254 recordationem,
1518 2201 1633 2254 quod

0 2273 2 2277 ’
16 2301 18 2303 -
66 2271 223 2314 Paulus
248 2273 568 2326 interpretatur,
597 2273 641 2314 in
669 2288 786 2315 meae
815 2273 965 2315 mortis
990 2273 1249 2315 memoriam,
1276 2272 1310 2322 Q
1323 2288 1351 2314 11
1364 2288 1387 2314 0
1400 2273 1473 2314 tie
1485 2287 1503 2313 6
1515 2287 1536 2314 0
1547 2288 1574 2313 11
1585 2288 1634 2314 n-

0 2336 12 2348 ⁹
68 2358 188 2397 que,
228 2345 367 2386 enim
403 2345 556 2397 inquit,
595 2338 827 2386 ederitis
865 2359 1053 2397 panem
1091 2345 1252 2396 hunc,
1293 2347 1344 2386 et
1381 2344 1633 2398 poculum

2 2404 7 2449 s
66 2415 163 2458 hoc
186 2416 462 2467 biberitis,
488 2431 529 2457 m
543 2418 714 2458 ortem
734 2416 772 2457 D
786 2416 945 2457 omini
971 2415 1388 2467 annunciabitis,
1405 2415 1431 2456 i.
1448 2415 1632 2456 celebra-

1 2473 8 2488 ⁵
66 2487 169 2529 bitis
186 2502 280 2529 cum
295 2487 392 2529 fidei
409 2487 684 2540 professione,
702 2489 743 2529 et
759 2487 995 2540 gratiarum
1011 2487 1188 2539 actione,
1225 2487 1250 2528 d
1264 2501 1287 2528 o
1298 2501 1326 2528 n
1339 2502 1359 2528 e
1374 2501 1395 2528 0
1422 2501 1448 2528 v
1461 2501 1481 2528 e
1492 2485 1544 2527 ni
1558 2488 1632 2538 at,

3 2554 11 2574 '³
67 2558 111 2600 id
141 2562 215 2611 est,
244 2574 388 2600 rursus
413 2560 619 2612 appareat
639 2558 904 2611 judicaturus
929 2558 1048 2601 vivos
1074 2561 1116 2601 et
1140 2560 1344 2600 mortuos.
1371 2557 1463 2607 Quo
1480 2556 1632 2599 ultimo

69 2630 251 2672 adventu
289 2629 598 2672 circumscribit
636 2629 903 2671 durationem
931 2630 1060 2672 seculi
1089 2632 1216 2682 atque
1244 2631 1500 2683 perpetuum
1530 2626 1633 2670 Coe-

5 2707 7 2709 ’
67 2717 146 2744 nae
174 2702 424 2744 Dominicae
452 2716 575 2742 usum
604 2701 696 2743 fore
725 2701 923 2743 declarat.
954 2700 1058 2742 Cum
1087 2716 1170 2753 quo
1199 2701 1282 2742 fine
1316 2703 1357 2741 et
1381 2699 1632 2741 6116111108-

2 2760 8 2781 i'
68 2773 277 2816 trissimus
320 2773 640 2827 conjungendus
684 2775 758 2824 est,
803 2771 917 2814 Unio
960 2772 1120 2814 scilicet
1160 2774 1201 2814 et
1250 2772 1489 2814 communio
1538 2786 1632 2813 cum

70 2842 252 2896 Christo,
292 2859 340 2886 ac
376 2843 648 2898 participatio
684 2844 875 2886 omnium
904 2843 1207 2885 beneficiorum
1236 2844 1337 2896 ejus,
1368 2858 1494 2896 quem
1521 2842 1633 2884 Pau-

14 2948 16 2951 .
71 2913 135 2956 lus
177 2914 374 2968 explicat,
415 2915 435 2956 1
467 2913 560 2957 Cor.
600 2914 662 2967 10,
703 2915 765 2957 16.
807 2915 868 2957 17.
909 2916 1056 2968 quia,
1094 2915 1245 2968 inquit,
1284 2929 1417 2956 unus
1455 2913 1632 2967 panis,

0 2996 8 3036 ;’
69 3000 230 3030 unum
285 3001 485 3041 corpus
529 2985 690 3029 multi
733 3002 934 3040 sumus3
979 2989 1020 3029 et
1068 3001 1157 3040 cap.
1205 2987 1268 3040 12,
1315 2986 1379 3028 13.
1422 2985 1489 3028 Et
1536 3000 1634 3028 om-
