1931 3224
239 150 315 191 228
803 146 1043 188 DISPUTATIO
1070 143 1227 186 XXIV.

237 272 409 314 modum
449 272 561 313 inter
602 286 806 325 sponsum
849 272 890 311 et
931 283 1144 322 sponsam,
1188 281 1315 320 quam
1357 265 1562 319 sanguine
1599 281 1674 308 suo
1713 267 1795 309 sibi

240 343 384 385 debuit
420 342 637 393 redimere,
674 344 801 394 atque
838 341 950 381 inter
988 354 1134 395 regem
1162 340 1204 380 et
1232 338 1436 390 subditos,
1467 338 1540 391 qui
1568 352 1644 391 per
1672 337 1795 380 illum

237 414 289 455 ad
319 413 603 456 obedientiam
632 414 752 454 erant
780 410 1016 453 reducendi.

289 483 487 526 XXVIII.
525 484 628 526 Inde
659 486 734 535 est,
766 483 879 535 quod
909 481 1031 523 electi
1059 482 1104 523 in
1134 480 1368 535 Scripturis
1396 483 1601 523 vocentur
1630 494 1796 533 popu-

237 557 318 597 lus
358 556 426 597 Ch
438 556 589 606 risti,
628 555 757 596 etiam
786 555 1015 606 antequam
1044 568 1068 594 a
1098 553 1284 606 peccatis
1314 567 1410 594 eum
1441 553 1662 603 servasset,
1690 549 1795 592 Mat.

237 629 272 678 1,
313 628 375 668 21.
416 629 457 668 et
496 627 568 678 qui
606 625 794 667 nondum
830 624 883 666 ad
919 624 1060 677 ipsum
1099 627 1189 666 erat
1227 639 1466 676 conversus,
1504 623 1600 665 Act.
1639 622 1702 674 18,
1732 621 1796 663 10.

236 697 344 739 Item
370 713 494 739 oves
524 699 638 750 ejus
668 711 746 749 pro
777 696 931 748 quibus
959 697 1083 749 ponit
1113 696 1296 738 animam
1327 710 1458 747 suam,
1484 695 1584 737 licet
1608 693 1798 736 nondum

235 769 288 810 ad
317 769 456 822 ipsum
486 771 623 810 essent
653 768 871 820 adductae,
901 767 1001 810 Joh.
1033 768 1094 820 10,
1125 768 1188 809 26.
1217 767 1331 809 Hinc
1359 769 1566 809 vocantur
1590 765 1797 807 Christi

236 840 508 891 Ecclesia,
552 854 702 892 quam
745 839 969 891 dilexit,
1012 841 1063 881 et
1105 854 1204 892 pro
1244 854 1345 892 qua
1383 853 1500 880 sese
1536 835 1796 888 tradidit,

236 913 290 951 ut
330 926 439 952 eam
475 910 892 961 sanctificaret,
932 925 1033 964 ergo
1064 913 1107 952 et
1135 912 1365 963 antequam
1394 924 1484 952 sese
1511 908 1689 951 tradidit
1716 922 1796 961 pro

236 997 284 1023 ea
321 984 362 1023 et
392 984 620 1034 antequam
659 997 751 1023 eam
789 982 1082 1035 sanctificavit,
1121 982 1234 1035 Eph.
1264 981 1300 1034 5,
1331 981 1393 1023 25.
1422 981 1514 1023 Iino
1545 983 1595 1022 et
1626 994 1797 1022 serva-

234 1053 315 1094 vit
360 1067 454 1094 1108
501 1055 552 1094 61
596 1054 816 1095 vocavit
862 1068 958 1095 nos
1005 1054 1300 1095 vocatione
1347 1055 1558 1104 sancta,
1595 1066 1701 1094 non
1738 1065 1798 1093 ex

238 1123 518 1177 operibus,
559 1124 648 1166 sed
686 1124 978 1166 secundum
1013 1125 1367 1178 propositum
1402 1123 1709 1178 proprium,
1748 1124 1799 1164 et

237 1196 473 1249 gratiam
511 1210 646 1248 quae
684 1195 844 1237 nobis
884 1197 965 1236 est
1002 1194 1127 1237 data
1164 1195 1217 1236 in
1255 1194 1477 1236 Christo
1515 1193 1645 1236 Jesu
1673 1195 1798 1235 ante

237 1270 481 1321 tempora
511 1267 802 1318 secularia,
834 1267 859 1308 2
889 1266 997 1308 Tim.
1029 1267 1064 1317 1,
1095 1267 1131 1308 9.
1160 1265 1206 1308 Si
1235 1267 1473 1309 vocationis
1502 1266 1629 1320 hujus
1658 1265 1799 1320 gratia

236 1339 358 1380 nobis
397 1339 495 1380 data
533 1341 596 1380 est
624 1339 678 1380 in
708 1337 948 1389 Christo,
980 1352 1082 1391 ergo
1114 1338 1350 1380 necessario
1380 1338 1480 1379 data
1509 1340 1572 1380 est
1600 1337 1725 1379 nobis
1754 1336 1799 1378 in

236 1425 296 1462 60,
337 1412 568 1462 antequam
605 1412 654 1451 ut
692 1409 836 1451 fideles
874 1408 1248 1461 consideraremur,
1279 1409 1378 1462 quia
1408 1409 1511 1451 fides
1540 1423 1592 1450 ex
1619 1408 1700 1451 hac
1728 1422 1799 1449 vo-

236 1480 400 1522 catione
431 1483 472 1522 et
503 1481 642 1534 gratia
672 1483 747 1522 est.

287 1551 441 1594 XXIX.
480 1551 598 1594 Licet
628 1567 730 1605 ergo
761 1550 920 1593 Christi
948 1552 1149 1594 meritum
1177 1566 1264 1593 non
1293 1551 1349 1593 sit
1378 1551 1596 1593 electionis
1626 1553 1799 1593 nostrae

239 1637 375 1675 causa,
415 1624 513 1676 quia
552 1625 594 1664 et
629 1623 772 1676 ipsum
806 1622 965 1665 Christi
992 1623 1194 1664 meritum
1223 1637 1274 1664 ex
1303 1622 1510 1664 electione
1539 1624 1623 1673 est3
1653 1624 1798 1664 tamen

237 1694 383 1736 electio
414 1696 562 1736 nostra
587 1695 693 1736 citra
721 1697 962 1747 respectum
991 1695 1044 1736 ad
1070 1694 1263 1736 futurum
1292 1693 1450 1735 Christi
1477 1694 1679 1736 meritum
1702 1708 1799 1747 per-

236 1767 330 1807 acta
366 1780 453 1807 non
491 1768 565 1817 est,
606 1766 705 1818 quia
744 1765 905 1807 Christi
939 1765 1132 1807 futurum
1168 1766 1369 1807 meritum
1407 1767 1449 1807 613
1477 1767 1572 1807 1013
1600 1763 1801 1806 mediatio

237 1838 327 1889 ejus
365 1837 476 1878 inter
511 1836 639 1890 hujus
679 1837 897 1879 electionis
936 1837 1102 1890 objecta
1140 1839 1215 1889 est,
1256 1839 1298 1879 et
1327 1837 1453 1878 simul
1479 1836 1803 1878 fundamentum

238 1909 426 1950 omnium
462 1908 633 1950 illorum
670 1908 985 1962 beneficiorum,
1028 1923 1136 1962 quae
1164 1908 1289 1951 nobis
1317 1923 1394 1962 per
1424 1908 1676 1950 electionem
1704 1909 1803 1949 sunt

236 1979 457 2021 destinata.

288 2049 423 2092 XXX.
453 2050 665 2093 Numerus
697 2051 928 2093 electorum
954 2050 1047 2093 Deo
1076 2053 1215 2102 notus,
1244 2051 1289 2092 in
1313 2050 1395 2093 1130
1417 2050 1507 2092 vita
1530 2050 1655 2092 nobis
1677 2050 1802 2104 igno-

236 2124 304 2163 tus
353 2125 428 2175 est,
470 2122 550 2164 etsi
586 2137 685 2164 vero
722 2125 921 2176 respectu
958 2122 1241 2175 reproborum
1276 2123 1313 2164 is
1348 2136 1656 2175 nonnunquam
1694 2121 1804 2163 dica-

236 2195 306 2234 tur
336 2208 439 2246 grex
466 2193 655 2248 pusillus,
688 2196 730 2235 et
757 2193 870 2236 inter
898 2193 1055 2235 multos
1084 2195 1258 2235 vocatos
1291 2194 1418 2246 pauci
1448 2193 1571 2235 electi
1601 2192 1706 2235 Mat.
1737 2192 1803 2234 20.

239 2266 281 2305 et
315 2265 441 2317 pauci
480 2265 565 2306 sint
603 2265 675 2318 qui
713 2267 840 2319 porta
883 2267 1000 2307 arcta
1028 2267 1070 2306 et
1098 2264 1167 2306 via
1196 2266 1380 2318 angusta
1408 2263 1462 2305 311
1490 2264 1674 2305 8311116111
1703 2276 1804 2305 0011-

237 2335 429 2387 16111111111,
472 2338 668 2390 respectu
709 2335 1007 2388 multitudinis,
1055 2350 1163 2388 quae
1206 2350 1283 2389 per
1325 2335 1439 2377 viam
1481 2335 1721 2388 spaciosam
1763 2336 1805 2375 61

238 2408 407 2460 portam
445 2407 577 2449 latam
617 2408 670 2449 ad
706 2407 991 2460 perditionem
1019 2407 1118 2459 ruit,
1148 2405 1253 2448 Mat.
1284 2407 1320 2448 7.
1350 2392 1493 2448 tamen
1522 2420 1600 2459 per
1630 2419 1674 2447 se
1704 2418 1805 2446 con-

239 2478 411 2520 siderati
439 2480 561 2520 tanta
585 2481 684 2520 sunt
706 2478 948 2530 multitudo,
974 2479 1022 2519 ut
1048 2477 1244 2520 omnibus
1270 2477 1542 2519 admirationi
1567 2476 1622 2518 sit
1647 2475 1803 2528 futura,

239 2549 347 2590 sicut
374 2550 516 2591 videre
546 2552 610 2591 est
639 2550 737 2591 Esa.
766 2550 831 2592 49.
860 2549 964 2591 item
993 2550 1056 2591 60.
1087 2552 1129 2591 et
1156 2550 1220 2591 66.
1252 2550 1406 2603 capite,
1438 2548 1524 2591 imo
1553 2561 1653 2589 vero
1682 2561 1804 2601 prae-

236 2621 302 2660 ter
344 2635 415 2662 eos
457 2620 529 2673 qui
572 2635 623 2662 ex
659 2620 832 2662 Judaeis
872 2620 1013 2662 notati
1053 2623 1172 2662 erant
1211 2620 1380 2673 144000,
1420 2622 1578 2662 tanta
1615 2616 1806 2660 Johanni

238 2692 474 2732 monstrata
511 2691 619 2733 fuit
658 2706 840 2733 eorum
880 2691 1064 2743 turba,
1105 2706 1165 2733 ex
1204 2691 1346 2733 omni
1385 2693 1569 2744 gente,
1598 2687 1804 2742 populo

239 2763 291 2802 et
332 2761 542 2815 lingua,
577 2765 635 2804 ut
665 2778 776 2805 eam
803 2777 1088 2804 numerare
1115 2777 1265 2804 nemo
1295 2763 1507 2816 posset,
1540 2759 1675 2813 Apoc.
1704 2759 1741 2811 7,
1767 2759 1805 2809 9,

293 2830 446 2873 XXXI.
476 2833 715 2887 Explicatis
740 2836 831 2887 jam
857 2834 1074 2887 plerisque
1105 2834 1362 2876 definitionis
1392 2834 1564 2875 nostrae
1591 2829 1805 2882 membris,
1852 2883 1854 2885 ‚

240 2904 374 2943 restat
412 2905 459 2943 ut
495 2903 622 2955 hujus
653 2905 873 2947 electionis
903 2919 1072 2947 causam
1104 2920 1211 2958 quae
1240 2903 1380 2947 Deum
1408 2904 1460 2946 ad
1493 2905 1630 2945 certas
1658 2914 1807 2955 perso-

237 2986 316 3013 nas
347 2972 560 3025 eligendas
590 2975 737 3026 movit,
765 2976 1043 3029 inquiramus.
