<?xml version="1.0" encoding="UTF-8"?>
<!DOCTYPE html PUBLIC "-//W3C//DTD XHTML 1.0 Transitional//EN"
    "http://www.w3.org/TR/xhtml1/DTD/xhtml1-transitional.dtd">
<html xmlns="http://www.w3.org/1999/xhtml" xml:lang="en" lang="en">
 <head>
  <title>
</title>
<meta http-equiv="Content-Type" content="text/html;charset=utf-8" />
  <meta name='ocr-system' content='tesseract 3.04.00' />
  <meta name='ocr-capabilities' content='ocr_page ocr_carea ocr_par ocr_line ocrx_word'/>
</head>
<body>
  <div class='ocr_page' id='page_1' title='image "./synopsispurioris00poly_0182.png"; bbox 0 0 1931 3224; ppageno 0'>
   <div class='ocr_carea' id='block_1_1' title="bbox 245 177 1236 230">
    <p class='ocr_par' dir='ltr' id='par_1_1' title="bbox 245 177 1236 230">
     <span class='ocr_line' id='line_1_1' title="bbox 245 177 1236 230; baseline -0.011 0"><span class='ocrx_word' id='word_1_1' title='bbox 245 189 323 230; x_wconf 84' lang='grc'>160</span> <span class='ocrx_word' id='word_1_2' title='bbox 809 183 1052 224; x_wconf 80' lang='lat' dir='ltr'>DISPUTATIO</span> <span class='ocrx_word' id='word_1_3' title='bbox 1080 177 1236 222; x_wconf 87' lang='lat' dir='ltr'>XVIII.</span> 
     </span>
    </p>
   </div>
   <div class='ocr_carea' id='block_1_2' title="bbox 245 295 1805 423">
    <p class='ocr_par' dir='ltr' id='par_1_2' title="bbox 245 295 1805 423">
     <span class='ocr_line' id='line_1_2' title="bbox 245 295 1805 353; baseline -0.01 -1"><span class='ocrx_word' id='word_1_4' title='bbox 245 312 323 352; x_wconf 89' lang='lat' dir='ltr'>bus</span> <span class='ocrx_word' id='word_1_5' title='bbox 360 311 403 351; x_wconf 90' lang='lat' dir='ltr'>in</span> <span class='ocrx_word' id='word_1_6' title='bbox 442 309 705 351; x_wconf 73' lang='lat' dir='ltr'>contumacia</span> <span class='ocrx_word' id='word_1_7' title='bbox 744 306 962 353; x_wconf 78' lang='lat' dir='ltr'>conclusis,</span> <span class='ocrx_word' id='word_1_8' title='bbox 1004 306 1076 346; x_wconf 89' lang='lat' dir='ltr'>aut</span> <span class='ocrx_word' id='word_1_9' title='bbox 1114 303 1343 344; x_wconf 88' lang='lat' dir='ltr'>electorum</span> <span class='ocrx_word' id='word_1_10' title='bbox 1381 298 1510 341; x_wconf 87' lang='lat' dir='ltr'>saluti</span> <span class='ocrx_word' id='word_1_11' title='bbox 1536 295 1805 353; x_wconf 89' lang='lat' dir='ltr'>peculiariter</span> 
     </span>
     <span class='ocr_line' id='line_1_3' title="bbox 248 382 493 423; baseline -0.008 0"><span class='ocrx_word' id='word_1_12' title='bbox 248 382 493 423; x_wconf 87' lang='lat' dir='ltr'>destinatus.</span> 
     </span>
    </p>
   </div>
   <div class='ocr_carea' id='block_1_3' title="bbox 251 448 1876 2922">
    <p class='ocr_par' dir='ltr' id='par_1_3' title="bbox 300 448 984 502">
     <span class='ocr_line' id='line_1_4' title="bbox 300 448 984 502; baseline -0.007 -9"><span class='ocrx_word' id='word_1_13' title='bbox 300 451 407 493; x_wconf 89' lang='lat' dir='ltr'>XLI.</span> <span class='ocrx_word' id='word_1_14' title='bbox 436 451 561 493; x_wconf 83' lang='lat' dir='ltr'>Prior</span> <span class='ocrx_word' id='word_1_15' title='bbox 588 465 686 492; x_wconf 86' lang='lat' dir='ltr'>usus</span> <span class='ocrx_word' id='word_1_16' title='bbox 717 452 780 492; x_wconf 89' lang='lat' dir='ltr'>est</span> <span class='ocrx_word' id='word_1_17' title='bbox 807 448 984 502; x_wconf 85' lang='lat' dir='ltr'>triplex:</span> 
     </span>
    </p>

    <p class='ocr_par' dir='ltr' id='par_1_4' title="bbox 251 511 1806 647">
     <span class='ocr_line' id='line_1_5' title="bbox 302 511 1806 570; baseline -0.009 -5"><span class='ocrx_word' id='word_1_18' title='bbox 302 524 338 565; x_wconf 87' lang='lat'>1.</span> <span class='ocrx_word' id='word_1_19' title='bbox 385 522 445 565; x_wconf 93' lang='lat' dir='ltr'>Ut</span> <span class='ocrx_word' id='word_1_20' title='bbox 486 522 605 564; x_wconf 86' lang='lat' dir='ltr'>freno</span> <span class='ocrx_word' id='word_1_21' title='bbox 649 524 845 563; x_wconf 88' lang='lat' dir='ltr'>externae</span> <span class='ocrx_word' id='word_1_22' title='bbox 887 533 986 560; x_wconf 88' lang='lat' dir='ltr'>suae</span> <span class='ocrx_word' id='word_1_23' title='bbox 1029 517 1278 570; x_wconf 88' lang='lat' dir='ltr'>disciplinae</span> <span class='ocrx_word' id='word_1_24' title='bbox 1321 515 1546 557; x_wconf 83' lang='lat' dir='ltr'>effrenatas</span> <span class='ocrx_word' id='word_1_25' title='bbox 1586 511 1806 554; x_wconf 84' lang='lat' dir='ltr'>hominum</span> 
     </span>
     <span class='ocr_line' id='line_1_6' title="bbox 251 589 1048 647; baseline -0.009 -11"><span class='ocrx_word' id='word_1_26' title='bbox 251 593 538 647; x_wconf 87' lang='lat' dir='ltr'>quorumlibet</span> <span class='ocrx_word' id='word_1_27' title='bbox 567 593 810 634; x_wconf 87' lang='lat' dir='ltr'>affectiones</span> <span class='ocrx_word' id='word_1_28' title='bbox 840 589 1048 632; x_wconf 86' lang='lat' dir='ltr'>cohibeat.</span> 
     </span>
    </p>

    <p class='ocr_par' dir='ltr' id='par_1_5' title="bbox 252 653 1876 1070">
     <span class='ocr_line' id='line_1_7' title="bbox 303 653 1838 716; baseline -0.008 -10"><span class='ocrx_word' id='word_1_29' title='bbox 303 666 339 705; x_wconf 92' lang='grc'>2.</span> <span class='ocrx_word' id='word_1_30' title='bbox 376 664 436 706; x_wconf 89' lang='lat' dir='ltr'>Ut</span> <span class='ocrx_word' id='word_1_31' title='bbox 473 665 517 705; x_wconf 89' lang='lat' dir='ltr'>in</span> <span class='ocrx_word' id='word_1_32' title='bbox 554 678 596 714; x_wconf 86' lang='lat' dir='ltr'>se</span> <span class='ocrx_word' id='word_1_33' title='bbox 632 665 852 714; x_wconf 88' lang='lat' dir='ltr'>tamquam</span> <span class='ocrx_word' id='word_1_34' title='bbox 885 660 929 701; x_wconf 85' lang='lat' dir='ltr'>in</span> <span class='ocrx_word' id='word_1_35' title='bbox 958 659 1142 714; x_wconf 88' lang='lat' dir='ltr'>speculo,</span> <span class='ocrx_word' id='word_1_36' title='bbox 1171 661 1265 700; x_wconf 90' lang='lat' dir='ltr'>tum</span> <span class='ocrx_word' id='word_1_37' title='bbox 1293 657 1563 699; x_wconf 89' lang='lat' dir='ltr'>amissionem</span> <span class='ocrx_word' id='word_1_38' title='bbox 1592 653 1822 708; x_wconf 59' lang='lat' dir='ltr'>originalis</span> <span class='ocrx_word' id='word_1_39' title='bbox 1835 712 1838 716; x_wconf 91' lang='lat'>.</span> 
     </span>
     <span class='ocr_line' id='line_1_8' title="bbox 252 727 1812 789; baseline -0.006 -13"><span class='ocrx_word' id='word_1_40' title='bbox 252 735 417 789; x_wconf 84' lang='lat' dir='ltr'>generis</span> <span class='ocrx_word' id='word_1_41' title='bbox 460 733 636 775; x_wconf 87' lang='lat' dir='ltr'>humani</span> <span class='ocrx_word' id='word_1_42' title='bbox 676 733 720 774; x_wconf 88' lang='lat' dir='ltr'>in</span> <span class='ocrx_word' id='word_1_43' title='bbox 761 732 927 773; x_wconf 88' lang='lat' dir='ltr'>Adamo</span> <span class='ocrx_word' id='word_1_44' title='bbox 966 731 1172 784; x_wconf 85' lang='lat' dir='ltr'>justitiae,</span> <span class='ocrx_word' id='word_1_45' title='bbox 1216 732 1309 771; x_wconf 89' lang='lat' dir='ltr'>tum</span> <span class='ocrx_word' id='word_1_46' title='bbox 1353 727 1489 770; x_wconf 88' lang='lat' dir='ltr'>carnis</span> <span class='ocrx_word' id='word_1_47' title='bbox 1525 741 1599 768; x_wconf 88' lang='lat' dir='ltr'>seu</span> <span class='ocrx_word' id='word_1_48' title='bbox 1634 728 1812 767; x_wconf 84' lang='lat' dir='ltr'>naturae</span> 
     </span>
     <span class='ocr_line' id='line_1_9' title="bbox 252 798 1813 858; baseline -0.006 -11"><span class='ocrx_word' id='word_1_49' title='bbox 252 807 476 858; x_wconf 71' lang='lat' dir='ltr'>corruptae</span> <span class='ocrx_word' id='word_1_50' title='bbox 515 804 754 855; x_wconf 59' lang='grc' dir='ltr'>ἀδυναμίαν,</span> <span class='ocrx_word' id='word_1_51' title='bbox 789 803 832 844; x_wconf 89' lang='lat' dir='ltr'>id</span> <span class='ocrx_word' id='word_1_52' title='bbox 861 805 935 854; x_wconf 74' lang='lat' dir='ltr'>est,</span> <span class='ocrx_word' id='word_1_53' title='bbox 964 801 1264 856; x_wconf 65' lang='lat' dir='ltr'>impotentiam</span> <span class='ocrx_word' id='word_1_54' title='bbox 1290 800 1343 841; x_wconf 89' lang='lat' dir='ltr'>ad</span> <span class='ocrx_word' id='word_1_55' title='bbox 1366 798 1567 840; x_wconf 87' lang='lat' dir='ltr'>mandata</span> <span class='ocrx_word' id='word_1_56' title='bbox 1591 812 1667 839; x_wconf 86' lang='lat' dir='ltr'>sua</span> <span class='ocrx_word' id='word_1_57' title='bbox 1689 811 1813 851; x_wconf 89' lang='lat' dir='ltr'>prae-</span> 
     </span>
     <span class='ocr_line' id='line_1_10' title="bbox 253 865 1876 929; baseline -0.006 -11"><span class='ocrx_word' id='word_1_58' title='bbox 253 876 414 928; x_wconf 85' lang='lat' dir='ltr'>standa,</span> <span class='ocrx_word' id='word_1_59' title='bbox 452 890 689 929; x_wconf 87' lang='lat' dir='ltr'>pravasque</span> <span class='ocrx_word' id='word_1_60' title='bbox 718 874 770 915; x_wconf 90' lang='lat' dir='ltr'>ad</span> <span class='ocrx_word' id='word_1_61' title='bbox 799 889 848 915; x_wconf 90' lang='lat' dir='ltr'>ea</span> <span class='ocrx_word' id='word_1_62' title='bbox 874 873 1073 914; x_wconf 84' lang='lat' dir='ltr'>violanda</span> <span class='ocrx_word' id='word_1_63' title='bbox 1100 872 1396 913; x_wconf 80' lang='lat' dir='ltr'>inclinationes</span> <span class='ocrx_word' id='word_1_64' title='bbox 1428 869 1689 922; x_wconf 83' lang='lat' dir='ltr'>quibuslibet</span> <span class='ocrx_word' id='word_1_65' title='bbox 1715 881 1814 921; x_wconf 87' lang='lat' dir='ltr'>pec·</span> <span class='ocrx_word' id='word_1_66' title='bbox 1873 865 1876 867; x_wconf 68' lang='grc'><strong>’</strong></span> 
     </span>
     <span class='ocr_line' id='line_1_11' title="bbox 255 938 1815 998; baseline -0.006 -9"><span class='ocrx_word' id='word_1_67' title='bbox 255 947 467 990; x_wconf 85' lang='lat' dir='ltr'>catoribus</span> <span class='ocrx_word' id='word_1_68' title='bbox 507 947 779 988; x_wconf 80' lang='lat' dir='ltr'>demonstret.</span> <span class='ocrx_word' id='word_1_69' title='bbox 817 944 941 987; x_wconf 87' lang='lat' dir='ltr'>Unde</span> <span class='ocrx_word' id='word_1_70' title='bbox 976 959 1054 998; x_wconf 88' lang='lat' dir='ltr'>per</span> <span class='ocrx_word' id='word_1_71' title='bbox 1083 959 1176 986; x_wconf 89' lang='lat' dir='ltr'>eam</span> <span class='ocrx_word' id='word_1_72' title='bbox 1205 943 1369 996; x_wconf 84' lang='lat' dir='ltr'>agnitio</span> <span class='ocrx_word' id='word_1_73' title='bbox 1399 941 1565 995; x_wconf 90' lang='lat' dir='ltr'>peccati</span> <span class='ocrx_word' id='word_1_74' title='bbox 1592 939 1685 982; x_wconf 88' lang='lat' dir='ltr'>fieri</span> <span class='ocrx_word' id='word_1_75' title='bbox 1713 938 1815 980; x_wconf 90' lang='lat' dir='ltr'>dici-</span> 
     </span>
     <span class='ocr_line' id='line_1_12' title="bbox 254 1014 1615 1070; baseline -0.005 -10"><span class='ocrx_word' id='word_1_76' title='bbox 254 1022 336 1070; x_wconf 90' lang='lat' dir='ltr'>tur,</span> <span class='ocrx_word' id='word_1_77' title='bbox 364 1018 488 1060; x_wconf 88' lang='lat' dir='ltr'>Rom.</span> <span class='ocrx_word' id='word_1_78' title='bbox 515 1018 553 1070; x_wconf 98' lang='lat'>3,</span> <span class='ocrx_word' id='word_1_79' title='bbox 583 1018 645 1059; x_wconf 94' lang='grc'>19.</span> <span class='ocrx_word' id='word_1_80' title='bbox 675 1017 738 1058; x_wconf 89' lang='grc'>20.</span> <span class='ocrx_word' id='word_1_81' title='bbox 769 1019 810 1058; x_wconf 92' lang='lat' dir='ltr'>et</span> <span class='ocrx_word' id='word_1_82' title='bbox 837 1017 875 1067; x_wconf 90' lang='lat'>4,</span> <span class='ocrx_word' id='word_1_83' title='bbox 906 1017 968 1058; x_wconf 86' lang='lat'>15.</span> <span class='ocrx_word' id='word_1_84' title='bbox 998 1018 1039 1058; x_wconf 90' lang='lat' dir='ltr'>et</span> <span class='ocrx_word' id='word_1_85' title='bbox 1069 1016 1105 1067; x_wconf 94' lang='lat'>5,</span> <span class='ocrx_word' id='word_1_86' title='bbox 1135 1015 1197 1056; x_wconf 91' lang='grc'>20.</span> <span class='ocrx_word' id='word_1_87' title='bbox 1228 1017 1269 1056; x_wconf 92' lang='lat' dir='ltr'>et</span> <span class='ocrx_word' id='word_1_88' title='bbox 1298 1015 1333 1066; x_wconf 87' lang='lat'>7,</span> <span class='ocrx_word' id='word_1_89' title='bbox 1363 1014 1399 1055; x_wconf 92' lang='lat'>7.</span> <span class='ocrx_word' id='word_1_90' title='bbox 1430 1015 1471 1054; x_wconf 87' lang='lat' dir='ltr'>et</span> <span class='ocrx_word' id='word_1_91' title='bbox 1499 1026 1615 1065; x_wconf 84' lang='lat' dir='ltr'>seqq.</span> 
     </span>
    </p>

    <p class='ocr_par' dir='ltr' id='par_1_6' title="bbox 259 1084 1819 1282">
     <span class='ocr_line' id='line_1_13' title="bbox 309 1084 1818 1140; baseline -0.006 -9"><span class='ocrx_word' id='word_1_92' title='bbox 309 1091 345 1131; x_wconf 81' lang='lat'>3.</span> <span class='ocrx_word' id='word_1_93' title='bbox 384 1089 446 1131; x_wconf 91' lang='lat' dir='ltr'>Ut</span> <span class='ocrx_word' id='word_1_94' title='bbox 482 1089 537 1130; x_wconf 91' lang='lat' dir='ltr'>sit</span> <span class='ocrx_word' id='word_1_95' title='bbox 573 1088 727 1130; x_wconf 86' lang='lat' dir='ltr'>nuncia</span> <span class='ocrx_word' id='word_1_96' title='bbox 759 1088 865 1140; x_wconf 82' lang='lat' dir='ltr'>justi</span> <span class='ocrx_word' id='word_1_97' title='bbox 898 1086 1045 1140; x_wconf 87' lang='lat' dir='ltr'>judicii</span> <span class='ocrx_word' id='word_1_98' title='bbox 1074 1086 1205 1127; x_wconf 88' lang='lat' dir='ltr'>divini</span> <span class='ocrx_word' id='word_1_99' title='bbox 1234 1085 1433 1127; x_wconf 88' lang='lat' dir='ltr'>adversus</span> <span class='ocrx_word' id='word_1_100' title='bbox 1463 1084 1551 1136; x_wconf 89' lang='lat' dir='ltr'>ejus</span> <span class='ocrx_word' id='word_1_101' title='bbox 1578 1085 1818 1135; x_wconf 83' lang='lat' dir='ltr'>transgres-</span> 
     </span>
     <span class='ocr_line' id='line_1_14' title="bbox 259 1156 1819 1208; baseline -0.005 -5"><span class='ocrx_word' id='word_1_102' title='bbox 259 1175 385 1203; x_wconf 86' lang='lat' dir='ltr'>sores.</span> <span class='ocrx_word' id='word_1_103' title='bbox 423 1159 546 1202; x_wconf 89' lang='lat' dir='ltr'>Unde</span> <span class='ocrx_word' id='word_1_104' title='bbox 583 1162 759 1201; x_wconf 84' lang='lat' dir='ltr'>vocatur</span> <span class='ocrx_word' id='word_1_105' title='bbox 796 1158 1079 1200; x_wconf 89' lang='lat' dir='ltr'>ministerium</span> <span class='ocrx_word' id='word_1_106' title='bbox 1115 1157 1279 1208; x_wconf 86' lang='lat' dir='ltr'>mortis,</span> <span class='ocrx_word' id='word_1_107' title='bbox 1309 1156 1417 1198; x_wconf 84' lang='lat' dir='ltr'>iram</span> <span class='ocrx_word' id='word_1_108' title='bbox 1447 1169 1629 1208; x_wconf 86' lang='lat' dir='ltr'>operans</span> <span class='ocrx_word' id='word_1_109' title='bbox 1659 1169 1707 1196; x_wconf 84' lang='lat' dir='ltr'>ac</span> <span class='ocrx_word' id='word_1_110' title='bbox 1733 1156 1819 1195; x_wconf 88' lang='lat' dir='ltr'>ter-</span> 
     </span>
     <span class='ocr_line' id='line_1_15' title="bbox 259 1227 1615 1282; baseline -0.004 -9"><span class='ocrx_word' id='word_1_111' title='bbox 259 1246 398 1273; x_wconf 85' lang='lat' dir='ltr'>rorem</span> <span class='ocrx_word' id='word_1_112' title='bbox 425 1230 645 1282; x_wconf 87' lang='lat' dir='ltr'>incutiens,</span> <span class='ocrx_word' id='word_1_113' title='bbox 676 1231 700 1271; x_wconf 94' lang='grc'><strong>2</strong></span> <span class='ocrx_word' id='word_1_114' title='bbox 730 1228 822 1271; x_wconf 87' lang='lat' dir='ltr'>Cor.</span> <span class='ocrx_word' id='word_1_115' title='bbox 851 1230 889 1281; x_wconf 91' lang='lat'>3,</span> <span class='ocrx_word' id='word_1_116' title='bbox 919 1229 954 1270; x_wconf 98' lang='lat'>7.</span> <span class='ocrx_word' id='word_1_117' title='bbox 985 1228 1109 1270; x_wconf 84' lang='lat' dir='ltr'>Rom.</span> <span class='ocrx_word' id='word_1_118' title='bbox 1136 1228 1174 1279; x_wconf 88' lang='lat'>4,</span> <span class='ocrx_word' id='word_1_119' title='bbox 1204 1228 1267 1269; x_wconf 85' lang='lat'>15.</span> <span class='ocrx_word' id='word_1_120' title='bbox 1297 1227 1429 1269; x_wconf 79' lang='lat' dir='ltr'>Hebr.</span> <span class='ocrx_word' id='word_1_121' title='bbox 1459 1227 1521 1279; x_wconf 94' lang='grc'>12,</span> <span class='ocrx_word' id='word_1_122' title='bbox 1551 1227 1615 1268; x_wconf 88' lang='grc'>29.</span> 
     </span>
    </p>

    <p class='ocr_par' dir='ltr' id='par_1_7' title="bbox 263 1297 1820 1427">
     <span class='ocr_line' id='line_1_16' title="bbox 311 1297 1820 1352; baseline -0.004 -8"><span class='ocrx_word' id='word_1_123' title='bbox 311 1301 440 1344; x_wconf 86' lang='lat' dir='ltr'>XLII.</span> <span class='ocrx_word' id='word_1_124' title='bbox 476 1301 694 1343; x_wconf 86' lang='lat' dir='ltr'>Posterior</span> <span class='ocrx_word' id='word_1_125' title='bbox 720 1316 821 1343; x_wconf 92' lang='lat' dir='ltr'>usus</span> <span class='ocrx_word' id='word_1_126' title='bbox 851 1300 1083 1342; x_wconf 87' lang='lat' dir='ltr'>electorum</span> <span class='ocrx_word' id='word_1_127' title='bbox 1112 1299 1240 1340; x_wconf 89' lang='lat' dir='ltr'>saluti</span> <span class='ocrx_word' id='word_1_128' title='bbox 1268 1298 1544 1352; x_wconf 87' lang='lat' dir='ltr'>peculiariter</span> <span class='ocrx_word' id='word_1_129' title='bbox 1572 1297 1820 1348; x_wconf 67' lang='lat' dir='ltr'>destinatus,</span> 
     </span>
     <span class='ocr_line' id='line_1_17' title="bbox 263 1374 637 1427; baseline 0 -12"><span class='ocrx_word' id='word_1_130' title='bbox 263 1377 326 1416; x_wconf 90' lang='lat' dir='ltr'>est</span> <span class='ocrx_word' id='word_1_131' title='bbox 356 1374 637 1427; x_wconf 82' lang='lat' dir='ltr'>quadruplex:</span> 
     </span>
    </p>

    <p class='ocr_par' dir='ltr' id='par_1_8' title="bbox 262 1441 1825 1641">
     <span class='ocr_line' id='line_1_18' title="bbox 318 1441 1824 1497; baseline -0.004 -10"><span class='ocrx_word' id='word_1_132' title='bbox 318 1447 351 1488; x_wconf 85' lang='lat'>1.</span> <span class='ocrx_word' id='word_1_133' title='bbox 390 1445 481 1497; x_wconf 86' lang='lat' dir='ltr'>Est,</span> <span class='ocrx_word' id='word_1_134' title='bbox 518 1448 566 1487; x_wconf 92' lang='lat' dir='ltr'>ut</span> <span class='ocrx_word' id='word_1_135' title='bbox 603 1445 796 1486; x_wconf 88' lang='lat' dir='ltr'>adhibito</span> <span class='ocrx_word' id='word_1_136' title='bbox 834 1443 1021 1485; x_wconf 88' lang='lat' dir='ltr'>subsidio</span> <span class='ocrx_word' id='word_1_137' title='bbox 1051 1442 1277 1484; x_wconf 87' lang='lat' dir='ltr'>ministerii</span> <span class='ocrx_word' id='word_1_138' title='bbox 1305 1441 1567 1494; x_wconf 84' lang='lat' dir='ltr'>Evangelici,</span> <span class='ocrx_word' id='word_1_139' title='bbox 1599 1455 1670 1482; x_wconf 87' lang='lat' dir='ltr'>eos</span> <span class='ocrx_word' id='word_1_140' title='bbox 1700 1454 1824 1482; x_wconf 87' lang='lat' dir='ltr'>sensu</span> 
     </span>
     <span class='ocr_line' id='line_1_19' title="bbox 262 1512 1825 1572; baseline -0.004 -13"><span class='ocrx_word' id='word_1_141' title='bbox 262 1517 425 1572; x_wconf 87' lang='lat' dir='ltr'>peccati</span> <span class='ocrx_word' id='word_1_142' title='bbox 455 1531 501 1558; x_wconf 90' lang='lat' dir='ltr'>ac</span> <span class='ocrx_word' id='word_1_143' title='bbox 529 1519 672 1558; x_wconf 87' lang='lat' dir='ltr'>reatus</span> <span class='ocrx_word' id='word_1_144' title='bbox 701 1517 766 1558; x_wconf 89' lang='lat' dir='ltr'>sui</span> <span class='ocrx_word' id='word_1_145' title='bbox 794 1516 990 1568; x_wconf 73' lang='lat' dir='ltr'>dejectos,</span> <span class='ocrx_word' id='word_1_146' title='bbox 1021 1514 1073 1556; x_wconf 90' lang='lat' dir='ltr'>ad</span> <span class='ocrx_word' id='word_1_147' title='bbox 1102 1513 1316 1555; x_wconf 85' lang='lat' dir='ltr'>Christum</span> <span class='ocrx_word' id='word_1_148' title='bbox 1341 1512 1607 1554; x_wconf 81' lang='lat' dir='ltr'>Salvatorem</span> <span class='ocrx_word' id='word_1_149' title='bbox 1628 1514 1825 1554; x_wconf 90' lang='lat' dir='ltr'>nostrum</span> 
     </span>
     <span class='ocr_line' id='line_1_20' title="bbox 264 1583 1749 1641; baseline -0.004 -11"><span class='ocrx_word' id='word_1_150' title='bbox 264 1588 453 1637; x_wconf 84' lang='lat' dir='ltr'>deducat,</span> <span class='ocrx_word' id='word_1_151' title='bbox 481 1587 608 1629; x_wconf 90' lang='lat' dir='ltr'>finem</span> <span class='ocrx_word' id='word_1_152' title='bbox 635 1587 742 1641; x_wconf 83' lang='lat' dir='ltr'>legis</span> <span class='ocrx_word' id='word_1_153' title='bbox 772 1586 826 1628; x_wconf 91' lang='lat' dir='ltr'>ad</span> <span class='ocrx_word' id='word_1_154' title='bbox 849 1586 1063 1639; x_wconf 87' lang='lat' dir='ltr'>justitiam</span> <span class='ocrx_word' id='word_1_155' title='bbox 1093 1586 1208 1627; x_wconf 90' lang='lat' dir='ltr'>omni</span> <span class='ocrx_word' id='word_1_156' title='bbox 1237 1584 1435 1636; x_wconf 89' lang='lat' dir='ltr'>credenti,</span> <span class='ocrx_word' id='word_1_157' title='bbox 1465 1583 1588 1625; x_wconf 87' lang='lat' dir='ltr'>Rom.</span> <span class='ocrx_word' id='word_1_158' title='bbox 1619 1583 1682 1634; x_wconf 92' lang='grc'>10,</span> <span class='ocrx_word' id='word_1_159' title='bbox 1711 1583 1749 1624; x_wconf 84' lang='grc'>4.</span> 
     </span>
    </p>

    <p class='ocr_par' dir='ltr' id='par_1_9' title="bbox 266 1655 1829 1994">
     <span class='ocr_line' id='line_1_21' title="bbox 317 1655 1827 1712; baseline -0.004 -11"><span class='ocrx_word' id='word_1_160' title='bbox 317 1661 353 1701; x_wconf 97' lang='grc'>2.</span> <span class='ocrx_word' id='word_1_161' title='bbox 391 1659 482 1711; x_wconf 87' lang='lat' dir='ltr'>Est,</span> <span class='ocrx_word' id='word_1_162' title='bbox 520 1662 567 1700; x_wconf 92' lang='lat' dir='ltr'>ut</span> <span class='ocrx_word' id='word_1_163' title='bbox 604 1659 709 1712; x_wconf 89' lang='lat' dir='ltr'>ipsis</span> <span class='ocrx_word' id='word_1_164' title='bbox 747 1659 792 1699; x_wconf 91' lang='lat' dir='ltr'>in</span> <span class='ocrx_word' id='word_1_165' title='bbox 829 1657 1045 1699; x_wconf 88' lang='lat' dir='ltr'>Christum</span> <span class='ocrx_word' id='word_1_166' title='bbox 1082 1657 1350 1698; x_wconf 87' lang='lat' dir='ltr'>credentibus</span> <span class='ocrx_word' id='word_1_167' title='bbox 1388 1657 1443 1698; x_wconf 89' lang='lat' dir='ltr'>sit</span> <span class='ocrx_word' id='word_1_168' title='bbox 1481 1655 1742 1709; x_wconf 72' lang='lat' dir='ltr'>agendoriun</span> <span class='ocrx_word' id='word_1_169' title='bbox 1785 1656 1827 1696; x_wconf 90' lang='lat' dir='ltr'>et</span> 
     </span>
     <span class='ocr_line' id='line_1_22' title="bbox 266 1724 1827 1782; baseline -0.004 -11"><span class='ocrx_word' id='word_1_170' title='bbox 266 1730 596 1772; x_wconf 89' lang='lat' dir='ltr'>omittendorum</span> <span class='ocrx_word' id='word_1_171' title='bbox 638 1729 784 1782; x_wconf 82' lang='lat' dir='ltr'>regula</span> <span class='ocrx_word' id='word_1_172' title='bbox 826 1731 953 1781; x_wconf 87' lang='lat' dir='ltr'>atque</span> <span class='ocrx_word' id='word_1_173' title='bbox 995 1728 1121 1770; x_wconf 84' lang='lat' dir='ltr'>index</span> <span class='ocrx_word' id='word_1_174' title='bbox 1156 1728 1249 1769; x_wconf 85' lang='lat' dir='ltr'>viae</span> <span class='ocrx_word' id='word_1_175' title='bbox 1289 1727 1341 1769; x_wconf 87' lang='lat' dir='ltr'>ad</span> <span class='ocrx_word' id='word_1_176' title='bbox 1369 1727 1502 1768; x_wconf 83' lang='lat' dir='ltr'>vitam</span> <span class='ocrx_word' id='word_1_177' title='bbox 1531 1725 1743 1775; x_wconf 82' lang='lat' dir='ltr'>ducentis3</span> <span class='ocrx_word' id='word_1_178' title='bbox 1773 1724 1827 1766; x_wconf 91' lang='lat' dir='ltr'>ob</span> 
     </span>
     <span class='ocr_line' id='line_1_23' title="bbox 269 1794 1827 1854; baseline -0.004 -12"><span class='ocrx_word' id='word_1_179' title='bbox 269 1815 394 1853; x_wconf 89' lang='lat' dir='ltr'>quem</span> <span class='ocrx_word' id='word_1_180' title='bbox 431 1815 553 1842; x_wconf 88' lang='lat' dir='ltr'>usum</span> <span class='ocrx_word' id='word_1_181' title='bbox 590 1800 832 1854; x_wconf 72' lang='lat' dir='ltr'>appellatur</span> <span class='ocrx_word' id='word_1_182' title='bbox 869 1800 938 1841; x_wconf 87' lang='lat' dir='ltr'>lex</span> <span class='ocrx_word' id='word_1_183' title='bbox 978 1814 1165 1854; x_wconf 91' lang='lat' dir='ltr'>operum,</span> <span class='ocrx_word' id='word_1_184' title='bbox 1204 1798 1326 1840; x_wconf 84' lang='lat' dir='ltr'>Rom.</span> <span class='ocrx_word' id='word_1_185' title='bbox 1366 1799 1403 1850; x_wconf 92' lang='lat'>3,</span> <span class='ocrx_word' id='word_1_186' title='bbox 1433 1797 1510 1848; x_wconf 90' lang='grc'><strong>27.,</strong></span> <span class='ocrx_word' id='word_1_187' title='bbox 1538 1797 1608 1838; x_wconf 83' lang='lat' dir='ltr'>via</span> <span class='ocrx_word' id='word_1_188' title='bbox 1636 1795 1729 1848; x_wconf 90' lang='lat' dir='ltr'>Dei,</span> <span class='ocrx_word' id='word_1_189' title='bbox 1758 1794 1827 1836; x_wconf 89' lang='lat' dir='ltr'>Ps.</span> 
     </span>
     <span class='ocr_line' id='line_1_24' title="bbox 269 1869 1829 1923; baseline -0.003 -10"><span class='ocrx_word' id='word_1_190' title='bbox 269 1872 357 1923; x_wconf 90' lang='grc'><strong>119,</strong></span> <span class='ocrx_word' id='word_1_191' title='bbox 395 1873 445 1922; x_wconf 88' lang='grc'>3.,</span> <span class='ocrx_word' id='word_1_192' title='bbox 473 1872 542 1913; x_wconf 89' lang='lat' dir='ltr'>via</span> <span class='ocrx_word' id='word_1_193' title='bbox 570 1871 776 1923; x_wconf 87' lang='lat' dir='ltr'>veritatis,</span> <span class='ocrx_word' id='word_1_194' title='bbox 807 1871 875 1913; x_wconf 86' lang='lat' dir='ltr'>Ps.</span> <span class='ocrx_word' id='word_1_195' title='bbox 906 1872 994 1923; x_wconf 83' lang='lat'>119,</span> <span class='ocrx_word' id='word_1_196' title='bbox 1025 1872 1088 1922; x_wconf 82' lang='lat'>30,</span> <span class='ocrx_word' id='word_1_197' title='bbox 1119 1873 1160 1912; x_wconf 91' lang='lat' dir='ltr'>et</span> <span class='ocrx_word' id='word_1_198' title='bbox 1188 1870 1361 1912; x_wconf 88' lang='lat' dir='ltr'>lucerna</span> <span class='ocrx_word' id='word_1_199' title='bbox 1388 1869 1545 1923; x_wconf 87' lang='lat' dir='ltr'>pedum</span> <span class='ocrx_word' id='word_1_200' title='bbox 1572 1870 1829 1920; x_wconf 88' lang='lat' dir='ltr'>nostrorum,</span> 
     </span>
     <span class='ocr_line' id='line_1_25' title="bbox 268 1942 578 1994; baseline 0 -10"><span class='ocrx_word' id='word_1_201' title='bbox 268 1942 338 1984; x_wconf 79' lang='lat' dir='ltr'>Ps.</span> <span class='ocrx_word' id='word_1_202' title='bbox 369 1944 457 1994; x_wconf 90' lang='grc'><strong>119,</strong></span> <span class='ocrx_word' id='word_1_203' title='bbox 489 1944 578 1984; x_wconf 88' lang='grc'><strong>105.</strong></span> 
     </span>
    </p>

    <p class='ocr_par' dir='ltr' id='par_1_10' title="bbox 270 2010 1832 2208">
     <span class='ocr_line' id='line_1_26' title="bbox 322 2010 1832 2067; baseline -0.002 -12"><span class='ocrx_word' id='word_1_204' title='bbox 322 2014 358 2055; x_wconf 86' lang='lat'>3.</span> <span class='ocrx_word' id='word_1_205' title='bbox 397 2013 458 2056; x_wconf 90' lang='lat' dir='ltr'>Ut</span> <span class='ocrx_word' id='word_1_206' title='bbox 495 2017 639 2056; x_wconf 81' lang='lat' dir='ltr'>sancta</span> <span class='ocrx_word' id='word_1_207' title='bbox 678 2017 804 2067; x_wconf 91' lang='lat' dir='ltr'>atque</span> <span class='ocrx_word' id='word_1_208' title='bbox 842 2014 1023 2056; x_wconf 89' lang='lat' dir='ltr'>honesta</span> <span class='ocrx_word' id='word_1_209' title='bbox 1050 2013 1242 2067; x_wconf 88' lang='lat' dir='ltr'>ipsorum</span> <span class='ocrx_word' id='word_1_210' title='bbox 1271 2012 1499 2065; x_wconf 88' lang='lat' dir='ltr'>secundum</span> <span class='ocrx_word' id='word_1_211' title='bbox 1528 2010 1832 2065; x_wconf 86' lang='lat' dir='ltr'>praescriptio-</span> 
     </span>
     <span class='ocr_line' id='line_1_27' title="bbox 270 2081 1832 2138; baseline -0.001 -13"><span class='ocrx_word' id='word_1_212' title='bbox 270 2099 367 2126; x_wconf 88' lang='lat' dir='ltr'>nem</span> <span class='ocrx_word' id='word_1_213' title='bbox 403 2085 509 2138; x_wconf 84' lang='lat' dir='ltr'>legis</span> <span class='ocrx_word' id='word_1_214' title='bbox 539 2085 806 2127; x_wconf 86' lang='lat' dir='ltr'>conversatio</span> <span class='ocrx_word' id='word_1_215' title='bbox 836 2085 892 2126; x_wconf 89' lang='lat' dir='ltr'>sit</span> <span class='ocrx_word' id='word_1_216' title='bbox 920 2084 1214 2127; x_wconf 86' lang='lat' dir='ltr'>testimonium</span> <span class='ocrx_word' id='word_1_217' title='bbox 1244 2098 1367 2125; x_wconf 85' lang='lat' dir='ltr'>verae</span> <span class='ocrx_word' id='word_1_218' title='bbox 1396 2083 1588 2137; x_wconf 89' lang='lat' dir='ltr'>ipsorum</span> <span class='ocrx_word' id='word_1_219' title='bbox 1618 2097 1712 2124; x_wconf 89' lang='lat' dir='ltr'>cum</span> <span class='ocrx_word' id='word_1_220' title='bbox 1739 2081 1832 2124; x_wconf 88' lang='lat' dir='ltr'>Deo</span> 
     </span>
     <span class='ocr_line' id='line_1_28' title="bbox 273 2155 1445 2208; baseline -0.002 -10"><span class='ocrx_word' id='word_1_221' title='bbox 273 2156 593 2208; x_wconf 85' lang='lat' dir='ltr'>communionis,</span> <span class='ocrx_word' id='word_1_222' title='bbox 624 2157 644 2197; x_wconf 94' lang='grc'>1</span> <span class='ocrx_word' id='word_1_223' title='bbox 674 2155 773 2198; x_wconf 83' lang='lat' dir='ltr'>Joh.</span> <span class='ocrx_word' id='word_1_224' title='bbox 806 2157 840 2207; x_wconf 93' lang='grc'>1,</span> <span class='ocrx_word' id='word_1_225' title='bbox 870 2157 906 2198; x_wconf 86' lang='grc'>6.</span> <span class='ocrx_word' id='word_1_226' title='bbox 937 2157 974 2197; x_wconf 88' lang='lat'>7.</span> <span class='ocrx_word' id='word_1_227' title='bbox 1004 2158 1045 2198; x_wconf 87' lang='lat' dir='ltr'>et</span> <span class='ocrx_word' id='word_1_228' title='bbox 1074 2156 1110 2207; x_wconf 82' lang='lat'>2,</span> <span class='ocrx_word' id='word_1_229' title='bbox 1142 2156 1177 2197; x_wconf 93' lang='grc'>2.</span> <span class='ocrx_word' id='word_1_230' title='bbox 1207 2156 1243 2196; x_wconf 89' lang='lat'>3.</span> <span class='ocrx_word' id='word_1_231' title='bbox 1273 2155 1311 2197; x_wconf 90' lang='lat'>4.</span> <span class='ocrx_word' id='word_1_232' title='bbox 1341 2155 1378 2196; x_wconf 92' lang='lat'>5.</span> <span class='ocrx_word' id='word_1_233' title='bbox 1408 2155 1445 2196; x_wconf 85' lang='lat'>6.</span> 
     </span>
    </p>

    <p class='ocr_par' dir='ltr' id='par_1_11' title="bbox 274 2226 1835 2353">
     <span class='ocr_line' id='line_1_29' title="bbox 325 2226 1835 2281; baseline -0.001 -13"><span class='ocrx_word' id='word_1_234' title='bbox 325 2228 363 2268; x_wconf 93' lang='lat'>4.</span> <span class='ocrx_word' id='word_1_235' title='bbox 391 2226 453 2269; x_wconf 88' lang='lat' dir='ltr'>Ut</span> <span class='ocrx_word' id='word_1_236' title='bbox 489 2227 557 2268; x_wconf 91' lang='lat' dir='ltr'>lex</span> <span class='ocrx_word' id='word_1_237' title='bbox 587 2241 657 2268; x_wconf 82' lang='lat' dir='ltr'>eos</span> <span class='ocrx_word' id='word_1_238' title='bbox 687 2240 762 2268; x_wconf 86' lang='lat' dir='ltr'>suo</span> <span class='ocrx_word' id='word_1_239' title='bbox 794 2227 966 2268; x_wconf 90' lang='lat' dir='ltr'>stimulo</span> <span class='ocrx_word' id='word_1_240' title='bbox 995 2227 1048 2268; x_wconf 86' lang='lat' dir='ltr'>ad</span> <span class='ocrx_word' id='word_1_241' title='bbox 1076 2226 1264 2268; x_wconf 87' lang='lat' dir='ltr'>studium</span> <span class='ocrx_word' id='word_1_242' title='bbox 1292 2226 1479 2268; x_wconf 88' lang='lat' dir='ltr'>sincerae</span> <span class='ocrx_word' id='word_1_243' title='bbox 1511 2226 1702 2268; x_wconf 87' lang='lat' dir='ltr'>caritatis</span> <span class='ocrx_word' id='word_1_244' title='bbox 1732 2239 1835 2281; x_wconf 85' lang='lat' dir='ltr'>erga</span> 
     </span>
     <span class='ocr_line' id='line_1_30' title="bbox 274 2297 1644 2353; baseline 0 -14"><span class='ocrx_word' id='word_1_245' title='bbox 274 2297 411 2340; x_wconf 90' lang='lat' dir='ltr'>Deum</span> <span class='ocrx_word' id='word_1_246' title='bbox 441 2301 483 2340; x_wconf 93' lang='lat' dir='ltr'>et</span> <span class='ocrx_word' id='word_1_247' title='bbox 512 2298 753 2352; x_wconf 84' lang='lat' dir='ltr'>proximum</span> <span class='ocrx_word' id='word_1_248' title='bbox 781 2298 916 2340; x_wconf 89' lang='lat' dir='ltr'>indies</span> <span class='ocrx_word' id='word_1_249' title='bbox 945 2298 1082 2352; x_wconf 83' lang='lat' dir='ltr'>magis</span> <span class='ocrx_word' id='word_1_250' title='bbox 1112 2297 1319 2353; x_wconf 86' lang='lat' dir='ltr'>impellat,</span> <span class='ocrx_word' id='word_1_251' title='bbox 1350 2298 1371 2339; x_wconf 92' lang='grc'>1</span> <span class='ocrx_word' id='word_1_252' title='bbox 1403 2297 1511 2340; x_wconf 85' lang='lat' dir='ltr'>Tim.</span> <span class='ocrx_word' id='word_1_253' title='bbox 1540 2298 1577 2349; x_wconf 91' lang='grc'>1,</span> <span class='ocrx_word' id='word_1_254' title='bbox 1606 2298 1644 2340; x_wconf 92' lang='grc'>5.</span> 
     </span>
    </p>

    <p class='ocr_par' dir='ltr' id='par_1_12' title="bbox 274 2367 1838 2636">
     <span class='ocr_line' id='line_1_31' title="bbox 327 2367 1835 2423; baseline -0.001 -13"><span class='ocrx_word' id='word_1_255' title='bbox 327 2368 477 2411; x_wconf 89' lang='lat' dir='ltr'>XLIII.</span> <span class='ocrx_word' id='word_1_256' title='bbox 520 2369 589 2410; x_wconf 93' lang='lat' dir='ltr'>Ad</span> <span class='ocrx_word' id='word_1_257' title='bbox 630 2370 834 2423; x_wconf 90' lang='lat' dir='ltr'>reprobos</span> <span class='ocrx_word' id='word_1_258' title='bbox 872 2372 1139 2411; x_wconf 88' lang='lat' dir='ltr'>contumaces</span> <span class='ocrx_word' id='word_1_259' title='bbox 1179 2370 1293 2422; x_wconf 88' lang='lat' dir='ltr'>quod</span> <span class='ocrx_word' id='word_1_260' title='bbox 1330 2369 1496 2421; x_wconf 86' lang='lat' dir='ltr'>attinet,</span> <span class='ocrx_word' id='word_1_261' title='bbox 1535 2369 1581 2410; x_wconf 87' lang='lat' dir='ltr'>hi</span> <span class='ocrx_word' id='word_1_262' title='bbox 1613 2382 1700 2410; x_wconf 89' lang='lat' dir='ltr'>non</span> <span class='ocrx_word' id='word_1_263' title='bbox 1727 2367 1835 2421; x_wconf 86' lang='lat' dir='ltr'>legis</span> 
     </span>
     <span class='ocr_line' id='line_1_32' title="bbox 274 2438 1837 2494; baseline -0.001 -13"><span class='ocrx_word' id='word_1_264' title='bbox 274 2440 401 2491; x_wconf 89' lang='lat' dir='ltr'>illius,</span> <span class='ocrx_word' id='word_1_265' title='bbox 442 2440 513 2482; x_wconf 93' lang='lat' dir='ltr'>sed</span> <span class='ocrx_word' id='word_1_266' title='bbox 550 2455 772 2493; x_wconf 87' lang='lat' dir='ltr'>perversae</span> <span class='ocrx_word' id='word_1_267' title='bbox 811 2456 909 2482; x_wconf 87' lang='lat' dir='ltr'>suae</span> <span class='ocrx_word' id='word_1_268' title='bbox 948 2441 1195 2494; x_wconf 86' lang='lat' dir='ltr'>cupiditatis</span> <span class='ocrx_word' id='word_1_269' title='bbox 1223 2441 1328 2483; x_wconf 82' lang='lat' dir='ltr'>vitio</span> <span class='ocrx_word' id='word_1_270' title='bbox 1357 2441 1402 2482; x_wconf 91' lang='lat' dir='ltr'>in</span> <span class='ocrx_word' id='word_1_271' title='bbox 1429 2441 1610 2482; x_wconf 87' lang='lat' dir='ltr'>vetitum</span> <span class='ocrx_word' id='word_1_272' title='bbox 1637 2438 1837 2493; x_wconf 85' lang='lat' dir='ltr'>petulan-</span> 
     </span>
     <span class='ocr_line' id='line_1_33' title="bbox 277 2512 1838 2564; baseline -0.001 -12"><span class='ocrx_word' id='word_1_273' title='bbox 277 2514 344 2553; x_wconf 86' lang='lat' dir='ltr'>ter</span> <span class='ocrx_word' id='word_1_274' title='bbox 372 2512 569 2561; x_wconf 80' lang='lat' dir='ltr'>nitenteS,</span> <span class='ocrx_word' id='word_1_275' title='bbox 589 2525 644 2563; x_wconf 22' lang='lat' dir='ltr'>,se</span> <span class='ocrx_word' id='word_1_276' title='bbox 674 2512 872 2553; x_wconf 84' lang='lat' dir='ltr'>adversus</span> <span class='ocrx_word' id='word_1_277' title='bbox 903 2513 992 2564; x_wconf 89' lang='lat' dir='ltr'>ejus</span> <span class='ocrx_word' id='word_1_278' title='bbox 1020 2512 1246 2554; x_wconf 88' lang='lat' dir='ltr'>interdicta</span> <span class='ocrx_word' id='word_1_279' title='bbox 1277 2512 1501 2564; x_wconf 86' lang='lat' dir='ltr'>obdurant,</span> <span class='ocrx_word' id='word_1_280' title='bbox 1534 2525 1668 2564; x_wconf 88' lang='lat' dir='ltr'>eoque</span> <span class='ocrx_word' id='word_1_281' title='bbox 1684 2512 1838 2552; x_wconf 88' lang='lat' dir='ltr'>semet-</span> 
     </span>
     <span class='ocr_line' id='line_1_34' title="bbox 279 2582 1365 2636; baseline 0.003 -13"><span class='ocrx_word' id='word_1_282' title='bbox 279 2582 395 2636; x_wconf 89' lang='lat' dir='ltr'>ipsos</span> <span class='ocrx_word' id='word_1_283' title='bbox 424 2583 562 2636; x_wconf 88' lang='lat' dir='ltr'>magis</span> <span class='ocrx_word' id='word_1_284' title='bbox 591 2582 770 2624; x_wconf 89' lang='lat' dir='ltr'>reddunt</span> <span class='ocrx_word' id='word_1_285' title='bbox 799 2597 943 2624; x_wconf 88' lang='lat' dir='ltr'>coram</span> <span class='ocrx_word' id='word_1_286' title='bbox 971 2582 1062 2626; x_wconf 92' lang='lat' dir='ltr'>Deo</span> <span class='ocrx_word' id='word_1_287' title='bbox 1093 2583 1365 2626; x_wconf 88' lang='lat' dir='ltr'>damnabiles.</span> 
     </span>
    </p>

    <p class='ocr_par' dir='ltr' id='par_1_13' title="bbox 282 2652 1842 2922">
     <span class='ocr_line' id='line_1_35' title="bbox 333 2652 1839 2708; baseline 0 -14"><span class='ocrx_word' id='word_1_288' title='bbox 333 2652 481 2695; x_wconf 89' lang='lat' dir='ltr'>XLIV.</span> <span class='ocrx_word' id='word_1_289' title='bbox 518 2653 630 2695; x_wconf 90' lang='lat' dir='ltr'>Huic</span> <span class='ocrx_word' id='word_1_290' title='bbox 666 2654 752 2707; x_wconf 86' lang='lat' dir='ltr'>legi</span> <span class='ocrx_word' id='word_1_291' title='bbox 789 2668 966 2707; x_wconf 88' lang='lat' dir='ltr'>operum</span> <span class='ocrx_word' id='word_1_292' title='bbox 998 2654 1233 2708; x_wconf 87' lang='lat' dir='ltr'>Apostolus</span> <span class='ocrx_word' id='word_1_293' title='bbox 1260 2655 1398 2708; x_wconf 83' lang='lat' dir='ltr'>legem</span> <span class='ocrx_word' id='word_1_294' title='bbox 1426 2655 1524 2697; x_wconf 89' lang='lat' dir='ltr'>fidei</span> <span class='ocrx_word' id='word_1_295' title='bbox 1553 2669 1603 2696; x_wconf 90' lang='lat' dir='ltr'>ex</span> <span class='ocrx_word' id='word_1_296' title='bbox 1632 2654 1839 2696; x_wconf 86' lang='lat' dir='ltr'>diametro</span> 
     </span>
     <span class='ocr_line' id='line_1_36' title="bbox 283 2724 1838 2778; baseline 0 -13"><span class='ocrx_word' id='word_1_297' title='bbox 283 2724 475 2777; x_wconf 86' lang='lat' dir='ltr'>opponit,</span> <span class='ocrx_word' id='word_1_298' title='bbox 519 2740 602 2776; x_wconf 89' lang='lat' dir='ltr'>qua</span> <span class='ocrx_word' id='word_1_299' title='bbox 641 2725 777 2766; x_wconf 88' lang='lat' dir='ltr'>omnis</span> <span class='ocrx_word' id='word_1_300' title='bbox 816 2739 992 2778; x_wconf 86' lang='lat' dir='ltr'>operum</span> <span class='ocrx_word' id='word_1_301' title='bbox 1029 2725 1229 2778; x_wconf 81' lang='lat' dir='ltr'>gloriatio</span> <span class='ocrx_word' id='word_1_302' title='bbox 1269 2726 1518 2778; x_wconf 82' lang='lat' dir='ltr'>excluditur,</span> <span class='ocrx_word' id='word_1_303' title='bbox 1557 2725 1679 2767; x_wconf 84' lang='lat' dir='ltr'>Rom.</span> <span class='ocrx_word' id='word_1_304' title='bbox 1708 2725 1746 2776; x_wconf 92' lang='lat'>3,</span> <span class='ocrx_word' id='word_1_305' title='bbox 1777 2724 1838 2765; x_wconf 88' lang='grc'>27.</span> 
     </span>
     <span class='ocr_line' id='line_1_37' title="bbox 282 2795 1842 2851; baseline 0 -16"><span class='ocrx_word' id='word_1_306' title='bbox 282 2795 349 2836; x_wconf 88' lang='lat' dir='ltr'>Ex</span> <span class='ocrx_word' id='word_1_307' title='bbox 386 2811 468 2848; x_wconf 86' lang='lat' dir='ltr'>qua</span> <span class='ocrx_word' id='word_1_308' title='bbox 508 2796 748 2838; x_wconf 88' lang='lat' dir='ltr'>exclusione</span> <span class='ocrx_word' id='word_1_309' title='bbox 785 2797 1022 2838; x_wconf 87' lang='lat' dir='ltr'>necessario</span> <span class='ocrx_word' id='word_1_310' title='bbox 1062 2797 1265 2850; x_wconf 89' lang='lat' dir='ltr'>sequitur,</span> <span class='ocrx_word' id='word_1_311' title='bbox 1297 2797 1436 2851; x_wconf 85' lang='lat' dir='ltr'>legem</span> <span class='ocrx_word' id='word_1_312' title='bbox 1463 2797 1583 2838; x_wconf 87' lang='lat' dir='ltr'>illam</span> <span class='ocrx_word' id='word_1_313' title='bbox 1611 2809 1789 2849; x_wconf 87' lang='lat' dir='ltr'>operum</span> <span class='ocrx_word' id='word_1_314' title='bbox 1817 2809 1842 2835; x_wconf 88' lang='lat' dir='ltr'>a</span> 
     </span>
     <span class='ocr_line' id='line_1_38' title="bbox 283 2866 1842 2922; baseline 0.001 -16"><span class='ocrx_word' id='word_1_315' title='bbox 283 2866 450 2908; x_wconf 89' lang='lat' dir='ltr'>nemine</span> <span class='ocrx_word' id='word_1_316' title='bbox 486 2881 610 2919; x_wconf 88' lang='lat' dir='ltr'>posse</span> <span class='ocrx_word' id='word_1_317' title='bbox 649 2868 693 2908; x_wconf 91' lang='lat' dir='ltr'>in</span> <span class='ocrx_word' id='word_1_318' title='bbox 729 2867 810 2910; x_wconf 88' lang='lat' dir='ltr'>hac</span> <span class='ocrx_word' id='word_1_319' title='bbox 847 2868 946 2920; x_wconf 86' lang='lat' dir='ltr'>vita,</span> <span class='ocrx_word' id='word_1_320' title='bbox 981 2869 1252 2920; x_wconf 88' lang='lat' dir='ltr'>quantumvis</span> <span class='ocrx_word' id='word_1_321' title='bbox 1289 2867 1496 2922; x_wconf 83' lang='lat' dir='ltr'>regenito,</span> <span class='ocrx_word' id='word_1_322' title='bbox 1533 2866 1720 2920; x_wconf 86' lang='lat' dir='ltr'>perfecte</span> <span class='ocrx_word' id='word_1_323' title='bbox 1755 2880 1842 2908; x_wconf 90' lang='lat' dir='ltr'>ser-</span> 
     </span>
    </p>
   </div>
   <div class='ocr_carea' id='block_1_4' title="bbox 284 2936 1842 3048">
    <p class='ocr_par' dir='ltr' id='par_1_14' title="bbox 284 2936 1842 3048">
     <span class='ocr_line' id='line_1_39' title="bbox 285 2936 1842 2993; baseline 0.001 -16"><span class='ocrx_word' id='word_1_324' title='bbox 285 2936 388 2987; x_wconf 86' lang='lat' dir='ltr'>vari,</span> <span class='ocrx_word' id='word_1_325' title='bbox 425 2951 472 2978; x_wconf 89' lang='lat' dir='ltr'>ac</span> <span class='ocrx_word' id='word_1_326' title='bbox 509 2938 687 2990; x_wconf 88' lang='lat' dir='ltr'>proinde</span> <span class='ocrx_word' id='word_1_327' title='bbox 724 2939 936 2980; x_wconf 88' lang='lat' dir='ltr'>neminem</span> <span class='ocrx_word' id='word_1_328' title='bbox 965 2953 1090 2992; x_wconf 88' lang='lat' dir='ltr'>posse</span> <span class='ocrx_word' id='word_1_329' title='bbox 1119 2938 1204 2981; x_wconf 88' lang='lat' dir='ltr'>suis</span> <span class='ocrx_word' id='word_1_330' title='bbox 1234 2939 1434 2993; x_wconf 86' lang='lat' dir='ltr'>operibus</span> <span class='ocrx_word' id='word_1_331' title='bbox 1464 2952 1607 2981; x_wconf 84' lang='lat' dir='ltr'>coram</span> <span class='ocrx_word' id='word_1_332' title='bbox 1634 2936 1726 2979; x_wconf 90' lang='lat' dir='ltr'>Deo</span> <span class='ocrx_word' id='word_1_333' title='bbox 1750 2938 1842 2990; x_wconf 85' lang='lat' dir='ltr'>jus-</span> 
     </span>
     <span class='ocr_line' id='line_1_40' title="bbox 284 3005 451 3048; baseline 0.006 -1"><span class='ocrx_word' id='word_1_334' title='bbox 284 3005 451 3048; x_wconf 88' lang='lat' dir='ltr'>tificari.</span> 
     </span>
    </p>
   </div>
  </div>
 </body>
</html>
