1931 3224
735 160 798 202 DE
827 161 933 203 LEGE
961 161 1052 203 Dm.
1600 164 1676 205 159

168 283 203 325 1.
241 282 302 325 Ut
341 283 477 325 cultus
514 284 686 339 pietatis
723 284 814 327 Deo
854 286 1033 338 debitus,
1073 287 1115 327 et
1152 285 1363 327 voluntati
1393 289 1434 328 et
1462 287 1677 340 majestati

113 353 245 407 ipsius
274 368 496 407 supremae
524 355 579 396 sit
608 358 927 399 consentaneus

165 426 202 467 2.
241 425 302 468 Ut
340 424 478 467 Deum
515 427 668 480 primo,
703 430 744 469 et
772 443 848 481 per
878 443 921 470 se
950 428 1205 480 immediate,
1237 430 1376 470 cetera
1404 443 1503 471 vero
1534 429 1676 470 omnia

111 499 288 550 propter
329 496 467 538 Deum
508 514 709 551 amemus,
752 502 881 553 atque
912 501 1122 554 imprimis
1151 500 1246 554 pios
1275 500 1468 542 homines
1498 503 1676 554 propter

112 567 377 620 spiritualem
406 570 597 622 ipsorum
626 573 753 624 atque
782 573 1008 614 arctiorem
1039 572 1337 626 cognationem
1366 587 1461 614 cum
1489 571 1594 614 Deo.

163 639 200 680 3.
249 638 310 681 Ut
353 640 494 683 officia
538 643 728 684 caritatis
771 658 872 697 erga
914 644 1157 698 proximum
1200 644 1350 686 cedant
1394 644 1544 686 officiis
1585 644 1675 697 pie-

108 710 210 751 tatis
253 725 354 765 erga
395 711 545 765 Deum,
590 729 638 755 ac
681 716 857 768 propter
897 715 1030 769 ipsius
1074 716 1245 767 cultum,
1288 715 1447 768 injusta
1488 715 1675 768 proximi

110 781 217 834 odia,
263 797 493 837 omnesque
538 785 789 827 acerbitates
832 788 874 827 et
915 785 1093 839 injurias
1135 786 1306 829 fortiter
1344 802 1391 828 ac
1429 789 1674 829 constanter

108 853 385 905 perferamus.

160 923 399 967 XXXVIII.
442 926 598 981 Legem
634 927 744 969 hanc
781 941 866 969 non
904 927 1042 969 minus
1079 929 1131 970 ad
1169 929 1431 971 Christianos
1460 931 1673 983 pertinere

108 996 184 1037 sub
213 995 351 1051 Novo,
383 1014 511 1052 quam
539 1000 592 1042 ad
620 998 806 1041 Judaeos
836 999 913 1041 sub
943 999 1100 1042 Vetere
1128 1000 1416 1053 Testamento,
1442 1001 1673 1054 probamus

106 1067 174 1108 his
204 1071 485 1122 argumentis:

162 1141 196 1181 1.
242 1140 364 1189 Quod
407 1144 579 1184 externa
621 1143 676 1184 sit
718 1143 880 1197 effigies
921 1144 1113 1186 internae
1155 1143 1263 1198 legis
1301 1147 1478 1187 naturae
1514 1145 1672 1187 nostris

105 1212 388 1265 protoplastis
427 1216 524 1256 ante
561 1214 726 1269 lapsum
763 1215 993 1269 impressae
1031 1231 1107 1269 per
1145 1215 1404 1258 creationem
1442 1231 1588 1258 eorum
1621 1217 1672 1258 ad

104 1281 185 1325 Dei
213 1283 455 1338 imaginem,
487 1300 594 1338 quae
623 1287 765 1340 posita
795 1290 858 1328 est
886 1287 931 1328 in
959 1288 1186 1329 sanctitate
1215 1290 1256 1329 et
1276 1287 1466 1340 justitia3
1492 1303 1672 1341 quarum

105 1354 312 1396 virtutum
349 1356 494 1398 munia
529 1356 772 1412 Decalogus
801 1358 1062 1411 quibuslibet
1092 1359 1337 1401 hominibus
1366 1363 1671 1413 repraesentat,

105 1427 233 1478 atque
262 1425 545 1481 Evangelium
574 1444 599 1469 a
627 1429 725 1470 fidei
753 1430 994 1472 domesticis
1025 1431 1077 1472 ad
1106 1430 1337 1485 imaginem
1366 1430 1447 1472 Dei
1473 1446 1549 1485 per
1575 1431 1670 1485 Spi-

104 1496 234 1538 ritum
264 1497 345 1539 Dei
373 1499 586 1541 renovatis
617 1500 840 1554 efflagitat.

159 1570 194 1610 2.
226 1568 348 1619 Quod
376 1570 482 1612 haec
510 1571 578 1612 lex
607 1571 757 1625 primis
784 1572 941 1614 nostris
970 1573 1218 1626 parentibus
1248 1573 1447 1625 revelata,
1476 1588 1553 1626 per
1577 1573 1670 1616 Mo-

105 1655 189 1682 sem
230 1641 414 1694 repetita
453 1644 494 1683 et
522 1629 890 1695 restauratahon
918 1646 1086 1685 tantum
1115 1659 1138 1685 a
1167 1643 1410 1697 Prophetis,
1441 1645 1513 1686 sed.
1542 1645 1671 1687 etiam

105 1727 129 1753 a
162 1712 331 1754 Christo
362 1715 403 1754 et
431 1713 653 1766 Apostolis
682 1713 810 1756 fuerit
840 1715 1043 1768 exposita,
1074 1715 1126 1757 ab
1157 1715 1261 1768 ipsis
1291 1715 1525 1767 observata,
1555 1717 1670 1758 aliis-

105 1798 186 1835 que
214 1784 361 1827 stricte
391 1786 697 1838 commendata,
726 1786 829 1829 Mat.
860 1787 897 1839 5,
930 1788 991 1828 17.
1021 1790 1062 1828 et
1093 1802 1209 1840 seqq.
1241 1787 1338 1829 Luc.
1370 1788 1432 1839 10,
1458 1788 1519 1829 27.
1546 1786 1669 1830 Rom.

103 1855 139 1907 6,
171 1856 233 1897 13.
264 1859 306 1898 et
336 1857 371 1909 7,
404 1858 466 1899 25.
497 1861 538 1899 et
568 1858 629 1900 12.
660 1861 701 1900 et
732 1859 794 1900 13.

156 1927 193 1968 3.
225 1926 434 1976 Quoniam
462 1929 539 1970 filii
567 1928 649 1971 Dei
675 1929 726 1971 ab
752 1930 1048 1972 observatione
1074 1931 1374 1973 mandatorum
1397 1931 1524 1985 hujus
1549 1932 1668 1985 legis,

102 1999 321 2050 tamquam
363 2015 387 2040 a
428 2000 632 2054 τεκμηρίῳ,
676 2003 804 2054 atque
832 2000 1045 2042 infallibili
1073 2017 1299 2055 germanae
1329 2018 1424 2044 cum
1452 2001 1545 2044 Deo
1571 2016 1669 2044 con-

98 2069 330 2120 junctionis
359 2071 618 2124 testimonio,
649 2072 958 2125 describuntur,
986 2074 1006 2114 1
1033 2072 1132 2114 Joh.
1161 2074 1195 2125 l,
1222 2074 1257 2115 6.
1284 2074 1319 2114 7.
1346 2077 1388 2115 et
1412 2075 1448 2125 2,
1472 2074 1508 2116 3.
1525 2074 1562 2115 4.
1579 2074 1616 2115 5.
1632 2075 1669 2115 6.

154 2142 193 2182 4.
238 2141 347 2190 Quia
386 2142 538 2184 caritas
576 2158 627 2185 ex
662 2143 744 2185 fide
783 2159 868 2186 non
906 2144 1004 2195 ficta
1043 2147 1085 2186 et
1113 2144 1225 2186 bona
1254 2146 1514 2187 conscientia
1543 2145 1670 2198 (quae

104 2214 167 2253 est
205 2212 300 2254 finis
337 2213 561 2268 Decalogi)
600 2214 827 2257 Timotheo
866 2216 997 2257 veluti
1037 2230 1191 2269 scopus
1221 2216 1432 2269 objicitur,
1462 2218 1514 2259 ad
1545 2232 1670 2270 quem

104 2298 248 2326 omnes
277 2299 375 2326 suas
403 2285 590 2328 actiones
618 2286 775 2328 referre
806 2287 970 2339 debeat,
1002 2288 1023 2328 1
1056 2287 1164 2329 Tim.
1196 2288 1231 2340 1,
1262 2288 1299 2329 5.

156 2354 352 2397 XXXIX.
392 2355 498 2398 Tam
524 2357 713 2412 perfecta
743 2360 806 2399 est
834 2358 939 2400 haec
967 2358 1048 2410 lex,
1078 2361 1126 2399 ut
1153 2358 1261 2399 nihil
1291 2358 1329 2400 ei
1357 2359 1401 2399 in
1430 2358 1670 2412 praeceptis

102 2426 348 2478 moralibus,
388 2430 462 2468 aut
491 2442 515 2468 a
544 2427 727 2480 Christo,
761 2431 833 2470 aut
864 2429 916 2470 ab
946 2428 1168 2484 Apostolis
1196 2429 1331 2483 ipsius
1360 2429 1551 2471 additum
1578 2428 1669 2470 fue-

102 2498 171 2549 rit,
221 2513 305 2551 quo
346 2497 398 2539 ad
436 2498 693 2541 exactiorem
728 2499 940 2541 bonorum
980 2515 1157 2554 operum
1196 2515 1390 2542 normam
1427 2500 1504 2542 sub
1543 2499 1668 2542 Novo

103 2568 376 2611 Testamento
410 2569 465 2611 sit
495 2569 696 2621 adducta;
723 2571 796 2612 sed
830 2586 937 2624 quae
962 2572 1166 2614 falsarum
1189 2571 1594 2625 interpretationum
1622 2584 1670 2612 ac

103 2641 311 2683 malorum
348 2641 596 2695 corruptelis
630 2644 728 2683 ante
759 2641 917 2684 Christi
946 2643 1177 2685 adventum
1205 2643 1344 2685 fuerat
1373 2643 1598 2684 obliterata
1628 2644 1670 2683 et

104 2712 338 2765 antiquata,
377 2713 562 2767 genuina
599 2711 767 2766 Christi,
806 2713 1064 2767 Judaeisque
1098 2715 1280 2756 seductis
1310 2729 1420 2756 nova
1448 2716 1576 2766 atque
1604 2714 1670 2755 in-

105 2783 249 2825 audita
286 2784 650 2839 interpretatione,
689 2784 939 2838 iteratisque
977 2786 1029 2827 ad
1065 2785 1344 2827 universalem
1372 2785 1670 2827 mandatorum

105 2855 194 2907 ejus
225 2854 561 2898 observationem
592 2855 1082 2909 commonefactionibus,
1113 2856 1294 2910 pristino
1324 2870 1399 2898 suo
1424 2856 1556 2898 nitori
1578 2857 1669 2910 ple-

103 2940 156 2967 ne
183 2925 264 2967 fuit
292 2927 502 2969 restituta.

157 2997 243 3040 XL.
282 2997 408 3052 Legis
445 2999 571 3051 hujus
609 3012 708 3040 usus
738 3000 904 3043 aut.est
934 2998 1168 3041 communis
1199 2998 1458 3050 quibuslibet
1484 2999 1668 3041 homini-
