<?xml version="1.0" encoding="UTF-8"?>
<!DOCTYPE html PUBLIC "-//W3C//DTD XHTML 1.0 Transitional//EN"
    "http://www.w3.org/TR/xhtml1/DTD/xhtml1-transitional.dtd">
<html xmlns="http://www.w3.org/1999/xhtml" xml:lang="en" lang="en">
 <head>
  <title>
</title>
<meta http-equiv="Content-Type" content="text/html;charset=utf-8" />
  <meta name='ocr-system' content='tesseract 3.04.00' />
  <meta name='ocr-capabilities' content='ocr_page ocr_carea ocr_par ocr_line ocrx_word'/>
</head>
<body>
  <div class='ocr_page' id='page_1' title='image "./synopsispurioris00poly_0241.png"; bbox 0 0 1931 3224; ppageno 0'>
   <div class='ocr_carea' id='block_1_1' title="bbox 471 91 1673 146">
    <p class='ocr_par' dir='ltr' id='par_1_1' title="bbox 471 91 1673 146">
     <span class='ocr_line' id='line_1_1' title="bbox 471 91 1673 146; baseline 0.005 -6"><span class='ocrx_word' id='word_1_1' title='bbox 471 98 534 141; x_wconf 65' lang='lat' dir='ltr'>Dm</span> <span class='ocrx_word' id='word_1_2' title='bbox 563 98 717 142; x_wconf 71' lang='lat' dir='ltr'>me</span> <span class='ocrx_word' id='word_1_3' title='bbox 745 113 792 141; x_wconf 80' lang='lat' dir='ltr'>ET</span> <span class='ocrx_word' id='word_1_4' title='bbox 820 91 936 143; x_wconf 61' lang='lat' dir='ltr'>No&#39;vo</span> <span class='ocrx_word' id='word_1_5' title='bbox 966 99 1240 143; x_wconf 76' lang='lat' dir='ltr'><strong>TESTAMENTO.</strong></span> <span class='ocrx_word' id='word_1_6' title='bbox 1595 105 1673 146; x_wconf 83' lang='lat'>219</span> 
     </span>
    </p>
   </div>
   <div class='ocr_carea' id='block_1_2' title="bbox 59 222 1675 2990">
    <p class='ocr_par' dir='ltr' id='par_1_2' title="bbox 59 222 1674 838">
     <span class='ocr_line' id='line_1_2' title="bbox 110 222 1672 279; baseline 0.003 -13"><span class='ocrx_word' id='word_1_7' title='bbox 110 224 278 278; x_wconf 88' lang='lat' dir='ltr'>legales,</span> <span class='ocrx_word' id='word_1_8' title='bbox 306 237 394 265; x_wconf 89' lang='lat' dir='ltr'>non</span> <span class='ocrx_word' id='word_1_9' title='bbox 422 222 716 277; x_wconf 80' lang='lat' dir='ltr'>Evangelicae,</span> <span class='ocrx_word' id='word_1_10' title='bbox 748 225 789 266; x_wconf 91' lang='lat' dir='ltr'>et</span> <span class='ocrx_word' id='word_1_11' title='bbox 818 238 925 277; x_wconf 88' lang='lat' dir='ltr'>quae</span> <span class='ocrx_word' id='word_1_12' title='bbox 954 225 1126 279; x_wconf 77' lang='lat' dir='ltr'>proprie</span> <span class='ocrx_word' id='word_1_13' title='bbox 1156 225 1208 266; x_wconf 91' lang='lat' dir='ltr'>ad</span> <span class='ocrx_word' id='word_1_14' title='bbox 1236 224 1346 268; x_wconf 86' lang='lat' dir='ltr'>Nov.</span> <span class='ocrx_word' id='word_1_15' title='bbox 1376 226 1561 270; x_wconf 84' lang='lat' dir='ltr'>Testam.</span> <span class='ocrx_word' id='word_1_16' title='bbox 1586 243 1672 271; x_wconf 89' lang='lat' dir='ltr'>non</span> 
     </span>
     <span class='ocr_line' id='line_1_3' title="bbox 59 295 1673 354; baseline 0.004 -18"><span class='ocrx_word' id='word_1_17' title='bbox 59 344 62 345; x_wconf 19' lang='lat'><em>⁷</em></span> <span class='ocrx_word' id='word_1_18' title='bbox 111 295 340 349; x_wconf 88' lang='lat' dir='ltr'>pertinent,</span> <span class='ocrx_word' id='word_1_19' title='bbox 378 295 451 336; x_wconf 88' lang='lat' dir='ltr'>sed</span> <span class='ocrx_word' id='word_1_20' title='bbox 479 295 531 336; x_wconf 87' lang='lat' dir='ltr'>ad</span> <span class='ocrx_word' id='word_1_21' title='bbox 558 295 705 337; x_wconf 86' lang='lat' dir='ltr'>foedus</span> <span class='ocrx_word' id='word_1_22' title='bbox 735 310 911 349; x_wconf 90' lang='lat' dir='ltr'>operum</span> <span class='ocrx_word' id='word_1_23' title='bbox 940 298 981 337; x_wconf 88' lang='lat' dir='ltr'>et</span> <span class='ocrx_word' id='word_1_24' title='bbox 1009 295 1106 339; x_wconf 89' lang='lat' dir='ltr'>Vet.</span> <span class='ocrx_word' id='word_1_25' title='bbox 1135 295 1318 338; x_wconf 76' lang='lat' dir='ltr'>Testam.</span> <span class='ocrx_word' id='word_1_26' title='bbox 1348 299 1495 341; x_wconf 87' lang='lat' dir='ltr'>stricte</span> <span class='ocrx_word' id='word_1_27' title='bbox 1525 314 1673 354; x_wconf 88' lang='lat' dir='ltr'>accep-</span> 
     </span>
     <span class='ocr_line' id='line_1_4' title="bbox 111 365 1673 421; baseline 0.003 -13"><span class='ocrx_word' id='word_1_28' title='bbox 111 369 223 417; x_wconf 80' lang='lat' dir='ltr'>tum3</span> <span class='ocrx_word' id='word_1_29' title='bbox 263 369 304 408; x_wconf 91' lang='lat' dir='ltr'>et</span> <span class='ocrx_word' id='word_1_30' title='bbox 341 365 385 408; x_wconf 91' lang='lat' dir='ltr'>in</span> <span class='ocrx_word' id='word_1_31' title='bbox 422 366 659 420; x_wconf 84' lang='lat' dir='ltr'>Evangelio</span> <span class='ocrx_word' id='word_1_32' title='bbox 696 370 1009 421; x_wconf 88' lang='lat' dir='ltr'>proponuntur,</span> <span class='ocrx_word' id='word_1_33' title='bbox 1037 370 1086 409; x_wconf 90' lang='lat' dir='ltr'>ut</span> <span class='ocrx_word' id='word_1_34' title='bbox 1114 370 1318 421; x_wconf 87' lang='lat' dir='ltr'>arguatur</span> <span class='ocrx_word' id='word_1_35' title='bbox 1343 370 1673 421; x_wconf 70' lang='lat' dir='ltr'><strong>justitiariorum</strong></span> 
     </span>
     <span class='ocr_line' id='line_1_5' title="bbox 111 438 1674 496; baseline 0.003 -16"><span class='ocrx_word' id='word_1_36' title='bbox 111 439 371 492; x_wconf 86' lang='lat' dir='ltr'>hypocrisis3</span> <span class='ocrx_word' id='word_1_37' title='bbox 403 441 445 480; x_wconf 91' lang='lat' dir='ltr'>et</span> <span class='ocrx_word' id='word_1_38' title='bbox 473 439 580 492; x_wconf 87' lang='lat' dir='ltr'>legis</span> <span class='ocrx_word' id='word_1_39' title='bbox 610 438 818 494; x_wconf 50' lang='grc' dir='ltr'>ἀδυναμίᾳ</span> <span class='ocrx_word' id='word_1_40' title='bbox 846 439 1045 491; x_wconf 88' lang='lat' dir='ltr'>indicata,</span> <span class='ocrx_word' id='word_1_41' title='bbox 1077 439 1144 480; x_wconf 87' lang='lat' dir='ltr'>via</span> <span class='ocrx_word' id='word_1_42' title='bbox 1172 441 1387 481; x_wconf 86' lang='lat' dir='ltr'>sternatur</span> <span class='ocrx_word' id='word_1_43' title='bbox 1418 441 1469 482; x_wconf 91' lang='lat' dir='ltr'>ad</span> <span class='ocrx_word' id='word_1_44' title='bbox 1492 442 1674 496; x_wconf 88' lang='lat' dir='ltr'>promis-</span> 
     </span>
     <span class='ocr_line' id='line_1_6' title="bbox 112 509 1673 565; baseline 0.002 -13"><span class='ocrx_word' id='word_1_45' title='bbox 112 510 275 552; x_wconf 77' lang='lat' dir='ltr'>sionem</span> <span class='ocrx_word' id='word_1_46' title='bbox 313 509 478 563; x_wconf 86' lang='lat' dir='ltr'>gratiae</span> <span class='ocrx_word' id='word_1_47' title='bbox 517 524 623 562; x_wconf 86' lang='lat' dir='ltr'>quae</span> <span class='ocrx_word' id='word_1_48' title='bbox 652 510 828 563; x_wconf 89' lang='lat' dir='ltr'>propria</span> <span class='ocrx_word' id='word_1_49' title='bbox 858 512 920 551; x_wconf 92' lang='lat' dir='ltr'>est</span> <span class='ocrx_word' id='word_1_50' title='bbox 948 509 1062 551; x_wconf 87' lang='lat' dir='ltr'>Novi</span> <span class='ocrx_word' id='word_1_51' title='bbox 1091 509 1275 552; x_wconf 87' lang='lat' dir='ltr'>Testam.</span> <span class='ocrx_word' id='word_1_52' title='bbox 1305 510 1374 553; x_wconf 83' lang='lat' dir='ltr'>Sic</span> <span class='ocrx_word' id='word_1_53' title='bbox 1394 513 1592 565; x_wconf 87' lang='lat' dir='ltr'>juvenem</span> <span class='ocrx_word' id='word_1_54' title='bbox 1623 529 1673 555; x_wconf 84' lang='lat' dir='ltr'>ex</span> 
     </span>
     <span class='ocr_line' id='line_1_7' title="bbox 114 581 1672 637; baseline 0.002 -14"><span class='ocrx_word' id='word_1_55' title='bbox 114 581 311 635; x_wconf 79' lang='lat' dir='ltr'>operibus</span> <span class='ocrx_word' id='word_1_56' title='bbox 353 581 566 634; x_wconf 85' lang='lat' dir='ltr'>justitiam</span> <span class='ocrx_word' id='word_1_57' title='bbox 612 583 884 634; x_wconf 68' lang='lat' dir='ltr'>quaerentem</span> <span class='ocrx_word' id='word_1_58' title='bbox 931 581 1049 634; x_wconf 87' lang='lat' dir='ltr'>prius</span> <span class='ocrx_word' id='word_1_59' title='bbox 1088 581 1237 623; x_wconf 88' lang='lat' dir='ltr'>docere</span> <span class='ocrx_word' id='word_1_60' title='bbox 1276 582 1412 624; x_wconf 88' lang='lat' dir='ltr'>voluit</span> <span class='ocrx_word' id='word_1_61' title='bbox 1450 582 1672 637; x_wconf 79' lang='lat' dir='ltr'>Dominus,</span> 
     </span>
     <span class='ocr_line' id='line_1_8' title="bbox 109 652 1674 708; baseline 0.003 -14"><span class='ocrx_word' id='word_1_62' title='bbox 109 653 321 695; x_wconf 87' lang='lat' dir='ltr'>neminem</span> <span class='ocrx_word' id='word_1_63' title='bbox 359 667 503 694; x_wconf 88' lang='lat' dir='ltr'>coram</span> <span class='ocrx_word' id='word_1_64' title='bbox 538 652 629 694; x_wconf 93' lang='lat' dir='ltr'>Deo</span> <span class='ocrx_word' id='word_1_65' title='bbox 666 653 828 694; x_wconf 89' lang='lat' dir='ltr'>censeri</span> <span class='ocrx_word' id='word_1_66' title='bbox 864 653 1037 705; x_wconf 85' lang='lat' dir='ltr'>justum,</span> <span class='ocrx_word' id='word_1_67' title='bbox 1076 653 1158 694; x_wconf 88' lang='lat' dir='ltr'>nisi</span> <span class='ocrx_word' id='word_1_68' title='bbox 1197 653 1270 706; x_wconf 90' lang='lat' dir='ltr'>qui</span> <span class='ocrx_word' id='word_1_69' title='bbox 1307 653 1392 708; x_wconf 86' lang='lat' dir='ltr'>legi</span> <span class='ocrx_word' id='word_1_70' title='bbox 1422 655 1674 698; x_wconf 87' lang='lat' dir='ltr'>satisfecerit</span> 
     </span>
     <span class='ocr_line' id='line_1_9' title="bbox 113 723 1674 778; baseline 0.001 -12"><span class='ocrx_word' id='word_1_71' title='bbox 113 724 244 778; x_wconf 89' lang='lat' dir='ltr'>(quod</span> <span class='ocrx_word' id='word_1_72' title='bbox 280 724 546 778; x_wconf 86' lang='lat' dir='ltr'>impossibile</span> <span class='ocrx_word' id='word_1_73' title='bbox 584 723 664 777; x_wconf 84' lang='lat' dir='ltr'>est)</span> <span class='ocrx_word' id='word_1_74' title='bbox 703 726 750 765; x_wconf 90' lang='lat' dir='ltr'>ut</span> <span class='ocrx_word' id='word_1_75' title='bbox 787 723 1048 765; x_wconf 87' lang='lat' dir='ltr'>infirmitatis</span> <span class='ocrx_word' id='word_1_76' title='bbox 1089 739 1188 767; x_wconf 87' lang='lat' dir='ltr'>suae</span> <span class='ocrx_word' id='word_1_77' title='bbox 1227 726 1444 768; x_wconf 85' lang='lat' dir='ltr'>convictus</span> <span class='ocrx_word' id='word_1_78' title='bbox 1486 726 1540 768; x_wconf 87' lang='lat' dir='ltr'>ad</span> <span class='ocrx_word' id='word_1_79' title='bbox 1577 726 1674 768; x_wconf 89' lang='lat' dir='ltr'>fidei</span> 
     </span>
     <span class='ocr_line' id='line_1_10' title="bbox 112 795 669 838; baseline 0 -1"><span class='ocrx_word' id='word_1_80' title='bbox 112 796 345 838; x_wconf 80' lang='lat' dir='ltr'>subsidium</span> <span class='ocrx_word' id='word_1_81' title='bbox 374 810 418 837; x_wconf 87' lang='lat' dir='ltr'>se</span> <span class='ocrx_word' id='word_1_82' title='bbox 448 795 669 837; x_wconf 87' lang='lat' dir='ltr'>conferret.</span> 
     </span>
    </p>

    <p class='ocr_par' dir='ltr' id='par_1_3' title="bbox 109 866 1675 1919">
     <span class='ocr_line' id='line_1_11' title="bbox 164 866 1674 921; baseline 0.003 -13"><span class='ocrx_word' id='word_1_83' title='bbox 164 866 320 908; x_wconf 87' lang='lat' dir='ltr'>XXIX.</span> <span class='ocrx_word' id='word_1_84' title='bbox 357 866 532 918; x_wconf 81' lang='lat' dir='ltr'>Deinde,</span> <span class='ocrx_word' id='word_1_85' title='bbox 570 881 656 908; x_wconf 89' lang='lat' dir='ltr'>non</span> <span class='ocrx_word' id='word_1_86' title='bbox 699 881 867 908; x_wconf 90' lang='lat' dir='ltr'>omnem</span> <span class='ocrx_word' id='word_1_87' title='bbox 904 866 1194 909; x_wconf 88' lang='lat' dir='ltr'>conditionem</span> <span class='ocrx_word' id='word_1_88' title='bbox 1223 883 1429 921; x_wconf 81' lang='lat' dir='ltr'>negamus</span> <span class='ocrx_word' id='word_1_89' title='bbox 1459 870 1504 912; x_wconf 87' lang='lat' dir='ltr'>in</span> <span class='ocrx_word' id='word_1_90' title='bbox 1532 870 1674 913; x_wconf 83' lang='lat' dir='ltr'>Evan-</span> 
     </span>
     <span class='ocr_line' id='line_1_12' title="bbox 112 936 1671 992; baseline 0.003 -13"><span class='ocrx_word' id='word_1_91' title='bbox 112 938 224 992; x_wconf 87' lang='lat' dir='ltr'>gelio</span> <span class='ocrx_word' id='word_1_92' title='bbox 262 940 304 980; x_wconf 90' lang='lat' dir='ltr'>et</span> <span class='ocrx_word' id='word_1_93' title='bbox 341 936 395 979; x_wconf 89' lang='lat' dir='ltr'>N.</span> <span class='ocrx_word' id='word_1_94' title='bbox 434 937 548 980; x_wconf 82' lang='lat' dir='ltr'>Test.</span> <span class='ocrx_word' id='word_1_95' title='bbox 586 937 746 990; x_wconf 84' lang='lat' dir='ltr'>requiri</span> <span class='ocrx_word' id='word_1_96' title='bbox 775 937 828 978; x_wconf 88' lang='lat' dir='ltr'>ad</span> <span class='ocrx_word' id='word_1_97' title='bbox 856 937 1049 990; x_wconf 86' lang='lat' dir='ltr'>salutem,</span> <span class='ocrx_word' id='word_1_98' title='bbox 1082 938 1313 992; x_wconf 67' lang='lat' dir='ltr'>requiritur</span> <span class='ocrx_word' id='word_1_99' title='bbox 1344 940 1456 982; x_wconf 92' lang='lat' dir='ltr'>enim</span> <span class='ocrx_word' id='word_1_100' title='bbox 1486 942 1671 984; x_wconf 88' lang='lat' dir='ltr'>conditio</span> 
     </span>
     <span class='ocr_line' id='line_1_13' title="bbox 110 1008 1672 1063; baseline 0.003 -13"><span class='ocrx_word' id='word_1_101' title='bbox 110 1009 207 1051; x_wconf 90' lang='lat' dir='ltr'>fidei</span> <span class='ocrx_word' id='word_1_102' title='bbox 247 1012 288 1051; x_wconf 92' lang='lat' dir='ltr'>et</span> <span class='ocrx_word' id='word_1_103' title='bbox 326 1023 460 1051; x_wconf 87' lang='lat' dir='ltr'>novae</span> <span class='ocrx_word' id='word_1_104' title='bbox 500 1008 778 1060; x_wconf 72' lang='lat' dir='ltr'>obedientiae,</span> <span class='ocrx_word' id='word_1_105' title='bbox 811 1023 917 1061; x_wconf 90' lang='lat' dir='ltr'>quae</span> <span class='ocrx_word' id='word_1_106' title='bbox 946 1009 1104 1061; x_wconf 90' lang='lat' dir='ltr'>ubique</span> <span class='ocrx_word' id='word_1_107' title='bbox 1132 1013 1322 1063; x_wconf 89' lang='lat' dir='ltr'>urgetur.</span> <span class='ocrx_word' id='word_1_108' title='bbox 1353 1010 1435 1053; x_wconf 76' lang='lat' dir='ltr'>Sed</span> <span class='ocrx_word' id='word_1_109' title='bbox 1462 1012 1542 1054; x_wconf 88' lang='lat' dir='ltr'>hae</span> <span class='ocrx_word' id='word_1_110' title='bbox 1573 1028 1672 1055; x_wconf 90' lang='lat' dir='ltr'>con-</span> 
     </span>
     <span class='ocr_line' id='line_1_14' title="bbox 112 1078 1675 1135; baseline 0.003 -14"><span class='ocrx_word' id='word_1_111' title='bbox 112 1079 292 1121; x_wconf 90' lang='lat' dir='ltr'>ditiones</span> <span class='ocrx_word' id='word_1_112' title='bbox 335 1094 359 1120; x_wconf 91' lang='lat' dir='ltr'>a</span> <span class='ocrx_word' id='word_1_113' title='bbox 401 1078 492 1121; x_wconf 90' lang='lat' dir='ltr'>Deo</span> <span class='ocrx_word' id='word_1_114' title='bbox 536 1078 669 1132; x_wconf 84' lang='lat' dir='ltr'>gratis</span> <span class='ocrx_word' id='word_1_115' title='bbox 713 1079 935 1131; x_wconf 91' lang='lat' dir='ltr'>donantur,</span> <span class='ocrx_word' id='word_1_116' title='bbox 977 1094 1115 1133; x_wconf 83' lang='lat' dir='ltr'>neque</span> <span class='ocrx_word' id='word_1_117' title='bbox 1152 1081 1473 1134; x_wconf 76' lang='lat' dir='ltr'>imperfectione</span> <span class='ocrx_word' id='word_1_118' title='bbox 1513 1098 1600 1135; x_wconf 89' lang='lat' dir='ltr'>sua,</span> <span class='ocrx_word' id='word_1_119' title='bbox 1639 1085 1675 1126; x_wconf 89' lang='lat' dir='ltr'>si</span> 
     </span>
     <span class='ocr_line' id='line_1_15' title="bbox 110 1149 1674 1204; baseline 0.003 -12"><span class='ocrx_word' id='word_1_120' title='bbox 110 1151 235 1193; x_wconf 90' lang='lat' dir='ltr'>modo</span> <span class='ocrx_word' id='word_1_121' title='bbox 288 1150 473 1192; x_wconf 80' lang='lat' dir='ltr'>sincerae</span> <span class='ocrx_word' id='word_1_122' title='bbox 517 1150 613 1202; x_wconf 88' lang='lat' dir='ltr'>sint,</span> <span class='ocrx_word' id='word_1_123' title='bbox 658 1149 896 1203; x_wconf 91' lang='lat' dir='ltr'>impediunt</span> <span class='ocrx_word' id='word_1_124' title='bbox 938 1151 1131 1203; x_wconf 87' lang='lat' dir='ltr'>salutem,</span> <span class='ocrx_word' id='word_1_125' title='bbox 1177 1167 1284 1204; x_wconf 87' lang='lat' dir='ltr'>quae</span> <span class='ocrx_word' id='word_1_126' title='bbox 1326 1153 1378 1194; x_wconf 92' lang='lat' dir='ltr'>ab</span> <span class='ocrx_word' id='word_1_127' title='bbox 1424 1154 1506 1196; x_wconf 90' lang='lat' dir='ltr'>alia</span> <span class='ocrx_word' id='word_1_128' title='bbox 1549 1169 1674 1196; x_wconf 88' lang='lat' dir='ltr'>causa</span> 
     </span>
     <span class='ocr_line' id='line_1_16' title="bbox 110 1220 1672 1278; baseline 0.003 -14"><span class='ocrx_word' id='word_1_129' title='bbox 110 1224 267 1264; x_wconf 86' lang='lat' dir='ltr'>manat.</span> <span class='ocrx_word' id='word_1_130' title='bbox 306 1221 365 1263; x_wconf 91' lang='lat' dir='ltr'>At</span> <span class='ocrx_word' id='word_1_131' title='bbox 401 1232 506 1263; x_wconf 71' lang='lat' dir='ltr'>non‘</span> <span class='ocrx_word' id='word_1_132' title='bbox 526 1220 587 1262; x_wconf 88' lang='lat' dir='ltr'>ita</span> <span class='ocrx_word' id='word_1_133' title='bbox 627 1221 892 1263; x_wconf 88' lang='lat' dir='ltr'>sentiendum</span> <span class='ocrx_word' id='word_1_134' title='bbox 931 1221 981 1264; x_wconf 93' lang='lat' dir='ltr'>de</span> <span class='ocrx_word' id='word_1_135' title='bbox 1018 1222 1260 1266; x_wconf 86' lang='lat' dir='ltr'>conditione</span> <span class='ocrx_word' id='word_1_136' title='bbox 1297 1224 1430 1266; x_wconf 89' lang='lat' dir='ltr'>totius</span> <span class='ocrx_word' id='word_1_137' title='bbox 1459 1225 1565 1278; x_wconf 90' lang='lat' dir='ltr'>legis</span> <span class='ocrx_word' id='word_1_138' title='bbox 1593 1226 1672 1268; x_wconf 87' lang='lat' dir='ltr'>im-</span> 
     </span>
     <span class='ocr_line' id='line_1_17' title="bbox 109 1293 1673 1349; baseline 0.002 -13"><span class='ocrx_word' id='word_1_139' title='bbox 109 1294 302 1348; x_wconf 90' lang='lat' dir='ltr'>plendae,</span> <span class='ocrx_word' id='word_1_140' title='bbox 341 1307 468 1346; x_wconf 83' lang='lat' dir='ltr'>quarn</span> <span class='ocrx_word' id='word_1_141' title='bbox 506 1295 701 1335; x_wconf 88' lang='lat' dir='ltr'>statuunt</span> <span class='ocrx_word' id='word_1_142' title='bbox 730 1293 795 1335; x_wconf 93' lang='lat' dir='ltr'>illi</span> <span class='ocrx_word' id='word_1_143' title='bbox 824 1293 972 1335; x_wconf 90' lang='lat' dir='ltr'>salutis</span> <span class='ocrx_word' id='word_1_144' title='bbox 1002 1309 1185 1347; x_wconf 88' lang='lat' dir='ltr'>causam,</span> <span class='ocrx_word' id='word_1_145' title='bbox 1216 1298 1257 1337; x_wconf 90' lang='lat' dir='ltr'>et</span> <span class='ocrx_word' id='word_1_146' title='bbox 1287 1311 1395 1349; x_wconf 89' lang='lat' dir='ltr'>quae</span> <span class='ocrx_word' id='word_1_147' title='bbox 1424 1312 1448 1338; x_wconf 92' lang='lat' dir='ltr'>a</span> <span class='ocrx_word' id='word_1_148' title='bbox 1478 1296 1570 1339; x_wconf 92' lang='lat' dir='ltr'>Deo</span> <span class='ocrx_word' id='word_1_149' title='bbox 1600 1312 1673 1339; x_wconf 89' lang='lat' dir='ltr'>ne-</span> 
     </span>
     <span class='ocr_line' id='line_1_18' title="bbox 109 1364 1672 1422; baseline 0.003 -15"><span class='ocrx_word' id='word_1_150' title='bbox 109 1365 214 1407; x_wconf 88' lang='lat' dir='ltr'>mini</span> <span class='ocrx_word' id='word_1_151' title='bbox 242 1365 287 1406; x_wconf 89' lang='lat' dir='ltr'>in</span> <span class='ocrx_word' id='word_1_152' title='bbox 315 1364 396 1406; x_wconf 91' lang='lat' dir='ltr'>hac</span> <span class='ocrx_word' id='word_1_153' title='bbox 423 1364 512 1407; x_wconf 90' lang='lat' dir='ltr'>vita</span> <span class='ocrx_word' id='word_1_154' title='bbox 536 1365 718 1406; x_wconf 89' lang='lat' dir='ltr'>donatur</span> <span class='ocrx_word' id='word_1_155' title='bbox 741 1365 854 1417; x_wconf 86' lang='lat' dir='ltr'>talis,</span> <span class='ocrx_word' id='word_1_156' title='bbox 879 1368 927 1407; x_wconf 88' lang='lat' dir='ltr'>ut</span> <span class='ocrx_word' id='word_1_157' title='bbox 945 1366 1153 1419; x_wconf 88' lang='lat' dir='ltr'>judicium</span> <span class='ocrx_word' id='word_1_158' title='bbox 1179 1366 1260 1409; x_wconf 90' lang='lat' dir='ltr'>Dei</span> <span class='ocrx_word' id='word_1_159' title='bbox 1285 1368 1491 1410; x_wconf 90' lang='lat' dir='ltr'>sustinere</span> <span class='ocrx_word' id='word_1_160' title='bbox 1516 1368 1672 1422; x_wconf 82' lang='lat' dir='ltr'>possit3</span> 
     </span>
     <span class='ocr_line' id='line_1_19' title="bbox 112 1436 1671 1492; baseline 0.001 -12"><span class='ocrx_word' id='word_1_161' title='bbox 112 1453 206 1480; x_wconf 87' lang='lat' dir='ltr'>cum</span> <span class='ocrx_word' id='word_1_162' title='bbox 246 1437 300 1479; x_wconf 89' lang='lat' dir='ltr'>in</span> <span class='ocrx_word' id='word_1_163' title='bbox 342 1436 533 1478; x_wconf 87' lang='lat' dir='ltr'>multis</span> <span class='ocrx_word' id='word_1_164' title='bbox 576 1437 821 1478; x_wconf 86' lang='lat' dir='ltr'>labamur</span> <span class='ocrx_word' id='word_1_165' title='bbox 865 1452 1065 1491; x_wconf 88' lang='lat' dir='ltr'>omnes,</span> <span class='ocrx_word' id='word_1_166' title='bbox 1111 1440 1161 1480; x_wconf 91' lang='lat' dir='ltr'>et</span> <span class='ocrx_word' id='word_1_167' title='bbox 1205 1439 1296 1492; x_wconf 90' lang='lat' dir='ltr'>qui</span> <span class='ocrx_word' id='word_1_168' title='bbox 1340 1439 1581 1492; x_wconf 83' lang='lat' dir='ltr'>deliquit</span> <span class='ocrx_word' id='word_1_169' title='bbox 1618 1439 1671 1481; x_wconf 90' lang='lat' dir='ltr'>in</span> 
     </span>
     <span class='ocr_line' id='line_1_20' title="bbox 109 1508 1673 1563; baseline 0.001 -12"><span class='ocrx_word' id='word_1_170' title='bbox 109 1524 231 1561; x_wconf 92' lang='lat' dir='ltr'>uno,</span> <span class='ocrx_word' id='word_1_171' title='bbox 270 1508 451 1550; x_wconf 90' lang='lat' dir='ltr'>factus</span> <span class='ocrx_word' id='word_1_172' title='bbox 490 1508 562 1550; x_wconf 88' lang='lat' dir='ltr'>sit</span> <span class='ocrx_word' id='word_1_173' title='bbox 601 1508 832 1550; x_wconf 88' lang='lat' dir='ltr'>omnium</span> <span class='ocrx_word' id='word_1_174' title='bbox 870 1523 1014 1561; x_wconf 89' lang='lat' dir='ltr'>reus,</span> <span class='ocrx_word' id='word_1_175' title='bbox 1051 1508 1142 1551; x_wconf 85' lang='lat' dir='ltr'>Jac.</span> <span class='ocrx_word' id='word_1_176' title='bbox 1184 1510 1222 1561; x_wconf 82' lang='lat'>3,</span> <span class='ocrx_word' id='word_1_177' title='bbox 1258 1512 1296 1552; x_wconf 80' lang='lat'>2.</span> <span class='ocrx_word' id='word_1_178' title='bbox 1336 1512 1377 1552; x_wconf 92' lang='lat' dir='ltr'>et</span> <span class='ocrx_word' id='word_1_179' title='bbox 1417 1512 1454 1563; x_wconf 81' lang='lat'>2,</span> <span class='ocrx_word' id='word_1_180' title='bbox 1486 1511 1547 1552; x_wconf 84' lang='lat'>10.</span> <span class='ocrx_word' id='word_1_181' title='bbox 1576 1510 1673 1552; x_wconf 86' lang='lat' dir='ltr'>Etsi</span> 
     </span>
     <span class='ocr_line' id='line_1_21' title="bbox 110 1579 1673 1635; baseline 0.001 -13"><span class='ocrx_word' id='word_1_182' title='bbox 110 1581 221 1623; x_wconf 89' lang='lat' dir='ltr'>enim</span> <span class='ocrx_word' id='word_1_183' title='bbox 260 1579 452 1623; x_wconf 83' lang='lat' dir='ltr'>Christus</span> <span class='ocrx_word' id='word_1_184' title='bbox 493 1579 622 1621; x_wconf 89' lang='lat' dir='ltr'>etiam</span> <span class='ocrx_word' id='word_1_185' title='bbox 661 1582 984 1633; x_wconf 82' lang='lat' dir='ltr'>regenerantem</span> <span class='ocrx_word' id='word_1_186' title='bbox 1023 1580 1209 1634; x_wconf 82' lang='lat' dir='ltr'>gratiam</span> <span class='ocrx_word' id='word_1_187' title='bbox 1248 1581 1451 1634; x_wconf 89' lang='lat' dir='ltr'>attulerit,</span> <span class='ocrx_word' id='word_1_188' title='bbox 1495 1597 1577 1635; x_wconf 92' lang='lat' dir='ltr'>qua</span> <span class='ocrx_word' id='word_1_189' title='bbox 1605 1582 1673 1623; x_wconf 89' lang='lat' dir='ltr'>le-</span> 
     </span>
     <span class='ocr_line' id='line_1_22' title="bbox 109 1650 1673 1708; baseline 0 -14"><span class='ocrx_word' id='word_1_190' title='bbox 109 1666 225 1708; x_wconf 87' lang='lat' dir='ltr'>gem</span> <span class='ocrx_word' id='word_1_191' title='bbox 254 1665 471 1693; x_wconf 89' lang='lat' dir='ltr'>suorum</span> <span class='ocrx_word' id='word_1_192' title='bbox 496 1650 753 1692; x_wconf 85' lang='lat' dir='ltr'>cordibus</span> <span class='ocrx_word' id='word_1_193' title='bbox 779 1650 1064 1703; x_wconf 76' lang='lat' dir='ltr'>inscribit,</span> <span class='ocrx_word' id='word_1_194' title='bbox 1090 1666 1176 1693; x_wconf 91' lang='lat' dir='ltr'>non</span> <span class='ocrx_word' id='word_1_195' title='bbox 1199 1654 1342 1694; x_wconf 87' lang='lat' dir='ltr'>tamen</span> <span class='ocrx_word' id='word_1_196' title='bbox 1367 1653 1413 1694; x_wconf 91' lang='lat' dir='ltr'>in</span> <span class='ocrx_word' id='word_1_197' title='bbox 1439 1667 1499 1704; x_wconf 90' lang='lat' dir='ltr'>ea,</span> <span class='ocrx_word' id='word_1_198' title='bbox 1524 1652 1673 1695; x_wconf 88' lang='lat' dir='ltr'>salutis</span> 
     </span>
     <span class='ocr_line' id='line_1_23' title="bbox 111 1721 1664 1777; baseline 0.001 -13"><span class='ocrx_word' id='word_1_199' title='bbox 111 1737 236 1765; x_wconf 87' lang='lat' dir='ltr'>causa</span> <span class='ocrx_word' id='word_1_200' title='bbox 276 1724 480 1773; x_wconf 87' lang='lat' dir='ltr'>versatur,</span> <span class='ocrx_word' id='word_1_201' title='bbox 528 1724 600 1763; x_wconf 91' lang='lat' dir='ltr'>aut</span> <span class='ocrx_word' id='word_1_202' title='bbox 637 1722 811 1775; x_wconf 90' lang='lat' dir='ltr'>proprie</span> <span class='ocrx_word' id='word_1_203' title='bbox 849 1721 963 1764; x_wconf 87' lang='lat' dir='ltr'>Novi</span> <span class='ocrx_word' id='word_1_204' title='bbox 992 1722 1106 1765; x_wconf 83' lang='lat' dir='ltr'>Test.</span> <span class='ocrx_word' id='word_1_205' title='bbox 1136 1723 1259 1776; x_wconf 90' lang='lat' dir='ltr'>ratio,</span> <span class='ocrx_word' id='word_1_206' title='bbox 1290 1724 1362 1766; x_wconf 90' lang='lat' dir='ltr'>sed</span> <span class='ocrx_word' id='word_1_207' title='bbox 1390 1724 1434 1765; x_wconf 92' lang='lat' dir='ltr'>in</span> <span class='ocrx_word' id='word_1_208' title='bbox 1453 1724 1535 1766; x_wconf 88' lang='lat' dir='ltr'>hac</span> <span class='ocrx_word' id='word_1_209' title='bbox 1564 1739 1664 1777; x_wconf 88' lang='lat' dir='ltr'>pro-</span> 
     </span>
     <span class='ocr_line' id='line_1_24' title="bbox 109 1793 1673 1849; baseline 0.001 -13"><span class='ocrx_word' id='word_1_210' title='bbox 109 1794 320 1846; x_wconf 88' lang='lat' dir='ltr'>missione,</span> <span class='ocrx_word' id='word_1_211' title='bbox 373 1793 730 1847; x_wconf 89' lang='lat' dir='ltr'>propitiabor</span> <span class='ocrx_word' id='word_1_212' title='bbox 781 1793 1075 1846; x_wconf 87' lang='lat' dir='ltr'>iniquitati</span> <span class='ocrx_word' id='word_1_213' title='bbox 1130 1809 1312 1836; x_wconf 88' lang='lat' dir='ltr'>eorum</span> <span class='ocrx_word' id='word_1_214' title='bbox 1364 1798 1414 1837; x_wconf 87' lang='lat' dir='ltr'>et</span> <span class='ocrx_word' id='word_1_215' title='bbox 1457 1796 1673 1849; x_wconf 90' lang='lat' dir='ltr'>peccati</span> 
     </span>
     <span class='ocr_line' id='line_1_25' title="bbox 111 1865 1363 1919; baseline -0.001 -10"><span class='ocrx_word' id='word_1_216' title='bbox 111 1881 292 1909; x_wconf 87' lang='lat' dir='ltr'>eorum</span> <span class='ocrx_word' id='word_1_217' title='bbox 319 1880 423 1907; x_wconf 91' lang='lat' dir='ltr'>non</span> <span class='ocrx_word' id='word_1_218' title='bbox 450 1865 785 1907; x_wconf 88' lang='lat' dir='ltr'>memorabor</span> <span class='ocrx_word' id='word_1_219' title='bbox 815 1865 1063 1919; x_wconf 89' lang='lat' dir='ltr'>amplius,</span> <span class='ocrx_word' id='word_1_220' title='bbox 1093 1865 1179 1908; x_wconf 83' lang='lat' dir='ltr'>Jer.</span> <span class='ocrx_word' id='word_1_221' title='bbox 1208 1867 1272 1919; x_wconf 83' lang='lat'>31,</span> <span class='ocrx_word' id='word_1_222' title='bbox 1299 1868 1363 1909; x_wconf 84' lang='lat'>31.</span> 
     </span>
    </p>

    <p class='ocr_par' dir='ltr' id='par_1_4' title="bbox 109 1936 1673 2915">
     <span class='ocr_line' id='line_1_26' title="bbox 162 1936 1672 1988; baseline 0.003 -10"><span class='ocrx_word' id='word_1_223' title='bbox 162 1936 296 1979; x_wconf 92' lang='lat' dir='ltr'>XXX.</span> <span class='ocrx_word' id='word_1_224' title='bbox 327 1937 443 1987; x_wconf 77' lang='lat' dir='ltr'>Quae</span> <span class='ocrx_word' id='word_1_225' title='bbox 472 1951 568 1979; x_wconf 91' lang='lat' dir='ltr'>cum</span> <span class='ocrx_word' id='word_1_226' title='bbox 596 1936 657 1978; x_wconf 91' lang='lat' dir='ltr'>ita</span> <span class='ocrx_word' id='word_1_227' title='bbox 686 1936 782 1988; x_wconf 88' lang='lat' dir='ltr'>sint,</span> <span class='ocrx_word' id='word_1_228' title='bbox 806 1937 1088 1979; x_wconf 87' lang='lat' dir='ltr'>intolerabilis</span> <span class='ocrx_word' id='word_1_229' title='bbox 1115 1941 1179 1980; x_wconf 88' lang='lat' dir='ltr'>est</span> <span class='ocrx_word' id='word_1_230' title='bbox 1202 1938 1672 1982; x_wconf 79' lang='lat' dir='ltr'>Pontificiorum&#39;arro-</span> 
     </span>
     <span class='ocr_line' id='line_1_27' title="bbox 111 2006 1673 2064; baseline 0.003 -16"><span class='ocrx_word' id='word_1_231' title='bbox 111 2007 270 2061; x_wconf 89' lang='lat' dir='ltr'>gantia,</span> <span class='ocrx_word' id='word_1_232' title='bbox 314 2006 387 2059; x_wconf 91' lang='lat' dir='ltr'>qui</span> <span class='ocrx_word' id='word_1_233' title='bbox 427 2021 513 2049; x_wconf 87' lang='lat' dir='ltr'>non</span> <span class='ocrx_word' id='word_1_234' title='bbox 556 2007 692 2049; x_wconf 89' lang='lat' dir='ltr'>solum</span> <span class='ocrx_word' id='word_1_235' title='bbox 734 2008 1035 2062; x_wconf 87' lang='lat' dir='ltr'>perfectiorem</span> <span class='ocrx_word' id='word_1_236' title='bbox 1076 2009 1195 2051; x_wconf 89' lang='lat' dir='ltr'>illam</span> <span class='ocrx_word' id='word_1_237' title='bbox 1237 2010 1377 2064; x_wconf 87' lang='lat' dir='ltr'>legem</span> <span class='ocrx_word' id='word_1_238' title='bbox 1422 2025 1551 2064; x_wconf 90' lang='lat' dir='ltr'>quam</span> <span class='ocrx_word' id='word_1_239' title='bbox 1592 2011 1673 2053; x_wconf 89' lang='lat' dir='ltr'>sibi</span> 
     </span>
     <span class='ocr_line' id='line_1_28' title="bbox 109 2077 1673 2135; baseline 0.003 -16"><span class='ocrx_word' id='word_1_240' title='bbox 109 2077 410 2131; x_wconf 81' lang='lat' dir='ltr'>imaginantur,</span> <span class='ocrx_word' id='word_1_241' title='bbox 455 2093 556 2131; x_wconf 86' lang='lat' dir='ltr'>prae</span> <span class='ocrx_word' id='word_1_242' title='bbox 592 2078 744 2120; x_wconf 89' lang='lat' dir='ltr'>morali</span> <span class='ocrx_word' id='word_1_243' title='bbox 778 2079 873 2133; x_wconf 90' lang='lat' dir='ltr'>lege</span> <span class='ocrx_word' id='word_1_244' title='bbox 911 2095 934 2122; x_wconf 89' lang='lat' dir='ltr'>a</span> <span class='ocrx_word' id='word_1_245' title='bbox 971 2080 1063 2122; x_wconf 93' lang='lat' dir='ltr'>Deo</span> <span class='ocrx_word' id='word_1_246' title='bbox 1103 2096 1178 2134; x_wconf 87' lang='lat' dir='ltr'>per</span> <span class='ocrx_word' id='word_1_247' title='bbox 1218 2081 1383 2124; x_wconf 88' lang='lat' dir='ltr'>Mosem</span> <span class='ocrx_word' id='word_1_248' title='bbox 1419 2082 1588 2135; x_wconf 89' lang='lat' dir='ltr'>tradita,</span> <span class='ocrx_word' id='word_1_249' title='bbox 1630 2097 1673 2125; x_wconf 88' lang='lat' dir='ltr'>se</span> 
     </span>
     <span class='ocr_line' id='line_1_29' title="bbox 110 2148 1673 2209; baseline 0.004 -20"><span class='ocrx_word' id='word_1_250' title='bbox 110 2163 234 2203; x_wconf 87' lang='lat' dir='ltr'>posse</span> <span class='ocrx_word' id='word_1_251' title='bbox 259 2148 446 2202; x_wconf 88' lang='lat' dir='ltr'>implere,</span> <span class='ocrx_word' id='word_1_252' title='bbox 471 2149 598 2202; x_wconf 88' lang='lat' dir='ltr'>idque</span> <span class='ocrx_word' id='word_1_253' title='bbox 622 2149 736 2192; x_wconf 83' lang='lat' dir='ltr'>facili</span> <span class='ocrx_word' id='word_1_254' title='bbox 759 2151 948 2204; x_wconf 89' lang='lat' dir='ltr'>negotio,</span> <span class='ocrx_word' id='word_1_255' title='bbox 975 2154 1266 2209; x_wconf 89' lang='lat' dir='ltr'>praesumunt,</span> <span class='ocrx_word' id='word_1_256' title='bbox 1292 2167 1385 2194; x_wconf 90' lang='lat' dir='ltr'>eam</span> <span class='ocrx_word' id='word_1_257' title='bbox 1404 2167 1498 2195; x_wconf 90' lang='lat' dir='ltr'>cum</span> <span class='ocrx_word' id='word_1_258' title='bbox 1514 2153 1673 2196; x_wconf 77' lang='lat' dir='ltr'>Christi</span> 
     </span>
     <span class='ocr_line' id='line_1_30' title="bbox 110 2219 1672 2275; baseline 0.003 -13"><span class='ocrx_word' id='word_1_259' title='bbox 110 2219 222 2262; x_wconf 90' lang='lat' dir='ltr'>leni</span> <span class='ocrx_word' id='word_1_260' title='bbox 247 2220 377 2273; x_wconf 81' lang='lat' dir='ltr'>jugo</span> <span class='ocrx_word' id='word_1_261' title='bbox 408 2219 731 2272; x_wconf 85' lang='lat' dir='ltr'>confundentes3</span> <span class='ocrx_word' id='word_1_262' title='bbox 764 2222 836 2263; x_wconf 89' lang='lat' dir='ltr'>sed</span> <span class='ocrx_word' id='word_1_263' title='bbox 863 2224 1084 2275; x_wconf 88' lang='lat' dir='ltr'>praeterea</span> <span class='ocrx_word' id='word_1_264' title='bbox 1114 2223 1388 2275; x_wconf 87' lang='lat' dir='ltr'>contendunt,</span> <span class='ocrx_word' id='word_1_265' title='bbox 1415 2224 1558 2266; x_wconf 85' lang='lat' dir='ltr'>addita</span> <span class='ocrx_word' id='word_1_266' title='bbox 1583 2239 1672 2267; x_wconf 89' lang='lat' dir='ltr'>esse</span> 
     </span>
     <span class='ocr_line' id='line_1_31' title="bbox 111 2289 1673 2349; baseline 0.003 -17"><span class='ocrx_word' id='word_1_267' title='bbox 111 2291 197 2344; x_wconf 90' lang='lat' dir='ltr'>legi</span> <span class='ocrx_word' id='word_1_268' title='bbox 239 2305 263 2332; x_wconf 89' lang='lat' dir='ltr'>a</span> <span class='ocrx_word' id='word_1_269' title='bbox 301 2289 469 2332; x_wconf 85' lang='lat' dir='ltr'>Christo</span> <span class='ocrx_word' id='word_1_270' title='bbox 508 2291 552 2332; x_wconf 92' lang='lat' dir='ltr'>in</span> <span class='ocrx_word' id='word_1_271' title='bbox 588 2290 642 2332; x_wconf 91' lang='lat' dir='ltr'>N.</span> <span class='ocrx_word' id='word_1_272' title='bbox 684 2291 868 2334; x_wconf 87' lang='lat' dir='ltr'>Testam.</span> <span class='ocrx_word' id='word_1_273' title='bbox 909 2293 1143 2335; x_wconf 86' lang='lat' dir='ltr'>consilia</span> <span class='ocrx_word' id='word_1_274' title='bbox 1182 2294 1401 2347; x_wconf 88' lang='lat' dir='ltr'>quaedam,</span> <span class='ocrx_word' id='word_1_275' title='bbox 1442 2310 1550 2347; x_wconf 89' lang='lat' dir='ltr'>quae</span> <span class='ocrx_word' id='word_1_276' title='bbox 1587 2296 1673 2349; x_wconf 87' lang='lat' dir='ltr'>ipsi</span> 
     </span>
     <span class='ocr_line' id='line_1_32' title="bbox 112 2359 1670 2420; baseline 0.005 -19"><span class='ocrx_word' id='word_1_277' title='bbox 112 2361 449 2414; x_wconf 82' lang='lat' dir='ltr'>Evangelica</span> <span class='ocrx_word' id='word_1_278' title='bbox 477 2362 707 2415; x_wconf 87' lang='lat' dir='ltr'>appellant,</span> <span class='ocrx_word' id='word_1_279' title='bbox 738 2363 891 2416; x_wconf 89' lang='lat' dir='ltr'>quibus</span> <span class='ocrx_word' id='word_1_280' title='bbox 920 2378 963 2405; x_wconf 88' lang='lat' dir='ltr'>se</span> <span class='ocrx_word' id='word_1_281' title='bbox 992 2359 1346 2407; x_wconf 87' lang='lat' dir='ltr'>abundantiorem</span> <span class='ocrx_word' id='word_1_282' title='bbox 1378 2380 1554 2420; x_wconf 88' lang='lat' dir='ltr'>operum</span> <span class='ocrx_word' id='word_1_283' title='bbox 1579 2367 1670 2420; x_wconf 87' lang='lat' dir='ltr'>jus-</span> 
     </span>
     <span class='ocr_line' id='line_1_33' title="bbox 110 2432 1673 2491; baseline 0.004 -18"><span class='ocrx_word' id='word_1_284' title='bbox 110 2432 253 2473; x_wconf 85' lang='lat' dir='ltr'>titiam</span> <span class='ocrx_word' id='word_1_285' title='bbox 277 2434 479 2485; x_wconf 88' lang='lat' dir='ltr'>consequi</span> <span class='ocrx_word' id='word_1_286' title='bbox 502 2448 626 2486; x_wconf 89' lang='lat' dir='ltr'>posse</span> <span class='ocrx_word' id='word_1_287' title='bbox 647 2435 919 2487; x_wconf 86' lang='lat' dir='ltr'>pertendunt,</span> <span class='ocrx_word' id='word_1_288' title='bbox 944 2450 1073 2488; x_wconf 88' lang='lat' dir='ltr'>quam</span> <span class='ocrx_word' id='word_1_289' title='bbox 1096 2451 1203 2489; x_wconf 88' lang='lat' dir='ltr'>quae</span> <span class='ocrx_word' id='word_1_290' title='bbox 1225 2437 1270 2478; x_wconf 91' lang='lat' dir='ltr'>in</span> <span class='ocrx_word' id='word_1_291' title='bbox 1292 2437 1385 2490; x_wconf 91' lang='lat' dir='ltr'>lege</span> <span class='ocrx_word' id='word_1_292' title='bbox 1408 2438 1673 2491; x_wconf 88' lang='lat' dir='ltr'>praescripta</span> 
     </span>
     <span class='ocr_line' id='line_1_34' title="bbox 113 2505 1672 2562; baseline 0.004 -19"><span class='ocrx_word' id='word_1_293' title='bbox 113 2505 189 2555; x_wconf 91' lang='lat' dir='ltr'>est,</span> <span class='ocrx_word' id='word_1_294' title='bbox 229 2505 270 2544; x_wconf 88' lang='lat' dir='ltr'>et</span> <span class='ocrx_word' id='word_1_295' title='bbox 309 2518 359 2545; x_wconf 86' lang='lat' dir='ltr'>ex</span> <span class='ocrx_word' id='word_1_296' title='bbox 397 2518 446 2545; x_wconf 90' lang='lat' dir='ltr'>ea</span> <span class='ocrx_word' id='word_1_297' title='bbox 483 2505 638 2557; x_wconf 89' lang='lat' dir='ltr'>gradus</span> <span class='ocrx_word' id='word_1_298' title='bbox 673 2505 718 2547; x_wconf 89' lang='lat' dir='ltr'>in</span> <span class='ocrx_word' id='word_1_299' title='bbox 756 2506 871 2548; x_wconf 90' lang='lat' dir='ltr'>coelo</span> <span class='ocrx_word' id='word_1_300' title='bbox 906 2508 1139 2560; x_wconf 88' lang='lat' dir='ltr'>promereri</span> <span class='ocrx_word' id='word_1_301' title='bbox 1167 2510 1337 2562; x_wconf 89' lang='lat' dir='ltr'>praeter</span> <span class='ocrx_word' id='word_1_302' title='bbox 1364 2507 1672 2550; x_wconf 86' lang='lat' dir='ltr'>beatitudinem</span> 
     </span>
     <span class='ocr_line' id='line_1_35' title="bbox 114 2575 1673 2632; baseline 0.003 -16"><span class='ocrx_word' id='word_1_303' title='bbox 114 2575 400 2626; x_wconf 83' lang='lat' dir='ltr'>essentialem3</span> <span class='ocrx_word' id='word_1_304' title='bbox 436 2577 498 2617; x_wconf 88' lang='lat' dir='ltr'>ita</span> <span class='ocrx_word' id='word_1_305' title='bbox 534 2579 582 2618; x_wconf 88' lang='lat' dir='ltr'>ut</span> <span class='ocrx_word' id='word_1_306' title='bbox 618 2592 705 2620; x_wconf 89' lang='lat' dir='ltr'>non</span> <span class='ocrx_word' id='word_1_307' title='bbox 742 2581 919 2631; x_wconf 87' lang='lat' dir='ltr'>servata,</span> <span class='ocrx_word' id='word_1_308' title='bbox 960 2594 1143 2632; x_wconf 88' lang='lat' dir='ltr'>poenam</span> <span class='ocrx_word' id='word_1_309' title='bbox 1171 2594 1257 2621; x_wconf 91' lang='lat' dir='ltr'>non</span> <span class='ocrx_word' id='word_1_310' title='bbox 1286 2580 1476 2632; x_wconf 84' lang='lat' dir='ltr'>afferant,</span> <span class='ocrx_word' id='word_1_311' title='bbox 1505 2582 1673 2622; x_wconf 86' lang='lat' dir='ltr'>servata</span> 
     </span>
     <span class='ocr_line' id='line_1_36' title="bbox 113 2647 1671 2704; baseline 0.004 -16"><span class='ocrx_word' id='word_1_312' title='bbox 113 2648 248 2700; x_wconf 86' lang='lat' dir='ltr'>majus</span> <span class='ocrx_word' id='word_1_313' title='bbox 285 2647 523 2700; x_wconf 87' lang='lat' dir='ltr'>praemium</span> <span class='ocrx_word' id='word_1_314' title='bbox 559 2651 822 2692; x_wconf 86' lang='lat' dir='ltr'>mereantur:</span> <span class='ocrx_word' id='word_1_315' title='bbox 862 2650 1006 2703; x_wconf 88' lang='lat' dir='ltr'>qualia</span> <span class='ocrx_word' id='word_1_316' title='bbox 1043 2653 1141 2692; x_wconf 88' lang='lat' dir='ltr'>sunt</span> <span class='ocrx_word' id='word_1_317' title='bbox 1170 2651 1252 2692; x_wconf 90' lang='lat' dir='ltr'>tria</span> <span class='ocrx_word' id='word_1_318' title='bbox 1281 2651 1351 2693; x_wconf 77' lang='lat' dir='ltr'>issa</span> <span class='ocrx_word' id='word_1_319' title='bbox 1381 2666 1489 2704; x_wconf 88' lang='lat' dir='ltr'>quae</span> <span class='ocrx_word' id='word_1_320' title='bbox 1517 2654 1671 2694; x_wconf 88' lang='lat' dir='ltr'>vocant</span> 
     </span>
     <span class='ocr_line' id='line_1_37' title="bbox 113 2718 1671 2776; baseline 0.004 -17"><span class='ocrx_word' id='word_1_321' title='bbox 113 2718 387 2772; x_wconf 72' lang='lat' dir='ltr'>perlectionis</span> <span class='ocrx_word' id='word_1_322' title='bbox 421 2719 729 2773; x_wconf 85' lang='lat' dir='ltr'>substantialia,</span> <span class='ocrx_word' id='word_1_323' title='bbox 761 2722 1120 2774; x_wconf 87' lang='lat' dir='ltr'>continentia,</span> <span class='ocrx_word' id='word_1_324' title='bbox 1148 2724 1444 2776; x_wconf 89' lang='lat' dir='ltr'>paupertas</span> <span class='ocrx_word' id='word_1_325' title='bbox 1474 2725 1524 2764; x_wconf 90' lang='lat' dir='ltr'>et</span> <span class='ocrx_word' id='word_1_326' title='bbox 1553 2723 1671 2766; x_wconf 87' lang='lat' dir='ltr'>obe-</span> 
     </span>
     <span class='ocr_line' id='line_1_38' title="bbox 115 2788 1671 2848; baseline 0.003 -17"><span class='ocrx_word' id='word_1_327' title='bbox 115 2788 346 2842; x_wconf 91' lang='lat' dir='ltr'>dientia,</span> <span class='ocrx_word' id='word_1_328' title='bbox 387 2793 429 2832; x_wconf 91' lang='lat' dir='ltr'>et</span> <span class='ocrx_word' id='word_1_329' title='bbox 466 2791 548 2832; x_wconf 88' lang='lat' dir='ltr'>alia</span> <span class='ocrx_word' id='word_1_330' title='bbox 585 2791 721 2845; x_wconf 88' lang='lat' dir='ltr'>plura,</span> <span class='ocrx_word' id='word_1_331' title='bbox 759 2794 818 2845; x_wconf 90' lang='lat' dir='ltr'>ut,</span> <span class='ocrx_word' id='word_1_332' title='bbox 856 2807 941 2834; x_wconf 89' lang='lat' dir='ltr'>non</span> <span class='ocrx_word' id='word_1_333' title='bbox 979 2792 1194 2834; x_wconf 81' lang='lat' dir='ltr'>vindicare</span> <span class='ocrx_word' id='word_1_334' title='bbox 1233 2807 1276 2835; x_wconf 91' lang='lat' dir='ltr'>se</span> <span class='ocrx_word' id='word_1_335' title='bbox 1312 2792 1466 2846; x_wconf 88' lang='lat' dir='ltr'>ipsum,</span> <span class='ocrx_word' id='word_1_336' title='bbox 1494 2793 1671 2848; x_wconf 86' lang='lat' dir='ltr'>injurias</span> 
     </span>
     <span class='ocr_line' id='line_1_39' title="bbox 115 2861 586 2915; baseline 0.004 -13"><span class='ocrx_word' id='word_1_337' title='bbox 115 2861 328 2915; x_wconf 85' lang='lat' dir='ltr'>patienter</span> <span class='ocrx_word' id='word_1_338' title='bbox 356 2861 478 2914; x_wconf 82' lang='lat' dir='ltr'>ferre,</span> <span class='ocrx_word' id='word_1_339' title='bbox 508 2864 586 2904; x_wconf 90' lang='lat' dir='ltr'>etc.</span> 
     </span>
    </p>

    <p class='ocr_par' dir='ltr' id='par_1_5' title="bbox 167 2931 1670 2990">
     <span class='ocr_line' id='line_1_40' title="bbox 167 2931 1670 2990; baseline 0.004 -18"><span class='ocrx_word' id='word_1_340' title='bbox 167 2931 323 2975; x_wconf 90' lang='lat' dir='ltr'>XXXI.</span> <span class='ocrx_word' id='word_1_341' title='bbox 361 2933 479 2975; x_wconf 88' lang='lat' dir='ltr'>Haec</span> <span class='ocrx_word' id='word_1_342' title='bbox 516 2933 708 2975; x_wconf 87' lang='lat' dir='ltr'>doctrina</span> <span class='ocrx_word' id='word_1_343' title='bbox 742 2934 830 2988; x_wconf 85' lang='lat' dir='ltr'>legi</span> <span class='ocrx_word' id='word_1_344' title='bbox 868 2934 1034 2977; x_wconf 86' lang='lat' dir='ltr'>divinae</span> <span class='ocrx_word' id='word_1_345' title='bbox 1070 2934 1226 2987; x_wconf 87' lang='lat' dir='ltr'>injuria</span> <span class='ocrx_word' id='word_1_346' title='bbox 1264 2938 1338 2988; x_wconf 88' lang='lat' dir='ltr'>est,</span> <span class='ocrx_word' id='word_1_347' title='bbox 1367 2936 1670 2990; x_wconf 84' lang='lat' dir='ltr'>perfectionem</span> 
     </span>
    </p>
   </div>
  </div>
 </body>
</html>
