1931 3224
285 155 335 197 78
874 151 1115 193 DISPUTATIO
1143 148 1216 190 IX.

335 275 450 317 VIII.
485 274 674 316 Modus
710 273 911 326 ὑπάρξεως
934 273 1118 327 Spiritus
1142 271 1184 314 S,
1211 273 1248 314 ei
1272 285 1367 313 cum
1391 270 1500 312 Filio
1527 271 1832 324 communis,

286 350 349 388 est
378 348 420 388 in
452 346 828 387 communicatione
852 344 1016 385 divinae
1040 342 1255 394 essentiae,
1283 343 1454 394 ejusque
1478 341 1832 395 participatione:

285 432 370 459 non
407 417 450 458 in
487 419 620 469 parte,
659 431 734 468 per
764 415 973 467 quandam
1010 414 1264 455 decisionem
1299 411 1403 465 (non
1430 412 1543 454 enim
1570 412 1740 454 dividua
1769 416 1834 455 est

295 489 436 529 divina
471 487 638 539 natura)
673 487 743 527 sed
780 486 902 526 unius
941 499 988 526 ac
1024 485 1157 526 totius
1188 483 1494 535 communione,
1523 497 1662 536 neque
1688 484 1762 525 illa
1788 483 1833 526 in

289 562 490 611 tempore,
522 557 708 615 (ἃχρονος
747 556 870 606 6111111,
901 558 942 597 61
972 557 1090 597 extra
1117 557 1299 608 tempus,
1330 556 1478 597 auctor
1505 553 1729 608 temporis)
1759 555 1832 597 sed

287 630 339 670 ab
379 632 563 678 aeterno,
601 643 648 669 30
687 627 863 680 proinde
896 627 1067 679 ignorat
1104 626 1310 678 temporis
1345 628 1502 678 partes,
1532 640 1581 667 ac
1608 626 1668 668 sic
1694 641 1832 680 neque

291 699 445 749 futura,
474 713 609 750 neque
637 697 740 748 fieri,
769 711 905 749 neque
932 696 1045 738 facta
1074 696 1155 738 dici
1182 699 1337 750 potest.
1367 695 1491 738 Unde
1514 697 1601 738 sive
1624 697 1694 740 hic
1714 700 1833 740 actus

278 771 322 811 in
364 769 588 822 praesenti,
626 771 673 810 ut
710 783 805 809 cum
841 767 994 809 dicitur
1031 782 1056 808 a
1092 767 1220 809 Patre
1248 767 1490 820 procedere,
1519 768 1606 809 sive
1634 768 1680 809 in
1706 784 1831 822 prae-

279 841 420 891 terito,
445 842 493 880 ut
516 854 609 881 011111
634 839 787 881 dicitur
811 839 1007 892 spiratus,
1032 838 1278 892 explicetur,
1304 838 1393 880 sine
1416 838 1605 891 partium
1623 841 1830 894 temporis

280 910 484 951 relatione
511 909 833 963 intelligendum
861 911 934 951 est.

335 980 406 1022 IX.
445 979 491 1021 Μ
503 995 526 1022 0
541 981 566 1021 (1
576 995 603 1021 11
615 995 632 1021 8
671 995 689 1021 8
700 980 714 1021 1
725 996 752 1021 11
763 995 791 1033 g
801 980 851 1021 ul
863 996 887 1021 a
897 980 942 1021 ri
953 996 972 1022 3
1012 980 1084 1033 qui
1123 980 1440 1022 subsistentiam
1477 981 1565 1034 ejus
1594 982 1829 1035 constituit,

278 1053 319 1093 61
360 1065 442 1103 quo
481 1067 505 1092 a
541 1050 667 1093 Patre
705 1051 900 1104 Filioque
929 1051 1217 1104 distinguitur,
1249 1054 1312 1093 est
1336 1052 1381 1093 in
1410 1052 1644 1105 spiratione
1672 1052 1754 1095 Dei
1782 1068 1832 1097 ac

281 1123 318 1164 61
365 1122 644 1175 respondente
682 1122 958 1175 processione.
995 1121 1056 1164 Ut
1093 1122 1204 1164 enim
1241 1122 1440 1176 spirando
1478 1123 1742 1177 producitur,
1769 1125 1831 1168 113

288 1192 518 1234 6111311311ᾶο
557 1193 767 1244 subsistit3
806 1193 918 1245 quod
945 1193 1011 1234 vel
1039 1207 1121 1234 vox
1150 1192 1348 1246 Spiritus,
1379 1194 1453 1246 qui
1480 1195 1655 1248 proprie
1681 1210 1838 1250 proce-·

285 1264 393 1314 dere,
422 1263 578 1305 scilicet
607 1278 630 1305 3
659 1263 856 1316 spirante,
886 1263 1050 1315 dicitur,
1080 1264 1344 1317 comprobat.

343 1333 394 1375 X.
431 1334 716 1376 Processionis
744 1349 872 1388 porro
899 1349 982 1376 vox
1008 1349 1094 1376 non
1123 1334 1367 1388 accipienda
1395 1339 1458 1378 est
1486 1337 1713 1380 secundum
1742 1337 1827 1380 vir-

276 1407 380 1447 tutis
424 1408 464 1446 et
507 1405 715 1447 efficaciae
757 1420 781 1446 3
822 1405 912 1447 Deo
956 1406 1278 1458 emanationem,
1322 1409 1531 1460 quatenus
1574 1423 1704 1462 opera
1744 1407 1827 1451 Dei

282 1476 516 1529 procedunt
553 1476 605 1517 ab
646 1480 867 1529 operante3
896 1477 963 1519 vel
991 1478 1219 1519 secundum
1245 1478 1492 1520 interiorem
1520 1481 1562 1520 et
1590 1479 1825 1521 immanen-

277 1549 363 1588 tem
400 1548 443 1588 in
483 1547 661 1588 essentia
700 1547 781 1589 Dei
819 1548 1040 1601 actionem,
1070 1564 1178 1601 quae
1204 1552 1349 1591 tamen
1376 1549 1513 1592 tendit
1538 1550 1584 1592 in
1609 1550 1824 1604 objectum

279 1620 397 1659 extra
424 1617 573 1670 Deum,
604 1619 786 1671 qualiter
815 1621 982 1662 decreta
1009 1620 1090 1662 Dei
1119 1623 1218 1662 sunt
1242 1624 1284 1663 et
1306 1622 1544 1675 procedunt
1566 1636 1591 1663 a
1614 1619 1727 1673 De03
1752 1621 1826 1665 sed

272 1690 396 1741 juxta
423 1689 631 1731 actionem
658 1690 739 1732 Dei
767 1691 819 1732 ad
845 1692 958 1733 intra
990 1691 1056 1744 (ut
1082 1692 1317 1745 loquuntur
1344 1692 1548 1745 scholae),
1572 1692 1616 1734 id
1639 1695 1716 1745 est,
1740 1707 1825 1747 qua

272 1759 333 1800 ita
370 1760 460 1813 agit
495 1760 609 1802 Deus
644 1762 689 1802 in
727 1763 907 1804 essentia
935 1777 1019 1812 sua,
1048 1765 1095 1804 ut
1122 1763 1303 1805 reflexus
1330 1764 1375 1805 in
1403 1778 1446 1805 se
1472 1764 1626 1817 ipsum,
1658 1764 1823 1807 divinae

277 1830 481 1872 essentiae
510 1832 802 1874 communione
830 1833 1080 1876 relationem
1106 1834 1267 1876 realem
1297 1835 1542 1877 constituat.

322 1900 396 1942 XI.
427 1900 578 1953 Neque
605 1905 748 1945 tamen
775 1903 1054 1957 intelligenda
1083 1908 1147 1947 est
1175 1908 1383 1959 quatenus
1411 1907 1693 1949 communiter
1716 1921 1822 1960 quo-

274 1986 354 2024 que
393 1971 502 2014 Filio
542 1977 779 2026 competere
816 1977 970 2028 potest,
1000 1976 1067 2018 cui
1092 1977 1259 2019 ratione
1287 1978 1522 2031 personalis
1551 1978 1822 2021 exsistentiae

272 2057 297 2084 a
323 2042 464 2094 Patre,
485 2043 613 2086 etiam
632 2043 774 2097 ἔξοδος,
800 2047 1076 2101 egresssio
1106 2063 1131 2090 a
1156 2049 1347 2091 diebus
1371 2050 1752 2103 aeternitatis,
1779 2052 1821 2092 et

271 2118 467 2167 respectu
503 2115 727 2167 missionis,
768 2119 810 2159 et
839 2118 1043 2160 adventus
1071 2119 1116 2160 in
1145 2134 1314 2162 carnem
1340 2119 1550 2170 ἐξέλευσις,
1586 2121 1768 2163 exitus
1796 2136 1821 2164 a

271 2184 399 2227 Patre
423 2186 637 2239 tribuitur,
661 2187 816 2229 Mich.
842 2188 879 2240 5,
904 2190 940 2231 1.
965 2189 993 2231 J
1004 2190 1081 2232 oh.
1107 2191 1169 2243 16,
1186 2191 1249 2233 27.
1264 2191 1342 2243 28„
1358 2191 1431 2234 sed
1447 2206 1531 2244 qua
1545 2192 1821 2246 singulariter

280 2256 459 2310 Spiritui
487 2256 643 2300 Sancto
672 2258 906 2318 ἕκπόρευσις,
937 2263 1238 2315 processio,
1263 2264 1311 2305 ut
1337 2263 1575 2318 personalis
1604 2263 1820 2306 characte-

275 2326 419 2368 ristica
448 2328 699 2381 proprietas,
727 2330 772 2372 in
800 2331 927 2373 sacris
953 2332 1085 2374 literis
1112 2334 1367 2387 assignatur,
1395 2334 1423 2377 J
1435 2335 1512 2377 oh.
1542 2335 1606 2388 15,
1634 2335 1699 2376 26.

321 2395 416 2439 XII.
452 2396 609 2440 Locum
636 2414 734 2442 vero
764 2400 885 2443 illum
912 2402 1118 2446 illustrem
1147 2419 1230 2458 quo
1260 2405 1425 2459 dicitur,
1455 2405 1701 2461 Spiritus
1722 2406 1819 2448 ille

267 2467 528 2510 veritatis
581 2470 670 2522 qui
713 2485 737 2512 3
777 2471 939 2515 Ρ3116
980 2476 1257 2529 procedit,
1300 2477 1399 2520 Joh.
1442 2478 1507 2530 15,
1548 2478 1613 2519 26.
1655 2479 1818 2520 veteres

278 2538 447 2589 quidem
484 2553 628 2582 omnes
666 2542 715 2583 de
751 2545 1019 2595 processione
1048 2549 1218 2589 aeterna
1245 2547 1431 2601 Spiritus
1458 2547 1617 2600 Sancti,
1646 2550 1690 2589 31
1717 2562 1816 2590 vero

280 2609 562 2652 recentiorum
590 2613 789 2653 nonnulli
825 2614 875 2655 de
913 2630 961 2658 ea
999 2631 1104 2668 quae
1140 2618 1184 2659 in
1220 2621 1414 2673 tempore
1448 2619 1510 2670 fit,
1548 2619 1747 2672 ἐνεργείαις
1775 2621 1817 2661 61

271 2681 543 2733 operationis,
581 2682 842 2736 intelligunt3
880 2700 958 2728 nos
984 2702 1083 2729 vero
1113 2691 1340 2743 utrumque
1369 2693 1510 2733 actum
1539 2690 1816 2743 comprehen-

269 2749 414 2801 dimus,
442 2751 561 2794 illum
593 2754 760 2806 quidem
788 2756 1004 2810 primario,
1033 2758 1146 2801 hunc
1171 2775 1271 2803 vero
1299 2762 1560 2804 secundario.

325 2819 439 2861 XIII.
482 2821 710 2866 Distinctio
752 2826 863 2868 inter
900 2830 1216 2881 generationem
1253 2833 1295 2874 et
1331 2833 1623 2886 spirationem,
1658 2831 1815 2874 nativi-

283 2891 414 2931 tatem
443 2894 485 2932 et
512 2895 834 2949 processionem,
866 2912 916 2939 ex
937 2900 1256 2943 nomenclatura
1279 2905 1321 2944 et
1344 2919 1389 2946 re
1411 2904 1518 2957 ipsa,
1543 2904 1596 2946 ab
1619 2903 1815 2946 humanis

269 2959 395 3010 (unde
431 2961 588 3005 fluxere
624 2966 830 3008 vocabula
867 2970 909 3009 et
946 2969 1158 3023 notiones)
1196 2973 1249 3014 ad
1278 2987 1344 3015 res
1372 2973 1533 3016 divinas
1561 2974 1708 3027 relata,
1736 2974 1813 3017 ali-
