1931 3224
605 100 669 143 DE
697 99 985 144 INOARNATIONE
1013 100 1118 142 Fun
1147 99 1238 142 Dm.
1624 103 1701 144 247

143 224 445 279 assumptione,
474 225 696 278 utriusque
723 227 900 268 naturae
929 226 1085 267 unione
1109 228 1151 267 et
1176 226 1485 279 communione,
1514 240 1562 269 ac
1586 226 1703 268 deni-

144 312 225 350 que
261 297 546 350 respondente
583 297 898 351 phraseologia,
940 297 1231 339 discrimen
1270 298 1410 350 quod
1449 300 1528 340 est
1555 298 1703 341 inter

143 368 418 410 Christum
454 369 723 410 hominem
754 370 804 410 et
834 368 1102 421 reliquos,
1134 368 1264 410 etiam
1292 369 1596 423 sanctissimos,
1626 384 1702 424 ap-

141 442 285 494 paret3
322 439 382 482 In
417 440 537 494 ipso
577 440 714 481 enim
750 439 1033 481 inhabitat
1063 439 1235 481 omnis
1265 439 1552 492 plenitudo
1584 440 1703 482 Dei-

140 512 279 554 tatis
311 515 560 563 ο-ωμσιτικῶς,
592 510 680 552 Col.
717 511 753 552 2.
790 510 924 552 Filius
963 511 1075 552 enim
1113 510 1300 552 hominis
1337 509 1472 553 Filius
1511 510 1592 553 Dei
1627 514 1701 563 est,
1736 530 1741 534 ⁷

141 585 183 625 et
212 582 415 636 quicquid
444 584 506 623 est
535 581 637 623 Filii
664 582 850 624 hominis
882 581 983 623 Filii
1010 581 1091 623 Dei
1119 584 1194 624 est.

192 653 278 696 XL.
307 653 459 695 Finis
490 653 671 706 denique
700 653 1017 705 incarnationis,
1048 655 1110 694 est
1140 652 1270 695 officii
1299 653 1380 695 sibi
1408 669 1433 695 a
1460 653 1589 696 Patre
1621 654 1700 696 ini-

136 725 269 780 positi
305 724 553 777 praestatio,
595 726 637 765 et
675 724 825 766 salutis
864 726 1036 766 nostrae
1073 725 1332 777 procuratio,
1364 725 1435 766 Es.
1465 726 1502 778 6,
1533 727 1569 768 9.
1600 726 1701 768 Luc.

138 798 173 849 2,
214 797 249 838 7.
287 795 478 847 Homo,
520 798 568 837 et
598 795 813 848 quidem
840 809 997 836 verus
1025 795 1182 837 1101110
1213 810 1302 837 0550
1333 796 1490 849 debuit,
1520 800 1569 839 ut
1598 813 1698 841 vera

135 868 313 919 homini,
351 868 424 920 qui
460 869 722 921 peccaverat,
761 881 836 920 per
873 866 1092 908 hominem
1129 869 1421 920 praestaretur
1449 868 1574 910 salus.
1605 869 1698 912 To-

135 942 223 982 tus
253 941 303 981 et
338 939 578 992 integer,
608 938 830 979 scilicet
860 937 1000 979 anima
1031 940 1072 979 et
1102 952 1292 991 corpore,
1321 940 1361 979 et
1388 953 1533 981 eorum
1558 954 1697 982 055011-

133 1011 308 1053 tialibus
346 1009 680 1065 proprietatibus
720 1011 932 1060 constanS,
963 1011 1011 1049 ut
1039 1010 1156 1050 totus
1186 1009 1328 1061 homo,
1360 1012 1401 1051 et
1432 1025 1623 1064 corpore⁷
1653 1015 1695 1054 et

133 1081 342 1135 imprimis
381 1081 522 1122 anima
558 1082 839 1133 repararetur.
869 1079 1109 1121 Humilis
1141 1095 1198 1121 ac
1225 1081 1457 1134 fragilis
1489 1084 1538 1123 et
1567 1097 1696 1124 mor-

132 1153 289 1205 talis,
320 1155 368 1194 ut
396 1152 498 1207 pati,
531 1151 783 1204 sanguinem
812 1151 1037 1203 effundere,
1069 1154 1109 1192 et
1138 1152 1248 1193 mori
1277 1151 1385 1203 (sine
1411 1167 1495 1205 quo
1520 1168 1607 1195 non
1632 1157 1695 1196 est

133 1223 384 1277 redemptio,
415 1226 457 1265 et
484 1223 529 1265 in
559 1238 642 1276 quo
672 1222 978 1276 redemptionis
1008 1226 1072 1265 est
1101 1223 1305 1276 pretium)
1334 1227 1494 1278 posset.
1524 1225 1694 1268 Homo

132 1311 191 1338 ex
227 1296 469 1347 homine,
509 1310 582 1337 seu
621 1295 734 1336 filius
771 1294 970 1346 hominis,
1009 1310 1061 1336 ne
1091 1295 1230 1337 aliena
1257 1299 1410 1337 natura
1438 1297 1588 1353 lueret.
1619 1298 1695 1340 Ex

128 1366 347 1420 virgine
387 1366 770 1420 supernaturaliter
806 1367 848 1408 vi
878 1366 1062 1421 Spiritus
1092 1367 1238 1410 Sancti
1266 1367 1403 1410 factus
1434 1371 1475 1410 et
1505 1370 1693 1411 sanctifi-

129 1440 260 1490 catus,
299 1440 347 1479 ut
387 1437 615 1491 singularis
656 1440 697 1479 et
736 1441 986 1491 segregatus
1017 1453 1040 1479 a
1068 1442 1256 1492 peccato,
1286 1439 1438 1482 tollere
1468 1444 1690 1494 peccatum

127 1511 170 1551 et
207 1509 370 1551 salvare
408 1524 486 1551 nos
523 1512 680 1563 posset,
721 1509 791 1551 Es.
830 1510 893 1551 53.
922 1509 1045 1552 Matt.
1076 1510 1111 1563 l,
1143 1511 1206 1552 21.
1238 1511 1300 1552 23.
1330 1510 1463 1553 Hebr.
1493 1513 1529 1564 2,
1559 1513 1595 1554 9.
1629 1513 1690 1555 14.

128 1581 190 1622 16.
221 1583 263 1622 et
292 1582 328 1632 7,
359 1581 422 1622 26.
453 1583 530 1622 etc.

177 1651 286 1693 XLI.
323 1651 525 1694 Filium
562 1651 663 1693 Dei
701 1665 791 1693 esse
830 1652 1036 1705 oportuit,
1076 1667 1148 1694 seu
1186 1652 1345 1695 Filium
1382 1654 1463 1697 Dei
1490 1658 1687 1699 naturam

92 1759 96 1765 .
124 1723 356 1764 humanam
383 1723 428 1764 in
457 1737 664 1776 personae
692 1723 857 1765 unitate
886 1738 1113 1772 assumere,
1144 1727 1272 1777 atque
1300 1727 1476 1767 naturas
1504 1727 1616 1769 inter
1644 1743 1687 1770 se

121 1794 184 1835 ita
211 1794 336 1845 uniri,
368 1796 409 1835 et
437 1809 565 1835 unam
599 1809 694 1836 cum
724 1794 859 1836 altera
891 1797 1233 1838 communionem
1261 1796 1434 1850 habere,
1464 1801 1511 1840 ut
1540 1814 1564 1841 a
1586 1798 1687 1842 Dei-

122 1867 223 1918 tate,
264 1865 444 1907 actionis
480 1865 775 1919 passionisque
814 1866 987 1917 ἀξίωσις,
1023 1870 1064 1909 et
1092 1869 1292 1910 meritum
1320 1869 1535 1912 infinitum
1564 1874 1684 1924 esset,

124 1951 231 1988 opus
267 1937 573 1990 redemptionis
612 1937 784 1979 omnino
825 1938 1074 1991 perfectum,
1114 1941 1433 1994 applicatioque
1469 1943 1512 1984 in
1544 1944 1686 1985 electis

124 2007 273 2049 efficax
310 2007 442 2057 foret;
480 2008 670 2061 adeoque
709 2009 902 2052 homines
944 2026 968 2052 a
996 2010 1088 2053 Deo
1118 2027 1194 2065 per
1223 2016 1446 2065 peccatum
1475 2015 1685 2067 disjuncti,

120 2079 372 2121 intermedio
410 2079 655 2132 mediatore,
695 2081 868 2133 ejusque
901 2082 1071 2133 justitia
1110 2085 1151 2124 et
1190 2084 1429 2136 sanctitate,
1469 2084 1561 2127 Deo
1590 2087 1684 2127 uni-

121 2152 278 2201 rentur,
330 2145 551 2192 filiationis
589 2152 658 2204 jus
702 2152 954 2205 acciperent,
1000 2156 1042 2195 et
1084 2154 1285 2197 haeredes
1330 2156 1443 2198 vitae
1487 2159 1683 2199 aeternae

120 2220 283 2272 fierent,
314 2220 414 2262 Joh.
444 2222 481 2273 6,
510 2221 573 2263 35.
603 2222 667 2264 51.
698 2222 864 2265 et'Act.
895 2225 932 2276 2,
962 2225 1025 2266 28.
1057 2225 1188 2267 Hebr.
1218 2227 1255 2279 9,
1286 2227 1348 2268 14.
1380 2230 1457 2270 0130.

173 2290 304 2332 XLII.
342 2291 494 2333 Finis
532 2296 791 2346 remotus,
831 2297 894 2337 est
932 2296 1178 2350 sapientiae,
1215 2298 1408 2350 justitiae
1446 2302 1488 2341 et
1516 2300 1680 2343 miseri-

121 2362 288 2403 cordiae
332 2362 413 2404 Dei
455 2378 504 2405 ac
548 2366 861 2419 φιλανθρωπίαις,
895 2369 1095 2410 amoris
1140 2383 1268 2422 erga
1305 2370 1551 2413 homines
1590 2373 1678 2425 ejus

121 2433 275 2475 eximia
303 2435 624 2488 demonstratio,
655 2436 707 2478 ad
736 2437 825 2490 ejus
853 2438 1022 2481 laudem
1056 2441 1098 2482 et
1128 2442 1344 2483 aeternam
1376 2442 1574 2495 gloriam.

647 2647 1148 2700 ANTITHESES.

169 2794 202 2836 Ι.
240 2795 508 2849 Rejiciuntur
546 2796 684 2849 primo
722 2797 750 2840 J
761 2799 940 2853 udaei,
981 2801 1055 2854 qui
1081 2800 1262 2844 Messiae
1289 2802 1334 2843 in
1365 2817 1490 2846 carne
1518 2805 1674 2847 adven-

115 2868 208 2908 tum
243 2870 415 2921 negant,
455 2870 497 2910 et
533 2868 661 2910 finem
701 2869 907 2913 adventus
934 2871 978 2913 in
1007 2871 1223 2914 beneficiis
1247 2875 1555 2928 temporalibus
1585 2877 1673 2919 col-

115 2936 272 2980 locant.
