1931 3224
235 173 283 212 16
829 165 1069 208 D1s1‘urA'r10
1098 162 1170 204 [Π.

233 294 341 346 cipia
384 293 531 345 prima,
574 306 621 333 ac
661 304 831 331 normae
871 289 1071 329 immotae
1113 300 1198 327 non
1239 283 1425 337 pendent
1467 281 1520 323 ab
1562 280 1773 322 utentium

233 363 495 413 auctoritate,
533 362 603 403 sed
640 361 692 401 ab
730 374 873 402 eorum
909 358 1152 399 institutore
1182 354 1330 404 solum,
1360 354 1401 396 et
1431 367 1455 394 a
1485 366 1560 393 sua
1586 350 1774 406 ipsarum

232 434 322 475 11100
359 436 485 485 atque
523 432 748 481 evidentia3
785 431 845 472 ita
883 443 1050 482 quoque
1086 427 1128 469 S.
1157 425 1387 480 Scriptura,
1417 423 1606 465 omnium
1633 435 1773 464 sacro-

232 519 324 545 rum
366 505 609 557 dogmatum
649 501 963 556 supernaturale
1005 498 1271 553 principium,
1309 499 1350 538 et
1389 510 1554 538 morum
1591 509 1639 537 ac
1674 493 1775 536 fidei

232 575 406 616 immota
447 575 604 630 regula,
645 588 729 615 non
770 572 850 613 nisi
886 586 910 612 a
946 570 1051 622 Deo,
1091 568 1163 622 qui
1201 582 1293 610 eam
1321 566 1447 619 dedit,
1478 568 1520 609 et
1549 582 1572 608 a
1600 565 1774 622 propria

232 661 305 686 sua
334 646 435 695 11100,
466 660 591 697 quam
621 644 658 685 ei
687 642 848 693 indidit,
876 642 1058 695 pendere
1086 642 1240 694 potest.

283 715 475 757 XXXIV.
512 715 669 756 Idcirco
709 714 835 755 etiam
871 712 1113 766 Prophetae
1150 713 1191 752 et
1229 709 1437 765 Apostoli,
1476 708 1775 750 auctoritatem

231 786 346 827 verbi
390 801 413 827 a
453 801 495 827 se
536 785 764 838 praedicati
807 787 848 826 et
885 784 1046 837 scripti,
1083 797 1299 835 nunquam
1336 781 1558 832 humanae,
1596 780 1683 822 imo
1720 795 1773 821 ne

231 857 442 910 angelicae
471 857 650 909 quidem,
680 856 923 898 auctoritati
951 856 1228 908 subjecerunt,
1259 854 1330 896 sed
1357 852 1486 895 solius
1509 851 1610 902 Dei3
1627 865 1775 904 quem-

231 927 454 969 admodum
490 927 533 968 in
568 926 833 980 Propheticis
871 929 912 968 et
942 925 1201 980 Apostolicis
1229 923 1459 978 prooemiis
1487 937 1535 964 ac
1563 923 1776 976 protesta-

230 998 416 1039 tionibus
444 998 598 1051 passim
623 1000 684 1040 est
706 998 856 1040 videre.
883 997 1025 1050 Atque
1049 997 1142 1038 ideo
1169 995 1348 1048 denique
1375 993 1566 1035 Christus
1591 995 1633 1035 et
1655 992 1775 1047 Apo-

232 1069 328 1110 stoli
351 1084 566 1121 nunquam
590 1069 814 1122 discipulos
837 1069 901 1110 vel
925 1068 1137 1110 auditores
1162 1081 1258 1109 suos
1281 1066 1333 1108 ad
1356 1064 1567 1108 Ecclesiae
1591 1064 1776 1106 auctori-

231 1141 362 1180 tatem
389 1139 628 1190 remittunt3
658 1140 728 1181 sed
756 1140 822 1181 vel
849 1140 901 1181 ad
928 1138 1191 1193 Scripturam
1219 1137 1314 1179 Vet.
1346 1136 1459 1179 Test.
1486 1137 1554 1179 vel
1577 1136 1630 1178 ad
1652 1138 1776 1178 notas

232 1209 336 1261 illas,
373 1213 499 1263 atque
528 1211 753 1252 efficaciam
781 1226 877 1253 vere
905 1210 1100 1262 divinam,
1130 1225 1235 1263 quae
1263 1224 1306 1251 se
1333 1208 1378 1250 in
1407 1223 1553 1250 eorum
1580 1207 1775 1251 cordibus

233 1281 398 1332 exserit,
437 1282 586 1334 quibus
623 1281 736 1323 Deus
776 1282 901 1334 hujus
930 1282 1057 1324 seculi
1083 1283 1242 1323 mentes
1270 1295 1356 1322 non
1385 1279 1636 1322 excaecavit.
1667 1277 1774 1321 Gal.

232 1351 269 1403 3,
300 1352 333 1393 1.
364 1353 413 1392 et
442 1352 476 1393 2.
507 1352 531 1392 2
561 1351 669 1393 Cor.
698 1353 736 1404 3,
764 1353 801 1393 3.
830 1353 867 1394 4.
897 1353 921 1393 2
950 1351 1060 1394 Cor.
1091 1352 1155 1405 13,
1183 1352 1218 1393 5.
1248 1353 1284 1394 6.
1315 1353 1409 1394 etc.

705 1746 1173 1794 DISPUTATIO
1216 1746 1306 1794 ΙΙΙ.

977 1856 1023 1878 DE

411 1928 621 1994 Libris
673 1928 1008 1998 Canonicis
1059 1935 1124 1998 et
1171 1929 1608 2018 Apocryphis.

597 2053 791 2097 Praeside
819 2055 871 2097 D.
899 2055 1161 2100 ANTONIO
1190 2056 1413 2100 THYSIO.

557 2144 828 2193 Respondente
870 2146 1154 2187 THEODORO
1197 2145 1452 2187 GISBERTI.

878 2252 1063 2296 Tnns1s
1099 2253 1130 2296 I.

287 2345 477 2449 Loco
519 2336 568 2378 de
608 2337 648 2379 S.
691 2337 931 2393 Scripturae
971 2341 1239 2385 Auctoritate
1275 2343 1503 2386 universim
1541 2344 1778 2398 proposito,

393 2407 632 2460 subjicimus
669 2424 775 2462 eum,
814 2412 885 2464 qui
922 2415 984 2454 est
1021 2414 1070 2455 de
1107 2415 1226 2456 libris
1264 2415 1494 2458 Canonicis.
1524 2415 1639 2458 Deus
1668 2416 1778 2458 enim
1820 2462 1823 2465 ,

238 2490 288 2517 ex
324 2476 514 2529 pluribus
553 2477 685 2530 dictis,
724 2480 975 2535 scriptisque
1012 2484 1076 2536 (ut
1109 2485 1223 2526 salvo
1263 2486 1442 2528 aliorum
1475 2486 1634 2540 J‘udicio
1665 2487 1778 2529 arbi-

238 2547 414 2600 tramur)
457 2548 618 2600 divinis,
663 2564 768 2602 quae
804 2553 1040 2596 serviebant
1076 2555 1299 2609 aliquando
1328 2559 1539 2611 praesenti
1567 2558 1778 2601 Ecclesiae

239 2618 343 2669 usui,
370 2616 514 2660 Num.
543 2620 606 2671 21,
637 2620 697 2662 14.
727 2620 832 2663 Jos.
862 2623 924 2675 10,
954 2625 1016 2666 13.
1044 2626 1068 2666 2
1097 2625 1283 2670 Chron.
1312 2629 1375 2680 33,
1406 2631 1467 2671 19.
1497 2630 1518 2671 1
1551 2629 1661 2672 Cor.
1686 2630 1723 2682 5,
1740 2630 1776 2672 9.

239 2687 458 2742 August.
496 2689 601 2732 Lib.
640 2692 698 2734 de
732 2692 834 2735 Civ.
864 2694 983 2748 Dei,
1012 2697 1076 2749 18,
1105 2712 1137 2739 c.
1166 2699 1229 2740 38.
1258 2699 1452 2743 Theod.
1482 2702 1544 2743 ad
1571 2701 1680 2744 Jos.
1708 2716 1779 2744 eos

239 2759 440 2812 singulari
477 2763 741 2814 providentia
773 2765 933 2819 selegit,
964 2770 1282 2823 conservarique
1310 2772 1457 2825 voluit,
1487 2774 1559 2826 qui
1586 2773 1670 2816 toti
1697 2773 1779 2815 Ec-

240 2829 386 2871 clesiae
422 2832 473 2872 ad
500 2833 687 2875 veritatis
716 2837 757 2877 et
784 2836 954 2889 pietatis
983 2837 1194 2882 Canonem
1222 2856 1294 2884 seu
1321 2842 1530 2898 Regulam
1557 2840 1781 2888 necessarii

239 2900 446 2954 utilesque
475 2907 603 2956 erant,
632 2904 748 2948 Luc.
779 2907 814 2959 1,
844 2908 881 2950 1.
910 2909 946 2950 2.
975 2910 1011 2952 3.
1041 2910 1228 2955 Johan.
1258 2914 1322 2966 20,
1350 2915 1415 2957 30.
1443 2916 1508 2969 31,
1538 2917 1611 2971 qui
1634 2931 1780 2960 omnes

239 2970 374 3022 simul,
404 2972 529 3015 Sacra
557 2974 774 3029 Scriptura
802 2993 873 3020 seu
901 2980 997 3022 libri
1027 2981 1225 3025 Canonici
1253 2985 1460 3028 dicuntur.
