1931 3224
560 154 625 196 DE
652 153 876 196 LIBERTATE
905 152 1156 194 CHRISTIANA.
1558 150 1635 191 369

71 281 200 336 gandi
237 283 310 322 aut
348 279 566 333 obligandi
602 279 689 320 vim
716 277 897 320 retinere
926 291 1013 319 non
1042 290 1271 318 censemus
1299 274 1368 316 Ad
1397 289 1462 316 res
1493 276 1636 315 autem

71 368 148 407 per
177 367 220 395 se
248 351 382 394 bonas
410 350 478 393 vel
505 350 650 402 malas,
680 349 715 391 si
743 349 937 392 homines
967 349 1130 389 statuta
1159 361 1234 388 sua
1264 345 1503 395 extendant,
1531 344 1640 386 illud

72 425 246 478 insuper
268 422 510 464 habendum
525 436 615 464 esse
630 435 815 463 asserere
830 435 916 462 non
931 419 1186 471 dubitamus,
1204 418 1303 471 quia
1317 417 1435 458 nulla
1451 419 1513 459 est
1528 417 1640 470 peri-

74 495 158 537 culi
194 497 267 536 aut
307 493 550 535 offendiculi
587 508 724 545 causa,
755 507 838 545 qua
868 492 982 545 quod
1010 490 1126 532 Deus
1152 490 1287 543 jubet,
1316 489 1546 542 negligere,
1576 487 1642 530 vel

76 565 189 619 quod
218 565 432 618 prohibet,
461 564 598 606 facere
627 564 838 618 possimus
868 563 1053 616 impune,
1078 562 1257 614 ideoque
1281 575 1368 602 non
1392 560 1436 602 in
1458 560 1642 613 gratiam

75 636 261 691 proximi
290 636 403 678 Deus
432 638 495 677 est
524 635 809 686 offendendus,
839 634 963 675 Matt.
992 634 1028 686 5,
1058 634 1121 675 29.
1152 636 1193 675 et
1216 633 1279 674 30.
1306 635 1347 675 et
1374 632 1435 683 10,
1460 631 1523 673 37.
1549 629 1642 672 Nec

76 708 348 762 magistratui
386 709 542 749 contra
579 707 753 749 verbum
783 705 864 748 Dei
895 705 1057 758 aliquid
1084 704 1302 755 statuenti,
1333 705 1406 744 aut
1433 702 1520 744 vim
1545 715 1644 743 con-

81 779 269 822 scientiis
298 777 488 830 facienti,
520 777 901 831 obtemperandum
930 778 1004 828 est,
1034 775 1130 816 Act.
1158 776 1196 826 4,
1226 775 1289 816 19.
1320 774 1382 815 24.
1413 776 1455 815 et
1483 773 1519 825 5,
1549 774 1613 815 29.

130 849 238 892 XLI.
280 848 433 891 Adhuc
469 849 520 891 de
557 848 735 902 objectis
775 850 817 889 et
856 846 1070 901 gradibus,
1109 848 1182 888 aut
1210 845 1405 899 partibus
1433 844 1644 886 libertatis

79 921 347 963 Christianae
377 920 537 962 dictum
570 922 645 971 est,
672 920 717 960 in
746 918 899 972 quibus
929 933 1036 970 quae
1066 917 1118 958 ad
1147 918 1235 969 ejus
1261 916 1485 958 materiam
1511 915 1646 969 expli-

81 993 252 1035 candam
284 992 521 1035 necessaria
548 992 733 1043 fuerunt,
764 990 1030 1032 considerata
1058 991 1177 1040 sunt3
1208 1004 1257 1031 ex
1286 988 1438 1042 quibus
1467 988 1568 1041 quid
1598 988 1648 1029 de.

80 1065 273 1107 Forma
311 1065 401 1117 ejus
440 1063 706 1105 sentiendum
745 1062 812 1114 sit,
851 1061 973 1103 facile
1011 1060 1194 1115 perspici
1226 1062 1382 1113 potest,
1413 1074 1519 1112 quae
1549 1075 1648 1101 con-

80 1136 195 1178 sistit
220 1136 266 1178 in
292 1136 502 1178 bonorum
530 1134 698 1176 illorum
729 1133 997 1186 possessione
1029 1134 1070 1174 et
1100 1131 1317 1184 fruitione,
1348 1147 1424 1185 per
1447 1131 1649 1173 testifica-

81 1209 243 1250 tionem
281 1206 467 1260 Spiritus
505 1205 665 1256 Sancti,
705 1219 787 1257 qua
825 1204 869 1245 in
900 1203 1051 1245 animis
1080 1203 1272 1245 fidelium
1302 1204 1500 1257 obsignat
1528 1202 1649 1244 indu-

80 1280 262 1322 bitatam
300 1279 419 1321 illam
455 1276 773 1333 persuasionem
810 1277 852 1317 et
877 1275 1146 1330 πλιιροφοριάιν
1175 1275 1224 1316 de
1252 1274 1444 1330 υἱοθεσίᾳ,
1488 1290 1570 1328 qua
1600 1290 1650 1316 ex

82 1350 256 1392 Diaboli
298 1350 535 1403 mancipiis,
577 1348 680 1391 facti
722 1348 799 1389 filii
840 1347 934 1399 Dei,
977 1347 1227 1388 muniuntur
1266 1346 1465 1388 adversus
1505 1362 1651 1388 omnes

83 1422 341 1465 tentationes
380 1424 421 1463 et
458 1421 652 1472 insultus,
692 1420 868 1473 peccati,
906 1419 1016 1473 legis
1047 1422 1088 1460 et
1119 1419 1497 1471 condemnationis,
1530 1421 1571 1460 et
1601 1419 1650 1460 de

84 1509 158 1536 sua
199 1494 472 1535 immunitate
515 1493 568 1534 ab
614 1493 729 1535 omni
766 1491 970 1534 servitute
1009 1491 1243 1544 praeterita
1273 1492 1378 1533 certi
1406 1491 1651 1542 redduntur,

83 1564 206 1607 Rom.
237 1565 274 1616 8,
305 1564 367 1605 14.
397 1564 459 1606 15.
490 1566 531 1605 et
560 1578 676 1616 seqq.
707 1563 732 1603 2
761 1561 853 1604 Cor.
885 1563 919 1614 1,
946 1562 1008 1603 22.
1036 1561 1127 1603 Gal.
1153 1562 1190 1613 4,
1215 1562 1252 1602 6.
1280 1564 1321 1603 et
1347 1562 1383 1603 7.
1407 1561 1518 1615 Eph.
1534 1562 1571 1613 4,
1587 1562 1651 1603 30.

137 1634 267 1677 XLII.
296 1635 415 1676 Finis
442 1634 675 1688 proximus,
705 1635 767 1675 est
798 1632 1152 1674 conscientiarum
1176 1631 1512 1674 Christianarum
1536 1635 1654 1674 tran-

86 1707 288 1761 quillitas,
331 1705 429 1748 Luc.
468 1706 504 1758 1,
547 1706 610 1747 74.
648 1704 770 1746 Rom.
809 1704 873 1754 14,
904 1704 940 1746 5.
983 1706 1024 1745 et
1051 1706 1108 1745 ut
1136 1704 1456 1745 manumissi
1487 1719 1510 1745 a
1539 1719 1654 1758 pec-

87 1781 230 1830 cato,
261 1778 407 1820 servi
436 1780 614 1819 autem
641 1775 780 1818 facti
808 1775 940 1827 Deo,
971 1775 1210 1817 habeant
1241 1775 1479 1817 fructum
1508 1791 1654 1817 suum

85 1851 140 1892 in
176 1849 709 1898 sanctificationem,
748 1846 915 1888 finem
944 1848 1121 1888 autem
1149 1846 1318 1888 vitam
1349 1850 1653 1899 aeternam,

86 1920 210 1963 Rom.
249 1921 285 1970 6,
315 1921 377 1962 22.
407 1920 642 1973 Propterea
670 1919 714 1959 in
742 1918 794 1959 iis
825 1919 897 1970 qui
926 1917 1124 1959 libertate
1152 1917 1299 1959 donati
1332 1920 1441 1969 sunt,
1472 1933 1657 1971 sequun-

88 1994 159 2033 tur
197 2007 288 2033 eam
325 1994 546 2044 tamquam
576 1990 775 2042 adjuncta
802 1990 1053 2041 necessaria,
1083 2004 1180 2041 pax,
1207 1990 1388 2042 justitia,
1418 1990 1531 2031 bona
1556 2004 1656 2032 con-

89 2063 278 2115 scientia,
311 2065 353 2105 et
382 2062 583 2116 gaudium
613 2061 798 2116 spiritus,
827 2059 950 2101 Rom.
980 2060 1042 2111 14,
1073 2060 1136 2102 17.
1161 2059 1278 2102 Finis
1304 2063 1445 2102 autem
1470 2076 1657 2102 summus

89 2134 201 2176 idem
243 2133 317 2187 qui
358 2133 538 2175 aliorum
579 2131 661 2175 Dei
702 2131 1016 2183 beneficiorum,
1059 2130 1194 2173 Laus
1238 2132 1518 2186 gloriosae
1561 2132 1660 2174 Dei

92 2207 330 2261 gratiae,
359 2205 470 2259 Eph.
501 2205 538 2257 1,
568 2205 631 2246 14.

144 2277 294 2320 XLIII.
334 2276 546 2327 Quoniam
584 2278 725 2318 autem
762 2275 937 2318 libertas
958 2275 1050 2317 illa
1078 2274 1257 2329 gratiae,
1288 2290 1311 2317 a
1338 2276 1536 2319 libertate
1567 2277 1660 2330 glo-

91 2349 179 2392 riae
217 2349 507 2403 distinguitnr,
548 2364 640 2391 eam
676 2348 866 2391 nondum
903 2350 1002 2389 actu
1040 2347 1274 2401 possident,
1311 2348 1385 2401 qui
1412 2348 1487 2390 illa
1517 2349 1660 2401 priore

91 2419 292 2462 fruuntur
327 2420 371 2462 in
407 2419 487 2462 hac
524 2420 634 2462 vita:
670 2420 739 2473 jus
768 2421 912 2462 tamen
942 2419 995 2460 ad
1023 2433 1115 2460 eam
1143 2418 1304 2460 habent
1332 2421 1553 2472 tamquam
1581 2419 1661 2461 filii

93 2490 188 2544 Dei,
217 2492 335 2545 cujus
364 2491 588 2534 constituti
616 2493 714 2533 sunt
741 2491 955 2540 haeredes,
985 2489 1144 2531 Christi
1175 2490 1441 2543 cohaeredes,
1474 2490 1597 2532 Rom.
1623 2491 1660 2542 8,

95 2562 158 2604 17.
200 2561 309 2605 Sunt
351 2562 464 2604 enim
503 2561 581 2603 filii
621 2561 958 2614 resurrectioniS,
999 2563 1041 2602 et
1080 2560 1158 2602 filii
1195 2560 1288 2612 Dei,
1326 2576 1403 2614 per
1440 2560 1660 2615 Spiritum,

97 2633 188 2687 qui
220 2636 301 2676 est
329 2633 587 2685 arrhabo,
617 2633 806 2687 sigillum
834 2635 876 2676 et
904 2632 1192 2687 primitiae
1222 2633 1388 2674 istius
1417 2632 1660 2675 haeredi-

83 2705 256 2758 tatis,
286 2704 386 2748 Luc.
415 2705 478 2757 20,
507 2705 571 2747 36.
602 2704 695 2747 Gal.
722 2705 761 2757 4,
791 2706 827 2747 6.
858 2705 883 2747 2
912 2704 1004 2747 Cor.
1035 2705 1072 2757 1,
1103 2705 1167 2745 22.
1195 2704 1307 2758 Eph.
1339 2706 1374 2756 1,
1401 2705 1463 2746 14.
1488 2705 1563 2747 ubi
1585 2720 1663 2748 no-

96 2776 292 2818 minatim
316 2776 558 2830 obsignatio
583 2775 770 2830 Spiritus
800 2776 890 2829 qui
920 2778 1000 2818 est
1030 2774 1264 2817 arrhabo
1293 2775 1664 2819 haereditatis

97 2851 342 2900 nostrae,
372 2848 527 2890 dicitur
554 2848 669 2891 facta
701 2849 755 2895 εἷς
785 2847 1056 2900 ἀπολύτρωσιν
1087 2851 1157 2895 τῆς
1188 2846 1477 2901 περιποιήσεως.

151 2919 300 2963 XLIV.
330 2921 397 2962 Ad
428 2936 519 2963 eam
549 2919 858 2962 haereditatem
886 2919 1084 2973 pertinet,
1112 2935 1199 2962 non
1214 2919 1350 2961 solum
1364 2919 1665 2962 immortalitas

100 2991 337 3035 animarum
382 2992 528 3043 beata;
572 2991 645 3034 sed
687 2991 816 3034 etiam
859 2991 1112 3034 resurrectio
1155 2993 1197 3033 et
1241 2991 1380 3045 gloria
1424 3006 1664 3045 corporum,

1455 3066 1488 3091 24
