1931 3224
504 80 568 123 DE
598 79 781 124 PmsoNA
809 79 992 123 Srnurus
1021 79 1177 122 SANom.
1595 82 1644 123 77

92 206 121 249 S
133 222 157 250 a
166 223 194 249 n
207 209 255 249 ct
266 222 294 248 u
304 222 323 248 s
347 206 385 248 D
400 207 466 257 ei,
490 206 527 247 E
538 222 567 260 p
578 206 619 248 h.
643 207 681 256 4,
700 206 764 247 30.
781 208 944 257 natura,
962 204 1116 256 officio,
1132 205 1368 258 effectuque
1383 206 1621 260 appellatur
1636 221 1645 257 ς

91 279 273 331 indeque
308 292 443 319 novus
479 292 528 319 ac
562 279 733 319 renatus
768 276 912 328 homo,
950 275 1050 317 novi
1086 290 1134 316 ac
1171 275 1306 317 sancti
1343 279 1484 318 motus
1517 276 1646 318 etiam

93 349 268 403 spiritus
295 347 466 389 nomine
493 348 678 399 veniunt,
706 347 735 389 J
747 362 770 389 o
781 347 824 388 h.
853 347 890 399 3,
920 348 982 389 16.
1006 347 1151 399 Atque
1173 346 1248 388 illa
1271 346 1405 388 relata
1427 347 1470 388 in
1495 347 1647 389 divinis

92 421 268 462 notione
294 419 365 461 hic
394 419 636 472 accipimus.

144 489 219 532 IV.
261 490 358 531 Est
399 493 575 531 autem
611 489 857 542 Spiritus
895 488 993 530 Dei
1031 489 1144 530 sive
1181 487 1437 540 Sanctus,
1475 489 1645 530 tertia

92 562 335 604 Deitatis
378 576 467 603 seu
508 559 941 602 Sacro-Sanctae
978 559 1297 601 individuae
1337 558 1639 600 Trinitatis

91 633 432 687 hypostasis,
470 633 522 674 id
562 635 662 683 est,
699 645 951 684 persona,
988 646 1012 672 a
1047 630 1157 672 Deo
1195 629 1356 672 Patre
1385 629 1639 682 Filioque

91 703 376 746 ineffabili
413 703 745 757 spiratione,
785 703 901 744 sine
940 702 1054 743 ulla
1081 702 1444 756 perpessione
1474 702 1535 743 ab
1565 716 1643 743 ae-

91 778 247 817 terno
300 775 623 828 procedens:
675 774 915 826 adeoque
965 773 1027 815 ab
1077 773 1366 825 utriusque
1409 787 1640 827 persona

93 846 365 900 singulari
404 846 692 896 distincta,
733 847 783 887 et
813 845 1089 886 essentiae
1117 844 1317 889 unione
1345 846 1396 885 et
1425 859 1650 885 commu-

91 917 253 958 nione
284 919 404 970 conj
420 932 486 959 un
502 919 599 959 cta.

144 987 197 1029 V.
235 987 352 1041 Hyp
365 1003 389 1030 o
403 1003 421 1029 s
432 991 449 1029 1
461 1003 484 1029 a
495 987 576 1029 sin
615 1002 685 1029 seu
724 1001 964 1040 personam,
1004 989 1045 1028 et
1074 986 1245 1039 quidem
1273 985 1361 1027 div
1374 985 1428 1026 in
1441 1001 1464 1026 a
1475 1001 1518 1027 m
1547 1000 1647 1037 esse,

91 1061 278 1112 arguunt
320 1061 362 1100 et
404 1058 601 1100 evincunt
641 1072 849 1111 personae
891 1057 1091 1106 definitio,
1133 1072 1181 1098 ac
1218 1057 1457 1110 personalia
1494 1056 1646 1098 omnia.

91 1128 257 1183 Utpote
306 1129 543 1171 substantia
585 1131 626 1171 et
667 1129 768 1180 vita,
810 1131 858 1169 ut
902 1128 974 1181 qui
1016 1128 1221 1170 essentiae
1264 1130 1305 1169 et
1349 1128 1460 1169 vitae
1503 1127 1639 1169 omnis

91 1204 252 1252 auctor,
304 1201 509 1242 Emitte
551 1200 822 1254 Spiritum
861 1203 1027 1252 tuum,
1072 1202 1121 1240 et
1165 1199 1525 1249 creabuntur,
1568 1197 1645 1238 Ps.

91 1273 181 1318 104,
210 1273 274 1314 30.
302 1271 604 1326 hitelligentia,
634 1271 661 1313 S
675 1274 943 1323 crutatur,
977 1273 1027 1312 et
1051 1270 1205 1313 novit
1228 1269 1428 1323 profun
1442 1270 1502 1310 da
1530 1268 1567 1309 D
1581 1269 1646 1318 ei,

92 1343 113 1384 1
144 1342 254 1386 Cor.
285 1344 413 1395 2,10.
442 1341 668 1394 Voluntas,
699 1342 1010 1383 Distribuit
1040 1341 1278 1394 singulis
1307 1343 1473 1394 prout
1501 1340 1641 1390 vult,

92 1415 114 1456 1
158 1413 189 1455 C
200 1429 224 1456 o
235 1430 268 1456 r.
311 1414 374 1466 12,
417 1415 479 1457 11.
517 1414 730 1465 Potentia,
769 1413 968 1465 actiones,
1007 1413 1251 1465 effectaque,
1290 1415 1339 1453 ut
1378 1414 1440 1453 est
1474 1410 1644 1462 creatio,

89 1487 372 1540 regeneratio,
416 1486 707 1537 sanctificatio,
752 1488 829 1527 etc.
874 1486 895 1526 1
936 1484 966 1526 O
979 1499 1003 1526 o
1015 1500 1046 1526 r.
1085 1485 1148 1535 12,
1187 1485 1249 1525 11.
1288 1483 1408 1534 Item,
1447 1483 1561 1535 quod
1600 1482 1650 1523 de

90 1557 260 1600 Christo
292 1560 488 1609 testatur,
524 1556 740 1598 Christum
773 1557 996 1610 glorificat,
1029 1555 1262 1609 Apostolos
1296 1555 1430 1606 docet,
1464 1556 1506 1595 et
1533 1552 1649 1595 ducit

91 1630 135 1671 in
166 1644 335 1672 omnem
362 1629 599 1680 veritatem,
631 1629 885 1677 consolatur,
914 1627 1057 1671 futura
1086 1628 1145 1668 eis
1173 1626 1414 1675 annunciat,
1443 1625 1648 1666 mundum

90 1702 246 1755 arguit,
284 1704 362 1743 etc.
400 1700 428 1742 J
439 1715 463 1742 o
474 1701 515 1742 h.
555 1700 618 1741 14.
658 1700 719 1741 15.
758 1701 822 1741 16.
863 1714 883 1741 c
895 1715 918 1741 a
928 1715 969 1753 p.
1000 1699 1112 1748 Quin
1142 1713 1250 1751 quae
1280 1698 1390 1739 circa
1421 1712 1516 1738 eum
1544 1711 1643 1738 usu-

87 1773 275 1824 veniunt,
312 1775 361 1813 ut
398 1772 512 1824 quod
539 1772 617 1812 sub
647 1772 787 1824 specie
817 1771 1049 1821 columbae,
1078 1770 1208 1820 venti,
1240 1772 1281 1810 et
1310 1770 1533 1822 ignearum
1559 1767 1640 1808 lin-

91 1859 272 1898 guarum
317 1843 578 1897 apparuerit,
620 1842 666 1883 M
677 1858 701 1884 a
710 1845 729 1883 t
739 1845 769 1884 t.
812 1843 850 1894 3,
893 1842 956 1883 16.
993 1841 1034 1882 A
1046 1856 1067 1883 c
1078 1844 1108 1882 t.
1138 1842 1184 1893 2,
1223 1840 1261 1892 4,
1301 1840 1415 1892 quod
1452 1839 1505 1880 ad
1539 1840 1648 1880 iram

88 1917 358 1969 provocetur,
395 1914 432 1956 E
443 1930 474 1956 s.
514 1915 577 1966 63,
618 1914 680 1955 10.
715 1914 1002 1963 contristetur,
1031 1912 1067 1954 E
1079 1927 1107 1965 p
1118 1911 1160 1952 h.
1189 1912 1227 1962 4,
1256 1912 1320 1952 30.
1351 1913 1572 1964 peccatum
1604 1911 1645 1951 et

88 1985 354 2040 blasphemia
403 1986 449 2027 in
498 1985 620 2027 illum
671 1984 974 2036 committatur,
1028 1982 1072 2024 M
1084 1998 1107 2024 a
1118 1986 1137 2024 t
1147 1984 1176 2024 t.
1221 1982 1284 2023 12.
1329 1982 1495 2034 aliaque
1540 1995 1646 2033 quae

88 2072 297 2111 personae
324 2057 498 2110 proprie
528 2059 788 2109 competunt,
818 2056 1120 2108 adjungantur.

142 2127 216 2171 VI.
255 2128 454 2178 Quinimo
493 2128 760 2170 distincta
798 2143 823 2169 a
849 2127 1011 2168 Patre
1041 2129 1091 2167 et
1120 2125 1265 2167 Filio
1295 2140 1323 2178 p
1337 2139 1421 2166 ers
1436 2138 1537 2165 ona
1567 2125 1642 2164 est.

88 2199 190 2242 Non
226 2200 338 2242 enim
374 2199 504 2241 Pater
542 2202 616 2241 aut
649 2199 794 2250 Filius,
833 2198 904 2240 sed
942 2198 1048 2240 alius
1087 2213 1112 2238 a
1138 2196 1267 2238 Patre
1298 2198 1340 2238 et
1367 2194 1491 2246 Filio,
1522 2193 1550 2235 J
1564 2208 1587 2234 o
1603 2193 1644 2234 h.

91 2271 154 2323 14,
193 2271 255 2312 16.
293 2270 515 2323 Rogabo
554 2269 588 2311 P
602 2274 796 2322 atrem,
835 2273 887 2311 et
924 2269 1089 2311 alium
1117 2267 1465 2310 Paracletum
1493 2264 1648 2306 dabit

90 2356 116 2383 v
127 2357 151 2384 0
162 2341 259 2384 bis.
298 2341 368 2384 Illi
399 2342 589 2394 mittunt,
617 2342 688 2384 hic
714 2343 843 2393 venit,
873 2340 901 2383 J
913 2355 936 2382 o
947 2340 989 2382 11.
1020 2341 1083 2391 15,
1113 2340 1175 2381 26.
1208 2338 1238 2380 C
1249 2354 1277 2380 u
1288 2353 1332 2379 m
1361 2352 1386 2378 a
1397 2339 1453 2378 ut
1464 2351 1485 2378 6
1497 2351 1540 2378 111
1567 2350 1593 2377 v
1605 2349 1647 2376 6-

89 2413 234 2454 nerit
287 2413 586 2456 advocatus
636 2414 756 2466 ille,
811 2427 962 2465 quem
1004 2426 1100 2464 ego
1143 2411 1359 2452 mittam
1401 2424 1425 2450 a
1470 2407 1646 2449 Patre.

90 2481 212 2525 Certe
243 2485 315 2536 qui
342 2484 477 2526 mittit
503 2485 633 2527 Pater
662 2488 704 2527 et
731 2484 879 2536 Filius,
909 2487 951 2526 et
975 2484 1048 2536 qui
1071 2483 1199 2534 venit,
1225 2482 1415 2523 diversae
1438 2492 1646 2532 personae

89 2557 198 2596 sunt.
238 2554 581 2608 Quotiescunque
620 2555 749 2597 etiam
787 2555 828 2598 S.
866 2555 1087 2608 Scriptura
1115 2556 1254 2595 totam
1282 2551 1537 2594 Trinitatem
1566 2563 1637 2590 ex-

90 2625 251 2679 primit,
297 2625 506 2680 Spiritum
547 2625 762 2678 Sanctum,
803 2629 851 2668 ut
894 2625 1139 2668 distinctam
1182 2637 1407 2677 personam
1449 2635 1474 2661 a
1515 2620 1644 2662 Patre

90 2698 131 2738 et
159 2695 282 2749 Filio,
311 2696 529 2750 proponit,
560 2696 605 2737 M
616 2699 667 2738 at
678 2700 708 2739 t.
738 2698 776 2749 3,
805 2698 868 2739 16.
900 2699 942 2739 et
970 2697 1034 2747 28,
1066 2696 1126 2737 19.

142 2767 239 2810 VII.
285 2767 320 2809 T
332 2783 385 2810 er
395 2768 472 2809 tia
508 2783 536 2822 p
548 2782 570 2810 6
580 2783 601 2809 1·
613 2783 632 2809 s
643 2782 667 2809 o
678 2783 706 2809 n
717 2783 741 2809 a
778 2770 842 2810 est
876 2769 922 2809 in
960 2767 1125 2809 divinis.
1166 2764 1212 2807 M
1222 2780 1246 2806 a
1257 2767 1275 2806 t
1285 2767 1316 2806 t.
1355 2764 1419 2815 28,
1459 2763 1521 2815 19,
1563 2775 1649 2802 non

87 2840 264 2880 naturae
293 2839 548 2891 diversitate,
578 2842 652 2880 aut
678 2840 762 2892 maj
768 2839 915 2881 estatis
942 2836 1259 2890 inaequalitate,
1288 2834 1360 2877 sed
1384 2833 1642 2876 subsistendi

90 2908 256 2950 ordine:
286 2909 397 2951 unde
427 2909 555 2951 etiam
584 2908 729 2951 Tertia
757 2924 939 2963 persona
966 2909 1152 2951 vocatur.
