1931 3224
683 172 746 216 DE
776 173 955 218 ΡΕοσΑΤο
984 174 1174 219 ΑοτυΑω.
1632 179 1706 222 141

149 287 272 331 Rom.
303 290 338 341 7,
368 292 404 333 7.
434 292 521 336 Eos
549 310 648 338 vero
679 298 832 350 quibus
861 300 1056 343 voluntas
1084 301 1258 354 plenum
1286 314 1536 343 consensum
1559 302 1709 356 adjun-

149 360 226 413 git,
263 363 343 404 etsi
371 377 499 417 opere
528 367 623 420 ipso
652 383 738 410 non
767 371 1072 425 compleantur,
1101 372 1275 425 reliquis
1305 374 1545 426 praeceptis
1573 375 1708 416 vetari

149 430 412 476 demonstrat
439 436 568 490 locus,
597 438 700 481 Mat.
725 440 762 493 5,
788 442 851 483 22.
878 444 919 484 et
943 443 1005 485 28.
1029 444 1132 485 item
1158 444 1178 485 1
1203 442 1304 485 Joh.
1328 444 1365 495 3,
1391 444 1454 486 15.
1482 444 1708 494 Quicun-

149 517 247 555 que
277 504 393 547 odit
421 506 649 552 fratrem
679 526 848 565 suum,
877 513 1150 557 homicida
1180 517 1283 567 est,
1314 517 1392 557 etc.

199 573 440 620 XXXVIII.
469 580 706 624 Externum
736 587 810 637 est,
842 586 955 638 quod
984 587 1107 629 dictis
1137 590 1179 629 et
1206 587 1332 630 factis
1360 603 1404 630 se
1432 587 1536 630 foris
1567 591 1707 630 osten-

147 646 220 700 dit,
259 649 373 700 quod
411 653 555 701 tamen
592 655 682 696 sine
718 655 896 698 internis
935 659 1230 701 antecedaneis
1267 674 1353 701 non
1392 663 1476 711 est3
1507 660 1707 713 quemad-

145 719 317 761 modum
353 720 587 776 Apostolus
626 723 812 767 Jacobus
852 727 887 779 1,
927 728 990 769 15.
1026 731 1221 782 testatur,
1253 730 1706 784 concupiscentia

146 793 437 844 postquam
480 797 755 849 concepit,
798 799 946 851 parit
988 804 1291 854 peccatum,
1331 806 1381 845 et
1420 805 1706 856 peccatum

144 876 239 915 per
268 867 445 907 actum
474 867 655 920 gignit
684 872 920 912 mortem.

196 934 393 978 XXXIX.
423 936 664 992 Utrumque
692 955 860 982 rursum
889 944 953 984 est
981 943 1048 985 vel
1076 958 1334 998 regnans,
1364 947 1432 989 vel
1461 962 1563 989 non
1591 962 1704 1002 reg-

142 1021 296 1058 nans;
341 1023 449 1060 quae
488 1010 639 1052 divisio
678 1013 859 1054 sumitur
897 1029 947 1056 ex
976 1014 1099 1057 Rom.
1127 1017 1163 1068 6,
1191 1017 1253 1058 14.
1285 1019 1326 1059 et
1356 1018 1418 1059 17.
1448 1017 1704 1072 Regnans

143 1077 308 1120 definiri
347 1080 467 1132 solet,
508 1082 575 1124 cui
614 1082 742 1126 homo
776 1099 862 1127 non
895 1086 1059 1129 resistit
1086 1103 1162 1141 per
1191 1089 1376 1142 gratiam
1404 1089 1602 1144 Spiritus,
1633 1091 1705 1133 sed

141 1150 268 1203 plena
304 1151 525 1195 voluntate
562 1154 756 1208 indulget
793 1158 834 1198 et
867 1159 1018 1209 servit3
1048 1174 1151 1202 non
1179 1176 1415 1214 regnans
1447 1165 1606 1214 contra,
1637 1163 1704 1205 cui

141 1221 270 1265 homo
305 1238 382 1277 per
411 1225 595 1277 gratiam
625 1225 811 1280 Spiritus
840 1229 1002 1271 resistit
1032 1233 1074 1272 et
1103 1246 1189 1274 non
1217 1232 1421 1287 indulget.
1452 1233 1575 1276 Prius
1603 1249 1703 1288 pro-

141 1293 232 1346 prie
275 1294 320 1336 in
361 1295 614 1350 irregenitis,
657 1300 871 1354 posterius
909 1316 1009 1344 vero
1049 1303 1094 1344 in
1132 1305 1336 1357 regenitis
1374 1305 1514 1347 locum
1550 1306 1701 1357 habet;

141 1367 496 1417 quemadmodum
527 1385 577 1411 ex
607 1372 809 1414 continua
838 1372 1130 1426 disputatione
1159 1374 1283 1418 Pauli
1312 1376 1364 1418 ad
1387 1376 1510 1419 Rom.
1536 1378 1571 1419 6.
1599 1378 1635 1419 7.
1661 1380 1703 1419 et

143 1437 179 1479 8.
210 1439 351 1492 capite
380 1439 462 1483 hoc
492 1441 716 1485 discrimen
747 1446 810 1486 est
839 1445 1124 1499 perspicuum.

194 1509 280 1552 XL.
321 1511 522 1560 Quaestio
562 1514 664 1556 satis
698 1515 840 1568 ardua,
871 1518 913 1558 et
940 1519 1083 1559 tamen
1112 1519 1326 1572 explicatu
1355 1521 1602 1572 necessaria,
1631 1520 1700 1563 hic

141 1584 347 1635 movetur,
383 1585 596 1636 quomodo
627 1589 850 1639 peccatum
877 1602 1060 1642 regnans
1090 1592 1132 1631 et
1159 1605 1246 1632 non
1273 1605 1455 1645 regnans
1484 1607 1561 1645 per
1590 1592 1700 1634 hanc

141 1654 428 1697 resistentiam
453 1659 526 1697 aut
553 1657 864 1711 indulgentiam
893 1660 1181 1714 distinguatur
1193 1665 1220 1712 ;“’
1231 1676 1325 1703 cum
1352 1663 1396 1704 in
1424 1662 1597 1705 homine
1623 1679 1699 1706 na-

141 1725 281 1777 turali,
322 1729 363 1768 et
402 1728 479 1769 sub
509 1728 602 1782 lege
633 1731 802 1772 tantum
831 1732 1079 1783 constituto,
1109 1747 1255 1786 pugna
1284 1747 1452 1786 quoque
1482 1734 1538 1775 sit
1565 1735 1700 1777 ratio-

140 1796 206 1838 nis
249 1799 292 1839 et
333 1799 574 1852 affectuum,
618 1801 727 1842 sicut
771 1817 915 1844 omnes
957 1801 1212 1858 Philosophi
1255 1806 1480 1857 testantur,
1525 1807 1567 1847 et
1607 1806 1699 1859 ipse

139 1866 389 1921 Apostolus,
418 1869 541 1912 Rom.
571 1872 608 1923 2,
641 1872 702 1913 15.

191 1938 298 1982 XLI.
334 1940 416 1983 Sed
444 1942 763 1996 respondemus,
793 1959 994 1999 magnam
1022 1961 1112 1989 esse
1142 1947 1424 1990 differentiani
1451 1949 1563 1990 inter
1590 1964 1699 2003 pug-

138 2025 238 2052 nam
267 2014 309 2053 et
335 2012 622 2055 resistentiam
648 2014 769 2056 illam
798 2017 975 2069 spiritus
1005 2020 1046 2059 et
1076 2019 1226 2071 carnis,
1252 2033 1360 2071 quae
1384 2019 1428 2060 in
1453 2020 1553 2061 solis
1578 2035 1699 2074 rege—

138 2083 240 2124 nitis
277 2083 415 2125 locum
455 2084 607 2136 habet;
647 2088 688 2128 et
725 2087 835 2129 inter
873 2088 1161 2130 resistentiam
1198 2104 1271 2131 seu
1301 2105 1491 2144 pugnam
1521 2092 1698 2133 rationis

140 2156 182 2195 et
210 2154 448 2208 affectuum,
479 2171 586 2209 quae
615 2157 660 2199 in
687 2157 860 2200 homine
892 2174 1061 2213 quoque
1091 2161 1262 2203 animali
1289 2163 1512 2215 reperitur.
1538 2162 1700 2205 Discri-

138 2240 236 2267 men
264 2241 364 2268 vero
392 2226 509 2269 hisce
540 2231 723 2280 quatuor
752 2230 965 2283 capitibus
993 2231 1180 2274 breviter
1208 2233 1618 2286 comprehendimus.

192 2296 322 2339 XLII.
364 2297 556 2340 Primum
597 2300 822 2343 discrimen
863 2302 1026 2355 petitur
1068 2318 1119 2345 ex
1160 2305 1180 2345 1
1224 2303 1316 2346 Cor.
1356 2306 1392 2357 2,
1434 2305 1495 2347 14.
1533 2308 1575 2347 et
1604 2306 1699 2347 aliis

138 2367 244 2410 locis
286 2369 514 2422 parallelis.
557 2370 689 2413 Nam
731 2387 844 2414 cum
885 2373 1039 2416 homo
1080 2375 1335 2417 animalis
1374 2390 1477 2418 non
1515 2377 1698 2429 capiat

140 2454 197 2481 ea
235 2455 368 2492 quae
406 2444 529 2483 sunt
568 2441 819 2496 Spiritus
849 2444 967 2497 Dei,
997 2446 1089 2488 sed
1119 2461 1176 2488 ea
1208 2447 1254 2489 ei
1284 2447 1395 2489 sint
1425 2448 1696 2500 stultitia,

139 2513 195 2552 ut
234 2513 284 2553 et
324 2511 573 2555 Christus
612 2514 730 2568 ipse
772 2515 1097 2568 crucifixus;
1126 2519 1171 2559 in
1199 2519 1384 2571 peccatis
1415 2533 1522 2571 quae
1552 2519 1699 2560 adver-

139 2596 208 2624 sus
247 2597 295 2625 ea
334 2583 386 2625 ab
425 2585 631 2637 ejusmodi
667 2585 840 2629 homine
869 2589 1206 2641 committuntur,
1237 2590 1352 2631 nulla
1381 2592 1445 2631 est
1473 2590 1697 2632 reluctatio

137 2654 316 2697 rationis
344 2655 543 2697 adversus
572 2656 759 2709 affectus,
791 2658 863 2700 sed
889 2659 985 2712 ipsa
1012 2660 1122 2702 ratio
1148 2675 1242 2702 cum
1264 2661 1484 2702 voluntate
1508 2663 1549 2702 et
1574 2661 1698 2703 affec-

138 2725 252 2767 tibus
289 2726 416 2780 pleno
454 2728 619 2780 impetu
646 2728 719 2770 illa
746 2730 961 2783 reprobat,
993 2732 1227 2774 contemnit
1256 2735 1298 2773 et
1326 2747 1450 2786 saepe
1478 2733 1697 2786 persequi-

138 2797 220 2848 tur,
257 2799 306 2838 ut
331 2797 591 2851 Evangelica
619 2799 800 2842 historia
829 2802 989 2854 passim
1019 2805 1060 2844 et
1088 2803 1182 2856 ipsa
1211 2803 1474 2856 experientia
1502 2806 1696 2847 testatur.

192 2867 343 2911 XLIII.
382 2869 620 2913 Secundum
654 2871 879 2914 discrimen
908 2874 1089 2915 sumitur
1118 2888 1142 2915 a
1169 2874 1309 2926 modo,
1341 2890 1424 2927 quo
1453 2876 1548 2929 ipsa
1574 2891 1696 2931 prae-

141 2941 263 2994 cepta
301 2941 490 2983 caritatis
529 2940 610 2983 Dei
649 2944 689 2983 et
718 2944 916 2996 proximi,
946 2946 994 2985 ut
1022 2944 1133 2986 thesi
1162 2945 1225 2986 15.
1255 2946 1317 2987 16.
1348 2949 1390 2987 et
1420 2947 1481 2989 17.
1512 2948 1696 3001 explica-

139 3011 230 3052 tum
260 3013 334 3061 est,
364 3012 602 3065 exiguntur.
630 3012 727 3055 Etsi
751 3015 863 3056 enim
888 3030 1023 3068 opus
1046 3015 1188 3069 legis
1213 3017 1373 3059 etiam
1398 3018 1696 3071 gentilium
