1931 3224
288 172 367 213 234
856 166 1099 207 DisPUTATIO
1128 158 1282 202 XXIV.

285 294 424 346 diculi,
458 295 510 340 εἷς
543 292 559 335 ὃ
592 294 659 336 καὶ
691 291 904 340 ἐτέθησαν,
937 287 998 328 ad
1035 285 1174 339 quod
1212 283 1375 325 etiam
1411 284 1588 339 positi
1628 287 1771 338 sunt,
1802 288 1844 328 et

282 365 414 408 Judas
442 365 486 405 in
513 363 710 417 Epistola
739 376 825 413 sua,
855 374 959 401 vers.
990 358 1026 400 5.
1056 359 1181 400 vocat
1211 371 1293 409 eos,
1318 355 1564 398 homines
1583 357 1692 410 jam
1716 357 1845 399 olim

286 436 598 488 descriptos
628 434 690 475 ad
717 433 856 473 hunc
883 429 1186 471 interitum.

337 505 487 548 XLIX.
525 505 591 547 Ex
628 505 710 545 hoc
747 501 958 556 gemino
996 499 1197 552 loquendi
1235 499 1374 551 modo,
1407 499 1542 541 oritur
1572 500 1789 543 distinctio
1820 516 1845 543 a

284 578 450 630 magnis
490 574 720 627 Theologis
758 573 803 614 in
839 572 920 613 hoc
959 570 1133 624 negotio
1170 572 1387 624 usurpata,
1427 571 1472 612 in
1499 571 1845 624 reprobationem

284 647 526 700 negativam
569 648 609 687 et
650 642 960 694 affirmativam,
1000 656 1128 694 quam
1166 640 1239 682 alii
1271 642 1621 694 praeteritionem
1650 645 1692 684 et
1721 658 1845 696 prae-

285 718 597 760 damnationem
633 716 806 764 vocant3
847 728 897 754 ex
936 727 1118 766 quorum
1155 712 1441 766 explicatione
1479 713 1604 767 hujus
1633 715 1846 769 dogmatis

284 793 435 832 natura
463 788 599 841 magis
628 787 877 829 innotescet.

337 860 381 901 L.
410 858 625 912 Negativa
654 855 901 910 reprobatio
932 855 1099 907 dicitur,
1130 857 1250 896 actus
1281 859 1476 899 aeternus
1507 857 1672 901 divinae
1700 861 1845 912 potes-

284 932 386 973 tatis
424 933 465 972 et
498 929 658 983 judicii,
698 943 781 981 quo
822 927 1051 969 secundum
1088 927 1313 969 consilium
1345 927 1579 970 voluntatis
1609 943 1720 981 suae,
1748 930 1846 971 reli-

286 1017 478 1056 quorum,
523 1015 627 1054 quos
667 1014 754 1041 non
795 998 938 1052 elegit,
979 1013 1164 1052 eousque
1202 999 1393 1041 misereri
1420 1014 1507 1041 non
1536 1001 1769 1053 constituit,
1799 1004 1847 1043 ut
1894 1021 1896 1023 ·

285 1073 489 1127 peculiari
516 1072 589 1113 illa
618 1073 659 1114 et
686 1070 876 1112 indebita
904 1070 1123 1112 electionis
1153 1071 1294 1125 gratia
1323 1085 1394 1113 eos
1425 1071 1615 1113 donaret.
1645 1071 1846 1114 Affirma-

285 1146 373 1187 tiva
410 1159 522 1197 vero,
562 1158 645 1197 quo
684 1143 854 1185 eosdem
893 1141 937 1183 111
973 1141 1225 1195 perditionis
1253 1156 1394 1183 massa
1417 1143 1532 1195 juste
1560 1142 1744 1196 relictos,
1774 1146 1847 1185 aut

285 1220 462 1259 naturae
501 1218 541 1258 et
569 1214 792 1268 Evangelii
820 1213 981 1255 lumine
1010 1213 1185 1255 diversis
1214 1213 1351 1256 modis
1382 1228 1433 1256 ex
1460 1214 1637 1268 proprio
1668 1214 1845 1257 arbitrio

286 1288 522 1339 abutentes,
552 1285 809 1328 commeritis
838 1285 1010 1326 tandem
1040 1285 1190 1338 poenis
1216 1285 1384 1328 afficere
1414 1286 1647 1328 constituit.

338 1357 403 1400 LI.
442 1357 633 1410 Uterque
670 1357 740 1399 hic
770 1358 887 1398 actus
915 1357 1133 1399 hominem
1162 1358 1432 1411 peccatorem
1461 1358 1503 1398 et
1533 1356 1849 1399 condemnatio-

285 1431 349 1472 nis
387 1444 506 1471 reum
543 1443 621 1482 pro
662 1428 828 1481 objecto
868 1427 1012 1480 habet,
1051 1428 1177 1470 sicuti
1213 1430 1307 1470 tota
1344 1429 1532 1469 vetustas
1562 1429 1675 1469 recte
1706 1427 1850 1480 sensit,
1897 1460 1899 1462 .

287 1505 327 1545 et
356 1516 480 1556 supra
510 1502 558 1543 de
588 1500 792 1543 electione
824 1515 847 1541 a
876 1499 1000 1542 nobis
1029 1502 1092 1542 est
1117 1500 1467 1552 demonstratum,
1495 1499 1850 1552 quemadmodum

287 1576 328 1615 et
366 1572 598 1627 Apostolus
636 1574 820 1614 testatur
848 1570 971 1613 Rom.
1010 1572 1047 1623 9,
1087 1572 1150 1613 21.
1188 1571 1257 1612 An
1296 1566 1387 1612 11011
1421 1570 1553 1627 liabet
1591 1572 1851 1625 potestatem

284 1644 440 1698 figulus
478 1659 536 1685 ex
574 1643 754 1684 eodem
792 1643 908 1684 luto
946 1641 1129 1683 faciendi
1159 1641 1274 1683 aliud
1302 1656 1376 1683 vas
1406 1641 1459 1683 ad
1487 1642 1625 1693 decus,
1655 1641 1769 1682 aliud
1798 1642 1850 1685 ad

286 1715 475 1757 dedecus.
519 1714 641 1764 Quod
682 1716 725 1755 et
762 1713 860 1755 hinc
897 1713 1044 1766 liquet,
1083 1713 1197 1766 quod
1235 1712 1350 1755 Deus
1387 1727 1473 1754 non
1510 1713 1594 1755 nisi
1630 1716 1851 1766 peccatum

287 1786 388 1838 odit,
425 1801 511 1828 non
547 1785 629 1827 nisi
667 1787 912 1839 peccatores
951 1786 1066 1826 certo
1105 1784 1266 1837 judicio
1296 1784 1479 1837 indurat,
1509 1785 1623 1838 quod
1651 1799 1737 1827 non
1766 1785 1849 1827 nisi

287 1858 580 1911 peccatoribus
607 1857 816 1909 irascitur,
845 1871 931 1898 non
960 1856 1042 1897 nisi
1071 1856 1223 1909 dignos
1249 1857 1290 1898 et
1318 1857 1528 1897 merentes
1552 1855 1605 1897 ad
1629 1854 1851 1898 interitum

285 1931 418 1982 aptat,
447 1931 519 1970 aut
548 1929 601 1970 ad
624 1928 830 1981 judicium
859 1928 1098 1982 proscribit.

339 1999 425 2042 LII.
463 1999 553 2042 Nec
584 2002 729 2041 tamen
755 2000 799 2041 id
829 1999 889 2041 sic
918 2002 981 2042 est
1011 1999 1276 2053 capiendum,
1307 2014 1355 2041 ac
1383 1999 1419 2041 si
1448 1999 1494 2041 hi
1524 1999 1606 2041 duo
1636 2001 1755 2041 actus
1783 2013 1849 2041 re-

287 2087 385 2114 vera
423 2074 560 2114 essent
598 2072 762 2123 diversi,
803 2071 921 2125 (nam
959 2071 1073 2113 Deus
1112 2070 1236 2112 unico
1277 2072 1375 2112 actu
1414 2070 1555 2112 omnia
1594 2070 1646 2112 ab
1677 2072 1848 2113 aeterno

288 2144 400 2196 apud
431 2158 473 2185 se
502 2143 814 2195 determinavit,
844 2145 892 2184 ut
920 2157 1048 2195 supra
1075 2155 1244 2195 quoque
1270 2140 1530 2194 monuimus)
1557 2142 1628 2183 sed
1651 2141 1695 2183 id
1717 2157 1849 2195 prop-

287 2217 352 2256 ter
390 2214 577 2256 diversas
614 2229 679 2256 res
721 2214 869 2256 eodem
909 2214 1077 2256 decreto
1118 2215 1355 2265 contentas,
1387 2215 1427 2254 et
1456 2215 1634 2267 propter
1663 2213 1849 2256 diversos

289 2286 377 2337 ejus
416 2288 643 2338 respectus,
683 2286 856 2327 termini
894 2286 1054 2328 scilicet
1081 2300 1105 2326 a
1136 2299 1233 2338 quo,
1264 2287 1305 2326 et
1335 2284 1387 2326 ad
1419 2299 1557 2337 quem,
1588 2284 1646 2326 sic
1674 2299 1698 2325 a
1726 2285 1849 2327 nobis

290 2354 550 2397 enunciatur.
580 2355 802 2398 Terminus
828 2356 940 2398 enim
964 2371 988 2397 a
1015 2371 1098 2409 quo
1123 2354 1449 2411 reprobationis,
1475 2357 1539 2396 est
1565 2354 1782 2397 derelictio
1805 2355 1850 2396 in

290 2426 502 2468 communi
531 2426 802 2480 corruptione
833 2430 874 2469 et
903 2430 1035 2469 reatU.
1061 2426 1285 2469 Terminus
1310 2441 1410 2469 vero
1436 2426 1487 2469 ad
1514 2441 1651 2479 quem,
1677 2428 1739 2469 est
1763 2441 1849 2468 non

288 2501 456 2541 tantum
499 2500 734 2541 communis
778 2499 1007 2552 danmatio,
1053 2499 1124 2542 sed
1168 2500 1306 2542 certus
1351 2514 1520 2553 quoque
1564 2498 1848 2541 damnationis

290 2571 457 2624 gradus.
508 2564 632 2614 Unde
678 2574 914 2615 necessario
958 2573 1152 2624 infertur,
1197 2570 1553 2625 quemadmodum
1595 2569 1844 2623 praeteritio

289 2645 597 2698 praesupponit
637 2659 858 2686 commune
896 2646 1131 2697 peccatum,
1170 2643 1233 2685 ita
1261 2641 1683 2704 prae-damnationem
1711 2640 1756 2682 in
1786 2640 1848 2682 di-

289 2715 386 2755 vina
424 2715 703 2768 praescientia
742 2730 1084 2770 praesupponere
1112 2714 1285 2769 insuper
1315 2713 1456 2756 omnia
1485 2727 1655 2767 quoque
1684 2712 1849 2765 reliqua

290 2786 520 2838 peculiaria
547 2789 733 2840 peccata,
759 2789 848 2828 tam
875 2787 1072 2828 adversus
1095 2787 1248 2839 legem,
1277 2800 1404 2839 quam
1427 2785 1626 2826 adversus
1651 2783 1847 2836 Evange-

293 2855 395 2896 lium
420 2858 733 2910 committenda,
759 2873 866 2912 quae
897 2858 1103 2911 ejusmodi
1130 2872 1314 2911 poenam
1345 2858 1464 2899 erant
1494 2846 1806 2897 commeritura.

345 2924 455 2967 LIII.
497 2925 660 2969 Neuter
703 2943 804 2982 ergo
845 2929 916 2970 hic
958 2931 1076 2970 actus
1115 2929 1352 2982 injustitiae
1392 2927 1514 2981 argui
1553 2927 1709 2980 potest,
1748 2925 1848 2978 quia

294 2996 468 3049 dignum
505 2997 744 3051 rejectione,
783 2999 972 3042 indebita
1002 3000 1142 3052 gratia
1169 3014 1256 3041 11011
1285 2999 1454 3051 donare,
1485 3012 1570 3040 non
1599 2996 1846 3050 injustitiae,
