1931 3224
405 115 468 158 DE
498 115 650 159 M1SSAE
678 116 900 161 SACRIFIOIO
930 131 1097 165 EJUSQUE
1127 132 1326 160 Assnsissus.
1569 120 1649 161 533

137 239 232 282 VH.
259 240 463 283 Fatemur
490 240 629 283 Deum
659 256 684 283 a
711 241 872 295 populo
897 241 1131 284 Israelitico
1158 243 1341 299 exigere,
1358 242 1484 285 Deut.
1502 243 1564 295 16,
1582 244 1644 286 10.

85 311 344 354 oblationem
371 311 668 365 voluntariam,
697 312 775 365 vel,
805 315 852 354 ut
881 313 1054 366 quidam
1082 316 1321 366 verterunt,
1352 316 1644 368 spontaneam,

83 398 230 425 verum
253 383 359 425 haec
384 383 544 425 oblatio
569 398 655 425 non
679 399 764 426 una
786 399 900 436 voce,
926 385 997 427 sed
1024 385 1185 427 duabus
1210 386 1476 439 exprimitur,
1495 401 1648 441 nempe

83 455 221 496 mu:
265 457 405 506 ΠΕὍ,
448 469 552 507 quas
590 455 716 497 Arias
745 455 975 498 Montanus
1005 458 1047 498 et
1076 456 1295 510 Pagninus
1325 458 1647 511 transtulerunt,

82 525 382 568 sufficientiam
420 526 599 578 spontis,
639 541 713 569 seu
751 530 1042 581 spontaneam,
1082 543 1133 570 ex
1173 529 1485 582 significatione
1522 529 1647 572 Chal-

83 597 215 649 daica,
253 598 482 650 propterea
514 598 628 650 quod
662 598 706 640 in
736 598 925 653 Targum
956 615 1035 654 pro
1066 599 1263 642 Hebraeo
1296 605 1343 643 ΊἾ
1363 602 1428 643 vel
1451 604 1497 643 ’Ἴ
1525 616 1650 655 saepe

83 671 208 710 HD'D
239 667 443 710 Missah
473 669 695 712 scribatur.

135 738 250 781 VHI.
292 739 570 792 Posteriores,
617 740 690 794 qui
733 755 881 784 vocem
923 741 1079 784 Missae
1115 742 1312 784 Latinam
1350 742 1523 796 faciunt,
1562 758 1647 786 non

82 811 229 852 eodem
256 812 384 853 modo
415 826 508 853 eam
537 814 767 866 exponunt.
797 812 886 854 Alii
910 813 1035 866 enim,
1063 816 1170 856 teste
1195 814 1355 856 ibidem
1372 815 1645 868 Bellarmino,

79 881 255 924 Missam
284 882 366 925 dici
394 883 557 936 volunt,
588 883 702 937 quod
731 883 891 926 oblatio
925 887 966 926 et
995 900 1140 938 preces
1169 885 1222 927 ad
1245 886 1383 928 Deum
1408 887 1647 930 mittantur.

79 953 163 996 Ita
191 954 347 1008 Hugo
379 955 437 997 de
465 955 506 999 S.
535 954 764 998 Victore
793 955 901 998 Lib.
930 957 967 998 2.
999 956 1056 998 de
1085 956 1478 1011 Sacramentis,
1510 961 1646 1012 part.

79 1026 116 1067 8.
157 1041 191 1068 c.
227 1026 318 1068 ult.
359 1026 482 1076 Quod
519 1026 804 1068 Bellarniinus
844 1027 896 1068 ab
932 1027 984 1068 iis
1022 1028 1317 1081 probabiliter,
1356 1044 1434 1071 nos
1471 1029 1568 1072 ficte
1606 1033 1649 1072 et

78 1096 287 1140 fallaciter
316 1097 398 1139 dici
428 1112 658 1140 censemus.

131 1168 204 1211 IX.
246 1168 334 1211 Alii
374 1168 531 1211 idcirco
575 1169 750 1211 Missam
789 1169 934 1211 vocari
973 1172 1209 1223 autumant,
1250 1172 1365 1224 quod
1402 1173 1594 1227 Angelus
1623 1190 1648 1216 a

76 1239 170 1282 Deo
207 1239 416 1291 mittatur,
457 1239 531 1293 qui
564 1240 770 1282 sacrificio
802 1241 985 1294 assistat,
1017 1244 1058 1284 et
1087 1242 1192 1284 illud
1223 1243 1276 1284 ad
1304 1243 1444 1285 Deum
1473 1245 1646 1298 deferat,

75 1314 123 1354 ut
160 1311 433 1366 Magister
469 1312 521 1353 in
559 1312 596 1353 4.
638 1312 888 1354 distinct.
928 1313 991 1354 13.
1031 1316 1081 1355 et
1111 1313 1340 1356 Thomas
1369 1316 1406 1357 3.
1441 1319 1646 1369 quaest.

74 1384 137 1426 83.
176 1386 276 1426 art.
313 1384 351 1425 4.
383 1383 520 1433 Quam
551 1384 859 1438 etymologiam
887 1383 1169 1427 Bellarminus
1199 1386 1338 1428 minus
1368 1387 1646 1440 probabilem,

78 1469 156 1496 nos
186 1454 358 1497 omnino
388 1454 628 1497 fabulosam
657 1469 747 1497 esse
772 1455 1022 1508 judicamus.

131 1526 182 1568 X.
221 1526 311 1568 Alii
347 1526 525 1569 Missam
563 1527 720 1569 dictam
756 1527 908 1569 volunt
946 1529 1060 1582 apud
1097 1527 1272 1571 Veteres
1302 1544 1326 1571 a
1355 1530 1575 1572 mittendis
1605 1533 1647 1573 et

75 1598 339 1641 conferendis
380 1600 425 1640 in
463 1599 650 1641 medium
688 1599 948 1651 muneribus,
988 1599 1108 1653 quasi
1147 1600 1350 1654 symbolis
1381 1601 1644 1654 quibusdam,

74 1670 184 1712 unde
221 1670 341 1712 fieret
380 1685 498 1712 sacra
539 1670 691 1722 Coena,
732 1673 773 1712 et
813 1671 982 1725 epulum
1022 1671 1194 1713 daretur
1226 1671 1496 1724 pauperibus.
1528 1671 1644 1722 Quae

75 1741 288 1795 expositio
317 1742 534 1783 nonnullis
564 1756 733 1795 quoque
763 1756 814 1783 ex
838 1742 996 1784 nostris
1023 1742 1254 1796 Theologis
1278 1743 1512 1796 probabilis
1526 1743 1642 1786 vide-

74 1815 157 1865 tur,
186 1815 417 1867 propterea
446 1813 561 1866 quod
589 1813 692 1855 olim
718 1814 904 1868 populus
933 1812 1211 1866 Christianus,
1240 1816 1288 1856 ut
1316 1817 1506 1857 recenset
1530 1815 1644 1857 Eua-

75 1885 206 1939 grius,
248 1900 424 1927 munera
467 1901 543 1927 sua
584 1886 629 1928 in
673 1885 938 1927 oblationem
979 1885 1182 1937 mitteret,
1221 1900 1376 1939 panem
1412 1885 1573 1928 scilicet
1602 1888 1644 1928 et

75 1957 234 2008 vinum,
269 1971 320 1999 ex
350 1956 516 2010 quibus,
546 1958 636 1999 vasi
665 1972 821 2010 magno
853 1972 874 1999 e
903 1957 1078 2010 regione
1109 1956 1208 1998 ostii
1236 1957 1388 2010 templi
1416 1957 1642 2011 impositis,

75 2028 349 2071 sumebantur
378 2043 486 2081 quae
515 2029 568 2071 ad
593 2044 736 2071 sacrae
760 2028 1059 2071 Eucharistiae
1085 2028 1498 2071 administrationem
1523 2032 1644 2072 erant

73 2100 359 2152 accommoda,
390 2103 532 2142 cetera
559 2115 658 2142 vero
688 2102 733 2143 in
760 2115 884 2142 usum
914 2115 1153 2154 pauperum
1182 2100 1602 2144 administrabantur.

126 2169 199 2212 XI.
256 2170 539 2213 Bellarminus
589 2171 981 2225 probabilissimam
1035 2185 1182 2213 eorum
1241 2186 1330 2213 esse
1388 2172 1642 2214 sententiam

74 2242 320 2295 arbitratur,
360 2244 433 2296 qui
473 2243 651 2286 Missam
692 2244 773 2285 dici
811 2243 960 2285 volunt
999 2257 1023 2284 a
1049 2243 1264 2295 missione,
1294 2257 1368 2284 seu
1398 2243 1643 2287 dimissione

73 2314 236 2369 populi,
288 2316 337 2355 ut
387 2314 499 2356 idem
552 2315 608 2356 sit
659 2314 791 2357 Missa
845 2315 959 2368 quod
1011 2314 1170 2366 missio,
1227 2314 1336 2356 sicut
1381 2315 1494 2357 idem
1545 2318 1644 2357 sunt

74 2385 188 2440 apud
223 2384 401 2427 Veteres
440 2385 619 2428 collecta
649 2388 691 2427 et
721 2385 927 2437 collectio,
958 2387 999 2427 et
1030 2384 1188 2428 Graece
1218 2387 1412 2438 συλλογὴ,
1439 2387 1639 2438 σύλλεξις,

73 2455 239 2510 peccati
282 2456 457 2498 remissa
500 2459 543 2498 et
585 2457 791 2499 remissio.
834 2456 1072 2499 Remissam
1116 2457 1228 2499 enim
1271 2472 1349 2511 pro
1392 2458 1641 2501 remissione

72 2528 233 2582 passim
273 2531 454 2581 usurpat
497 2527 735 2582 Cyprianus
772 2528 882 2571 Lib.
920 2529 957 2571 3.
982 2529 1156 2584 Epist.
1199 2530 1235 2571 8,
1274 2528 1382 2571 Lib.
1413 2530 1472 2572 de
1500 2530 1639 2573 bono

73 2599 406 2653 patientiae,
435 2599 489 2640 in
516 2599 773 2653 Epistola
802 2600 863 2642 ad
890 2599 1248 2653 Jubaianum,
1280 2604 1331 2643 et
1361 2601 1486 2643 alibi:
1511 2601 1640 2655 idque

73 2686 124 2713 ex
160 2670 241 2713 hac
278 2671 412 2712 veteri
448 2670 633 2713 formula
670 2685 695 2712 a
733 2670 925 2714 Diacono
963 2674 1061 2714 ante
1091 2672 1338 2714 concionem
1365 2672 1640 2726 pronunciari

73 2742 220 2785 solita:
253 2741 662 2785 -Catechumeni
713 2745 764 2785 et
810 2743 1066 2796 quisquis
1107 2758 1212 2786 non
1253 2744 1637 2798 communicat,

72 2813 222 2856 foras
253 2817 352 2857 eat.
381 2814 439 2857 Et
468 2814 613 2866 altera,
642 2813 746 2866 Ite,
776 2814 942 2857 missa
971 2817 1063 2857 est.

32 2940 35 2942 v
127 2885 224 2929 XII.
262 2886 376 2929 Huic
411 2885 567 2928 Missae
606 2885 844 2940 acceptioni
878 2886 1162 2929 Bellarminus
1192 2889 1376 2941 quatuor
1405 2887 1510 2930 alias
1539 2888 1639 2930 sub-

68 2957 176 3009 jicit,
220 2972 271 2999 ex
313 2957 513 3000 Patribus
557 2956 817 3000 Orthodoxis
856 2958 1114 3011 desumptas,
1154 2973 1336 3011 quarum
1375 2959 1410 3000 1.
1451 2962 1526 3012 est,
1556 2975 1634 3013 pro
