1931 3224
560 104 624 147 DE
653 103 938 146 INCARNATIONE
968 101 1074 143 Fan
1100 100 1194 141 Dm.
1580 100 1658 140 239

99 232 180 274 Dei
218 232 268 273 de
306 246 350 273 se
386 230 603 272 verissime
640 229 849 281 testantis,
891 227 1130 269 firmissime
1167 225 1357 278 accipere
1385 237 1553 265 necesse
1583 225 1657 264 est.

153 302 227 345 IV.
251 302 330 344 Est
358 305 500 344 autem
528 301 722 343 Incarn
735 300 847 342 atio
879 314 984 353 opus
1009 297 1101 349 Dei,
1128 311 1210 350 quo
1236 295 1369 337 Filius
1394 294 1487 346 Dei,
1513 308 1659 336 secun-

101 375 200 417 dum
231 374 520 416 oeconomiam
546 373 678 414 divini
703 371 868 414 consilii
890 371 1032 413 Patris
1057 372 1099 411 et
1123 368 1199 420 sui,
1227 370 1269 409 et
1291 366 1477 420 Spiritus
1502 364 1659 417 Sancti,

101 461 189 488 sese
216 445 456 497 humilians,
485 459 640 497 veram,
669 444 894 497 integram,
926 441 1159 496 perfectam
1188 441 1462 492 sanctamque
1492 451 1659 479 carnem

101 533 151 560 ex
179 517 344 571 virgine
372 517 520 568 Maria,
553 515 736 569 Spiritus
766 515 913 557 Sancti
937 512 1184 568 operatione
1208 514 1250 554 et
1275 509 1474 561 efficacia,
1499 509 1543 550 in
1567 508 1661 549 uni-

100 591 189 631 tate
226 603 433 642 personae
470 588 552 630 sibi
589 587 808 629 assumsit:
846 587 908 628 ita
942 588 990 628 ut
1029 599 1124 627 caro
1153 584 1225 625 illa
1253 582 1413 624 nullam
1440 579 1662 634 propriam

102 659 421 703 subsistentiam
461 661 581 701 extra
618 658 699 701 Dei
737 658 894 700 Filium
929 657 1100 708 habeat,
1140 655 1212 697 sed
1253 654 1305 696 ab
1342 653 1416 695 illo
1458 655 1500 695 et
1539 652 1582 693 in
1612 665 1660 693 eo

101 746 199 773 vere
237 734 496 773 sustentetur
535 733 577 773 et
616 733 827 784 gestetur}
866 729 1028 771 duabus
1057 726 1256 782 perfectis
1283 725 1447 767 naturis
1476 724 1587 765 inter
1618 736 1661 763 se
1900 763 1907 774 ,

104 802 311 856 ἀτρέπτως
352 802 419 844 ux)
453 802 711 855 ἀσυγχύτως,
746 800 978 853 οὶδιοιιρέτως
1010 799 1077 840 καὶ
1110 796 1346 850 &mesple-Teos
1376 796 1518 845 unitis,
1549 794 1661 836 unde
1687 827 1787 853 V,
1818 827 1820 830 ,

103 873 376 915 constituitur
403 864 585 926 persoiia
616 872 773 914 Christi
805 869 1089 923 Θεκνθρώπους
1115 868 1198 910 hoc
1221 868 1322 919 fine,
1346 870 1394 909 ut
1417 866 1664 909 mediatoris

103 946 297 998 partibus
326 945 450 999 plene
479 944 592 999 apud
621 944 760 986 Deum
788 942 922 996 fungi,
952 942 1145 984 homines
1174 940 1267 982 Deo
1297 938 1570 981 reconciliare
1600 939 1664 979 at-

105 1031 186 1069 que
224 1017 343 1058 unire
365 1018 536 1070 posset,
575 1018 616 1057 et
654 1015 808 1057 electos
848 1014 941 1056 Deo
970 1012 1263 1056 reconciliaret
1292 1014 1333 1053 et
1361 1010 1514 1061 uniret,
1538 1010 1665 1063 justi-

104 1088 233 1139 tiam,
265 1078 536 1129 sanctitatem
562 1087 779 1140 vitamque
809 1089 1025 1128 aeternam
1055 1085 1274 1134 conferret,
1306 1083 1359 1125 ad
1383 1082 1560 1136 justitae
1584 1080 1665 1122 Dei

107 1159 513 1202 demonstrationem
543 1161 584 1200 et
612 1159 781 1200 laudem
807 1157 1123 1199 misericordiae
1152 1170 1263 1198 suae.

158 1231 210 1274 V.
253 1231 322 1274 Ad
362 1231 488 1284 hujus
530 1230 701 1273 theseos
742 1245 815 1272 seu
860 1228 1119 1271 definitionis
1165 1226 1334 1276 ἔκθεσιν,
1378 1226 1563 1279 primum
1605 1226 1668 1266 est

105 1302 325 1356 σκρκώσεος
371 1309 413 1350 et
457 1302 728 1356 ἐνσοιρκώσεος,
774 1317 847 1345 seu
883 1301 1190 1344 incarnationis
1228 1315 1326 1350 VOX,
1366 1313 1416 1340 ex
1454 1312 1502 1339 eo
1540 1296 1666 1347 facta,

109 1375 222 1428 quod
250 1389 418 1418 sermo
447 1375 544 1418 ille
574 1376 780 1418 dicitur
809 1375 988 1416 factus
1019 1387 1162 1424 caro,
1193 1370 1293 1413 Joh.
1324 1369 1450 1421 1,14.
1475 1367 1668 1411 Utuntur

110 1449 151 1489 et
197 1446 344 1489 Graeci
391 1447 719 1501 ἕνκνθρωπήσεως
748 1446 969 1497 vocabulo,
1010 1460 1059 1487 ex
1095 1443 1234 1497 Epist.
1274 1444 1326 1485 ad
1363 1442 1521 1494 Philip.
1559 1441 1595 1492 2,
1631 1439 1668 1481 7.
1710 1480 1714 1506 ,Α
1758 1473 1759 1478 ,
1794 1443 1795 1447 ’
1844 1443 1845 1446 ’

109 1517 160 1560 fa
172 1521 289 1560 ctus
327 1520 382 1561 in
419 1519 657 1560 similitu
668 1519 757 1560 din
769 1534 790 1560 e
828 1518 858 1559 h
870 1533 893 1560 o
906 1517 1079 1559 minis.
1118 1515 1263 1568 Atque
1301 1513 1531 1556 secundum
1557 1510 1668 1551 hanc

110 1589 466 1643 phraseologiam,
507 1589 635 1631 Pater
673 1589 828 1631 dicitur
864 1588 932 1629 mi
945 1603 963 1629 s
975 1588 989 1629 i
1002 1603 1020 1629 s
1032 1602 1050 1628 s
1063 1602 1084 1628 e
1123 1585 1156 1626 F
1169 1586 1183 1627 i
1194 1585 1232 1626 li
1243 1600 1270 1626 11
1280 1600 1323 1626 111
1351 1585 1405 1625 111
1434 1598 1455 1625 c
1466 1598 1490 1624 a
1500 1598 1520 1624 r
1531 1598 1559 1624 n
1572 1597 1592 1624 e
1603 1596 1667 1632 111,

111 1660 234 1703 Rom.
260 1661 296 1713 8,
321 1662 357 1703 3.
385 1661 541 1715 etipse
564 1661 759 1703 missus
785 1662 826 1702 et
848 1659 1062 1701 venisse
1086 1659 1138 1699 in
1163 1671 1393 1707 carnem,
1418 1654 1485 1696 vel
1507 1668 1668 1696 carne
1703 1670 1711 1707 2

113 1733 134 1774 1
174 1732 273 1775 Jo'h.
311 1732 348 1784 4,
389 1733 426 1774 2.
455 1732 679 1774 formam
708 1731 851 1774 servi
881 1730 1183 1784 accepisse,
1212 1728 1323 1769 Phil.
1353 1728 1389 1776 2,
1420 1727 1455 1768 7.
1486 1739 1678 1767 assum-

114 1803 250 1845 sisse
280 1817 460 1844 semen
491 1802 766 1855 Abrahae,
796 1802 904 1844 Heb.
936 1802 972 1853 2,
1005 1801 1067 1842 16.
1099 1802 1151 1842 et
1185 1799 1361 1841 factus
1392 1796 1679 1851 particeps

115 1874 291 1917 carnis
332 1876 382 1916 et
420 1875 722 1929 sanguinis.
760 1873 871 1916 Item
903 1873 1057 1914 dicitur
1084 1872 1310 1913 habital·
1324 1885 1345 1912 e
1373 1870 1427 1911 in
1458 1868 1678 1910 Christo

113 1948 232 1988 tota
283 1944 479 1988 Deitas
532 1945 927 1999 corporaliter,
972 1943 1060 1997 Col.
1103 1944 1138 1984 2.
1182 1940 1583 1984 manifestatus
1626 1938 1681 1979 in

116 2032 297 2070 carne,
345 2017 370 2058 2
417 2016 526 2059 Tim.
565 2017 602 2070 3,
642 2017 704 2059 16.
743 2016 940 2058 habitu
980 2013 1230 2067 corporis
1270 2026 1327 2054 co
1342 2012 1588 2064 mpertus
1625 2010 1681 2050 ut

116 2089 146 2131 h
158 2104 181 2131 o
192 2105 292 2141 1110,
323 2088 433 2131 Ρ1111.
464 2090 501 2142 2,
532 2089 568 2130 8.

170 2160 245 2203 VI.
285 2161 476 2214 Accepta
516 2174 645 2213 porro
674 2157 1085 2201 incarnationis
1113 2171 1139 2198 v
1153 2170 1246 2198 oce
1274 2154 1477 2205 active,
1508 2154 1572 2195 est
1601 2151 1682 2193 Dei

121 2247 228 2285 opus
240 2248 249 2282 ;
288 2234 330 2274 et
368 2231 550 2285 quidem,
566 2235 571 2244 “
589 2233 637 2272 ut
676 2245 799 2273 omne
838 2244 945 2283 opus
983 2231 1025 2271 et
1054 2227 1247 2281 operatio
1277 2226 1359 2268 Dei
1388 2226 1441 2268 ad
1471 2226 1603 2275 extra,
1633 2225 1681 2264 ut

119 2305 287 2356 vocant,
326 2303 371 2344 id
411 2304 486 2354 est,
517 2302 632 2355 quod
660 2301 913 2344 relationem
945 2302 1190 2342 extraneam
1217 2314 1241 2340 a
1272 2297 1363 2340 Deo
1394 2297 1537 2347 habet,
1568 2310 1680 2337 com-

121 2390 248 2416 mune
285 2376 349 2415 est
384 2374 469 2415 toti
506 2372 721 2424 Trinitati,
762 2374 928 2414 servato
970 2373 1114 2413 tamen
1143 2373 1191 2412 ut
1218 2371 1263 2412 in
1290 2367 1483 2423 personis
1516 2365 1681 2416 divinis,

122 2446 182 2487 sic
221 2447 262 2486 et
289 2445 335 2487 in
363 2444 603 2487 actionibus
633 2443 780 2486 ordine
809 2458 857 2485 ac
886 2441 1236 2485 subordinatione
1249 2455 1257 2490 3
1288 2439 1349 2480 ita
1378 2440 1426 2479 ut
1455 2436 1476 2477 f
1484 2451 1507 2478 0
1518 2451 1546 2477 11
1560 2450 1578 2477 s
1608 2449 1632 2476 a
1643 2449 1685 2476 c-

122 2516 165 2558 ti
178 2531 201 2558 o
213 2516 266 2557 ni
279 2530 297 2557 s
329 2515 385 2557 sit
413 2530 437 2556 a
466 2514 605 2565 Patre,
636 2514 826 2566 adeoque
854 2512 1062 2554 referatur
1093 2511 1145 2553 ad
1172 2510 1358 2560 Patrem,
1387 2523 1431 2548 m
1442 2521 1463 2548 e
1475 2507 1501 2547 d
1512 2505 1526 2546 i
1537 2521 1564 2546 11
1575 2520 1617 2546 111
1640 2504 1686 2546 111

124 2587 250 2640 Filio,
287 2601 441 2640 nempe
478 2585 689 2639 sapientia
726 2585 879 2637 Patris,
919 2586 938 2625 t
954 2599 974 2625 e
986 2599 1006 2624 r
1015 2589 1060 2625 in
1069 2583 1084 2624 i
1094 2598 1122 2624 n
1131 2598 1160 2624 u
1171 2597 1189 2623 s
1230 2582 1275 2622 in
1314 2579 1477 2632 Spiritu
1514 2576 1683 2628 Sancto,

124 2661 276 2712 utpote
303 2658 461 2700 virtute
491 2658 532 2698 et
559 2655 755 2709 potentia
781 2654 863 2697 Dei
891 2654 1103 2705 altissimi,
1126 2667 1202 2706 per
1227 2665 1352 2704 quem
1378 2648 1562 2691 exterius
1585 2661 1686 2700 pro-

125 2730 280 2780 fertur3
324 2729 451 2782 idque
489 2727 829 2780 intelligendum,
868 2728 961 2768 tum
997 2725 1164 2766 ratione
1205 2721 1374 2772 decreti,
1412 2723 1505 2761 tum
1544 2718 1685 2772 operis

126 2800 274 2854 ipsius.
303 2800 439 2852 Atqui
466 2797 639 2840 termini
666 2797 782 2839 illius
805 2799 1003 2850 respectu
1027 2794 1301 2849 peculiariter
1324 2791 1505 2845 Spiritui
1529 2789 1685 2832 Sancto

128 2869 444 2924 appropriatur,
486 2868 612 2910 Matt.
654 2868 691 2918 1,
735 2866 798 2908 18.
836 2867 899 2907 20.
939 2865 1038 2908 Luc.
1077 2865 1113 2916 1,
1149 2863 1213 2905 35.
1253 2863 1364 2905 unde
1400 2862 1446 2904 in
1479 2860 1684 2916 Symbolo

131 2941 284 2983 dicitur
315 2941 614 2993 conceptus
646 2937 703 2979 de
731 2936 951 2990 Spiritu
980 2935 1192 2979 Sancto.
1287 2984 1350 2997 Ι
