1931 3224
405 111 469 154 Di:
496 112 650 156 M1ssAss
679 111 898 156 SAcmmcIo
926 124 1090 158 musone
1119 125 1315 154 Amisnws.
1558 113 1635 154 535

76 239 216 293 quod
242 240 297 281 in
340 240 620 281 aeternum
662 239 858 289 manet,
900 238 1224 291 perpetuum
1260 236 1427 279 habet
1466 251 1637 280 sacer-

76 310 294 355 dotium.
339 309 529 353 Secunda
567 311 642 362 est,
682 309 795 362 quod
831 307 1000 350 Veteris
1038 308 1301 351 Testamenti
1337 308 1638 352 Sacerdotibus

77 381 265 437 quotidie
302 381 496 424 victimas
535 382 686 423 offerre
723 395 891 423 necesse
928 380 1069 432 fuerit,
1106 381 1225 434 prius
1253 396 1331 434 pro
1362 380 1460 433 suis,
1491 381 1639 423 deinde

75 468 154 508 pro
191 454 342 507 populi
380 453 586 506 peccatis:
618 451 835 494 Christum
864 467 964 494 vero
995 452 1124 494 semel
1152 454 1321 494 tantum
1347 467 1425 506 pro
1453 453 1639 506 peccatis

75 526 225 582 populi
267 525 418 566 offerre
461 524 713 578 oportuerit,
751 524 878 577 idque
916 526 1085 565 tantum
1122 523 1282 576 fecerit,
1322 524 1454 566 Hebr.
1500 524 1535 575 7,
1576 523 1638 565 27.
1664 574 1667 575 ⁷

77 598 221 640 Tertia
259 599 335 648 est,
375 597 489 649 quod
528 596 776 639 Sacerdotes
814 594 984 638 Veteris
1014 594 1276 637 Testamenti
1305 596 1490 637 diversas
1518 596 1641 638 victi—

75 684 177 720 mas,
207 669 362 720 hircos,
393 668 562 719 vitulos,
594 682 740 721 agnos,
770 669 812 709 et
840 667 996 709 similes
1024 667 1105 708 sibi
1133 667 1186 709 ab
1215 667 1308 709 aliis
1337 667 1536 709 traditas:
1567 668 1641 710 sed

0 786 5 789 ,
76 739 269 782 Christus
293 739 569 792 semetipsum
592 740 761 780 tantum
786 737 878 779 Deo
903 738 1169 791 inculpatum
1193 753 1269 791 per
1285 737 1493 791 Spiritum
1509 741 1641 781 aeter-

35 850 38 852 ,
77 826 178 853 num
216 810 431 862 obtulerit,
469 810 600 852 Hebr.
642 811 678 862 9,
718 810 780 851 14.
821 808 942 858 Quod
971 811 1013 850 et
1042 808 1194 851 Petrus
1224 809 1291 850 his
1320 809 1460 851 verbis
1488 811 1639 863 innuit,

79 883 178 933 Qui
214 884 441 937 peccata
476 884 669 924 nostra
706 881 940 934 ipsemet
977 895 1138 933 super
1177 879 1386 934 lignum
1417 880 1559 923 illud
1587 880 1641 923 in

79 968 312 1006 corpore
351 967 441 994 suo
481 967 692 994 sursum
728 951 884 1003 tulit,
923 951 943 992 1
984 950 1077 992 Pet.
1117 952 1150 1000 2,
1181 951 1242 992 24.
1274 950 1378 993 Cum
1407 966 1508 1005 ergo
1538 951 1642 994 haec

80 1025 162 1066 sint
205 1024 484 1078 ἀντιφωτικοὶι
523 1023 745 1065 Oblatio
785 1022 995 1064 Christi
1025 1037 1120 1074 pro
1150 1022 1396 1075 peccatis
1426 1024 1640 1077 populi,

80 1096 243 1138 semel
270 1098 477 1137 tantum
503 1095 636 1137 fieri
666 1095 824 1137 debet
853 1096 903 1136 et
931 1093 1095 1135 semel
1121 1096 1333 1135 tantum
1361 1093 1509 1136 facta
1538 1098 1640 1148 est,

79 1169 148 1221 Et,
193 1168 403 1210 oblatio
446 1166 657 1208 Christi
700 1179 1091 1219 saepenumero
1131 1164 1261 1206 fieri
1299 1165 1460 1207 debet
1491 1169 1542 1208 et
1571 1166 1641 1209 fit

81 1242 522 1296 quotiescunque
551 1237 717 1279 Missa
746 1252 770 1279 a
794 1236 1137 1278 sacrificulis
1164 1236 1498 1288 celebratur,
1524 1238 1641 1291 prius

81 1313 363 1364 enunciatum,
403 1310 517 1364 quod
553 1312 615 1352 est
644 1308 847 1363 Apostoli
878 1307 1155 1359 θεοπνεύστου,
1183 1322 1261 1362 pro
1291 1323 1404 1360 vero,
1429 1310 1641 1362 posterius

81 1384 195 1438 quod
244 1385 308 1425 est
349 1381 676 1424 Pontificiorum
716 1380 929 1433 Apostolo
975 1379 1367 1432 contradicentium,
1410 1395 1488 1434 pro
1531 1381 1639 1424 falso

81 1455 323 1497 habendum
351 1456 426 1496 est.

133 1525 248 1568 XVI.
287 1526 355 1568 Ad
384 1525 568 1579 primam
595 1522 923 1564 Pontificiorum
953 1521 1259 1575 exceptionem,
1287 1521 1332 1563 in
1362 1521 1516 1565 Concil.
1547 1523 1642 1566 Tri-

82 1598 193 1639 dent.
232 1611 329 1639 sess.
368 1597 405 1638 6.
445 1595 705 1637 oblationem
743 1608 850 1647 quae
887 1593 936 1634 fit
971 1593 1017 1634 in
1054 1592 1197 1644 Missa,
1224 1593 1399 1634 eandem
1428 1609 1517 1636 esse
1547 1610 1641 1638 cum

82 1669 298 1712 oblatione
337 1682 445 1721 quae
472 1668 517 1708 in
547 1680 668 1708 cruce
697 1665 811 1707 facta
841 1667 916 1716 est,
947 1665 1020 1706 sed
1048 1666 1217 1706 tantum
1246 1665 1414 1707 differre
1443 1665 1569 1708 modo
1600 1670 1641 1709 et

80 1740 267 1783 ratione:
305 1738 621 1793 respondemus,
653 1738 687 1779 1.
718 1736 975 1778 Gulielmum
1003 1736 1188 1777 Alanum
1219 1737 1292 1789 qui
1320 1737 1493 1779 modum
1520 1739 1641 1781 illum

81 1811 305 1863 intellexit,
341 1809 620 1853 nihilominus
656 1808 761 1862 ipsis
799 1807 1098 1859 contradicere,
1135 1807 1207 1850 lib.
1246 1809 1282 1849 2.
1322 1808 1372 1850 de
1401 1808 1642 1852 Eucharist.

83 1882 231 1926 Sacris.
271 1896 361 1934 cap.
400 1883 435 1923 2.
475 1896 569 1923 cum
608 1881 680 1930 ait,
719 1878 994 1921 Christum
1023 1879 1308 1932 peregisse
1339 1879 1438 1922 duo
1468 1879 1641 1923 Sacri-

83 1955 235 2008 ficia,
274 1969 432 1996 unum
468 1954 520 1995 in
557 1952 752 2004 Coena,
790 1951 938 1993 aliud
975 1951 1028 1991 in
1059 1949 1245 2002 Cruce,
1275 1953 1326 1992 et
1355 1953 1642 2005 utrumque

84 2026 426 2069 sacrificium
455 2026 726 2067 diversum
756 2037 869 2065 esse
895 2037 919 2064 a
943 2021 1230 2064 sacrificio
1255 2021 1461 2065 Missae.
1485 2024 1522 2065 2.
1548 2023 1642 2066 Μο-

84 2099 184 2141 dum
220 2099 341 2140 illum
379 2112 464 2151 quo
501 2098 677 2139 missam
715 2096 883 2138 differre
922 2093 1158 2136 concedunt
1186 2108 1210 2134 a
1239 2093 1396 2136 Christi
1425 2095 1642 2138 oblatione

84 2186 192 2224 quae
228 2171 342 2212 facta
372 2172 436 2212 est
464 2170 509 2210 in
537 2183 671 2220 cruce,
701 2183 788 2212 esse.
817 2168 1041 2225 proprium
1070 2164 1194 2212 πάθος
1224 2174 1353 2222 atque
1382 2170 1642 2222 adjunctum,

84 2244 201 2296 cujus
237 2244 433 2295 respectu
469 2256 554 2283 una
590 2242 713 2284 alteri
750 2242 810 2284 sic
846 2243 986 2295 reipsa
1026 2242 1272 2296 opponitur,
1301 2242 1350 2282 ut
1377 2239 1504 2282 simul
1532 2241 1643 2281 stare

83 2328 170 2356 non
193 2312 374 2368 possint.
400 2312 497 2354 Hoc
519 2313 653 2366 igitur
675 2314 832 2366 posito,
860 2312 1017 2355 Christi
1043 2313 1306 2355 oblationem
1331 2311 1460 2354 semel
1474 2313 1639 2353 tantun]

83 2399 160 2438 per
195 2385 337 2437 ipsum
375 2383 592 2426 Christum
628 2384 720 2427 fieri
758 2385 959 2439 potuisse,
999 2385 1179 2427 alterum
1218 2384 1434 2435 evertitur,
1470 2381 1643 2424 eandem

84 2455 346 2498 oblationem
370 2455 507 2497 adhuc
529 2455 719 2508 quotidie
744 2471 821 2509 per
848 2455 1120 2499 Sacerdotem
1141 2455 1299 2498 Christi
1313 2454 1533 2497 Vicarium
1552 2451 1644 2494 fieri

83 2544 220 2584 posse.
250 2529 422 2572 Veritas
453 2529 583 2583 primi
616 2528 842 2570 axiomatis
867 2543 917 2570 ex
947 2529 1080 2570 altera
1105 2527 1334 2570 oblationis
1360 2524 1519 2567 Christi
1543 2537 1642 2565 con-

84 2601 245 2643 ditione
281 2601 520 2643 necessaria
558 2601 758 2654 cognosci
785 2602 942 2654 potest,
973 2615 1080 2653 quae
1109 2602 1173 2641 est
1201 2613 1315 2640 mors
1346 2595 1504 2638 Christi
1532 2594 1643 2647 seip-

85 2687 178 2717 sum
215 2674 335 2717 Patri
375 2671 604 2724 offerentis,
644 2687 739 2714 cum
777 2672 979 2714 effusione
1007 2670 1226 2724 sanguinis
1256 2670 1493 2722 conjuncta.
1524 2666 1642 2710 Sem-

83 2762 161 2802 per
199 2747 310 2789 enim
337 2748 382 2789 in
410 2745 539 2788 sacris
566 2745 720 2787 Bibliis
751 2744 943 2786 Christus
970 2744 1136 2785 ratione
1164 2742 1315 2784 mortis
1343 2756 1442 2783 suae
1472 2741 1643 2794 sangui—

84 2820 281 2863 nolentae
320 2834 363 2861 se
401 2819 523 2861 Patri
562 2817 765 2859 obtulisse
804 2816 971 2859 dicitur.
1011 2814 1151 2865 Quare
1188 2814 1224 2856 si
1259 2813 1523 2868 impossibile
1565 2814 1642 2865 est,

84 2896 226 2948 ipsum
266 2906 435 2935 rursum
475 2890 585 2933 mori
625 2903 705 2944 pro
742 2887 901 2930 nostris
939 2886 1137 2942 peccatiS,
1173 2884 1437 2939 impossibile
1474 2898 1643 2938 quoque

87 2968 163 3017 est,
187 2965 330 3018 ipsum
357 2978 434 3019 pro
463 2963 515 3005 iis
543 2975 713 3004 rursum
741 2960 787 3003 in
811 2958 942 3001 Missa
971 2957 1125 3000 offerri.
