1931 3224
221 134 283 176 DE
313 134 419 176 Vm
450 150 494 176 Ac
526 134 670 177 Momm
702 135 891 177 ΑΕΤΕΒΝΑ
921 149 968 176 ΕΤ
998 133 1328 176 CONSUMMATIONE
1358 147 1502 174 sucum.
1557 133 1633 173 661

81 259 235 313 quasi
265 258 556 312 splendore
586 260 832 312 expansi,
863 262 914 300 et
938 258 1325 312 justificantes
1354 256 1555 298 multos
1581 257 1639 297 ut

82 330 275 372 stellae
302 329 356 371 in
385 331 720 383 sempiterna
749 345 767 371 s
781 331 954 382 ecula,
982 329 1091 371 Dan.
1122 330 1184 381 12,
1212 330 1249 370 3.
1280 326 1636 379 Municipium

82 401 221 443 enim
249 402 495 443 nostrum
523 404 603 442 est
632 402 684 442 in
713 401 904 453 coelis,
934 401 1068 442 unde
1097 401 1261 442 etiam
1290 398 1637 441 Servatorem

82 474 460 525 exspectamus
489 470 772 514 Dominum
799 471 983 514 Jesum
1012 471 1168 513 Chris
1183 474 1316 522 tum,
1346 470 1435 522 qui
1464 472 1638 511 trans-

81 542 346 585 formabit
384 557 581 595 corpus
618 545 865 584 nostrum
894 543 1118 594 humile,
1147 545 1203 584 ut
1233 541 1507 585 conforme
1535 533 1639 583 fiat

83 613 302 667 corpori
337 628 429 655 suo
468 613 741 667 glorioso,
770 629 866 668 pro
899 614 1251 656 efficacitate
1287 628 1388 666 qua
1417 613 1525 655 sibi
1552 627 1638 666 po-

80 687 192 727 test
219 684 494 738 subjicere
524 685 723 737 omnia,
754 684 865 726 Phil.
895 685 932 736 3,
964 686 1025 727 20.

134 754 290 797 XXXI.
329 754 540 798 Ultimum
578 756 692 808 quod
728 755 772 796 in
807 755 1050 797 definitione
1077 756 1203 809 hujus
1234 755 1426 798 coelestis
1454 755 1639 797 beatitu-

83 827 191 869 dinis
227 827 459 880 posuimus,
498 829 573 879 est,
603 842 663 880 ga
674 842 701 868 u
713 827 763 868 di
775 842 801 868 u
812 842 855 868 m
883 827 936 868 in
948 842 968 868 e
980 826 1058 868 ffa
1068 827 1095 869 b
1106 827 1144 868 il
1159 843 1201 880 e,
1233 827 1347 880 quod
1378 841 1544 869 omnem
1574 826 1639 868 in-

81 898 296 940 tellectum
322 898 508 940 hominis
536 897 607 939 hic
634 900 819 952 superat.

135 968 314 1012 XXXII.
351 968 466 1011 Fieri
504 969 615 1011 enim
654 969 777 1011 aliter
813 984 900 1012 non
937 970 1108 1023 poterit,
1148 969 1250 1022 quin
1278 969 1351 1011 ubi
1379 983 1532 1022 corpus
1560 969 1638 1010 ho-

82 1041 208 1083 minis
233 1041 348 1083 omni
371 1041 536 1094 peccati
559 1043 600 1082 et
623 1043 801 1082 naturae
826 1041 1074 1082 infirmitate
1098 1041 1324 1082 liberatum
1348 1040 1517 1093 corpori
1538 1039 1564 1082 J
1569 1055 1640 1082 esu

83 1112 240 1155 Christi
283 1113 469 1167 glorioso
511 1112 592 1154 erit
634 1112 863 1164 conforme,
908 1114 1038 1164 atque
1080 1111 1243 1153 animus
1283 1112 1334 1153 ab
1373 1112 1488 1153 omni
1525 1111 1641 1153 lucta

84 1184 220 1227 carnis
258 1187 299 1227 et
336 1184 511 1238 spiritus
550 1184 669 1236 liber,
707 1185 937 1237 conspectu
976 1183 1140 1224 divinae
1170 1182 1375 1224 essentiae
1406 1198 1453 1224 ac
1482 1183 1642 1237 gloriae

83 1256 258 1308 fruetur,
302 1256 416 1309 quin,
459 1256 646 1308 inquam,
688 1257 805 1296 totus
848 1254 977 1296 homo
1017 1254 1151 1295 solida
1189 1253 1477 1295 consolatione
1516 1257 1642 1307 atque

85 1327 250 1370 animus
281 1328 370 1380 ejus
398 1327 603 1369 ineffabili
631 1326 785 1380 gaudio
815 1325 1106 1379 perfundatur,
1136 1325 1492 1378 quemadmodum
1522 1325 1641 1367 Chri-

82 1401 171 1440 stus
196 1398 424 1452 promittit,
448 1397 572 1440 Matt.
596 1398 632 1451 5,
657 1398 695 1439 4.
722 1397 756 1438 B
770 1412 790 1439 e
803 1398 880 1439 ati
905 1397 994 1450 qui
1018 1397 1231 1452 lugent,
1258 1397 1511 1449 quoniam
1533 1397 1642 1450 ipsi

83 1471 525 1514 consolationem
563 1470 862 1523 accipient,
902 1471 944 1512 et
979 1468 1119 1510 David
1146 1467 1642 1521 Ps.36,9.1nebria-

81 1543 285 1584 buntur
312 1541 568 1583 ubertate
597 1541 776 1582 domus
805 1543 950 1592 tuae,
981 1542 1031 1581 et
1059 1542 1305 1581 torrente
1333 1539 1642 1593 voluptatis

80 1616 99 1655 t
114 1629 139 1655 u
150 1629 174 1655 a
185 1628 206 1656 e
236 1628 263 1667 p
278 1628 301 1655 o
312 1615 331 1654 t
342 1628 366 1655 a
376 1612 460 1654 bis
489 1627 510 1654 e
523 1627 547 1654 o
560 1627 578 1654 s
592 1645 601 1664 ,
631 1614 673 1654 et
696 1612 777 1654 hoc
801 1614 864 1654 est
887 1626 1043 1653 manna
1064 1611 1358 1653 absconditum
1382 1610 1496 1664 quod
1520 1610 1642 1652 Chri-

82 1687 171 1728 stus
210 1685 364 1727 victori
400 1684 629 1738 promittit,
668 1684 751 1738 Ap.
791 1685 828 1735 2,
868 1684 929 1726 17.
970 1686 1011 1725 et
1048 1697 1147 1725 vero
1188 1683 1351 1724 laetitia
1389 1682 1494 1724 haec
1522 1684 1642 1723 tanta

83 1756 174 1808 erit,
203 1759 251 1798 ut
279 1756 514 1810 Apostolus
542 1758 734 1807 testetur,
765 1756 786 1797 1
820 1754 913 1797 Cor.
944 1756 981 1807 2,
1009 1756 1046 1796 9.
1072 1770 1100 1795 n
1112 1770 1132 1795 e
1145 1769 1166 1795 c
1192 1769 1214 1795 o
1228 1754 1399 1795 culum
1423 1753 1564 1796 vidis
1576 1768 1594 1795 s
1607 1768 1640 1805 e,

82 1843 176 1870 nec
215 1843 394 1870 aurem
422 1827 722 1879 audivisse,
751 1841 846 1868 nec
874 1827 927 1868 in
957 1827 1277 1879 cujusquam
1305 1827 1534 1867 mentem
1562 1840 1641 1867 ve-

82 1901 249 1953 nisse,
294 1915 429 1954 quae
472 1916 500 1954 p
516 1900 694 1942 aravit
728 1899 872 1941 Deus
909 1898 1000 1950 iis,
1041 1899 1129 1950 qui
1166 1898 1343 1950 ipsum
1382 1897 1640 1952 diligunt.

82 1973 240 2026 Aliquo
278 1975 421 2014 tamen
456 1972 583 2014 modo
620 1971 896 2013 adumbratur
925 1970 969 2011 iu
998 1969 1243 2022 Scripturis,
1275 1969 1496 2022 voluptate
1526 1968 1641 2010 horti

82 2044 270 2087 Hedenis
308 2058 380 2085 seu
417 2042 623 2095 Paradisi,
658 2042 892 2084 festivitate
930 2044 1059 2094 atque
1096 2039 1314 2082 hilaritate
1351 2040 1641 2081 conviviorum

83 2131 131 2158 ac
159 2116 406 2171 nuptiarum
434 2114 671 2168 Regalium,
697 2113 962 2167 jucunditate
988 2127 1035 2154 ac
1059 2112 1319 2154 recreatione
1345 2113 1544 2153 cantuum
1568 2114 1642 2154 aut

82 2187 462 2229 instrumentorum
489 2187 760 2237 musicorum,
790 2188 831 2227 et
859 2185 1062 2227 similium
1086 2199 1227 2226 rerum
1252 2184 1376 2237 hujus
1401 2184 1541 2235 seculi,
1566 2199 1642 2237 per

84 2273 189 2312 quas
218 2273 291 2300 cor
318 2257 503 2299 hominis
534 2257 818 2299 oblectatione
847 2256 1038 2307 honesta,
1068 2257 1109 2296 et
1138 2255 1292 2308 gaudio
1321 2254 1492 2308 impleri
1521 2254 1640 2296 solet.

136 2328 335 2371 XXXIII.
365 2329 460 2371 Etsi
489 2344 587 2371 vero
617 2329 711 2383 ipsa
738 2327 1014 2369 beatitudinis
1045 2326 1224 2368 essentia
1251 2326 1296 2367 in
1320 2325 1386 2367 his
1411 2340 1518 2378 quae
1541 2324 1641 2367 hac-

82 2403 205 2442 tenus
244 2416 268 2443 a
306 2401 430 2443 nobis
468 2400 680 2454 explicata
720 2401 830 2450 sunt,
869 2399 1073 2440 consistat
1085 2413 1093 2448 3
1122 2411 1208 2439 non
1236 2411 1389 2451 parum
1416 2399 1560 2438 tamen
1589 2396 1641 2438 ad

84 2486 177 2513 eam
215 2472 412 2514 omnibus
449 2472 635 2514 numeris
673 2470 972 2524 perficiendam
998 2469 1156 2511 facient
1186 2467 1265 2509 cir
1277 2482 1297 2509 c
1308 2483 1335 2508 u
1345 2483 1386 2509 m
1399 2482 1417 2509 s
1429 2470 1447 2509 t
1459 2482 1483 2509 a
1492 2468 1573 2509 nti
1584 2482 1608 2508 a
1620 2481 1641 2509 e

84 2558 108 2584 a
119 2545 137 2584 t
148 2557 175 2596 q
187 2558 214 2585 u
227 2558 248 2585 e
285 2558 310 2585 a
321 2544 346 2585 d
353 2545 370 2597 j
383 2559 411 2585 u
420 2559 448 2586 n
459 2546 509 2586 ct
521 2558 545 2585 a
581 2542 798 2593 nonnulla,
836 2555 943 2594 quae
982 2540 1110 2583 Sacra
1139 2538 1359 2593 Scriptura
1386 2539 1454 2581 his
1482 2538 1641 2592 passim

84 2615 316 2669 subjungit.

137 2685 337 2728 XXXIV.
368 2686 559 2736 Quorum
587 2686 771 2739 primum
797 2686 860 2725 est
886 2684 975 2736 ejus
999 2683 1112 2724 vitae
1137 2682 1286 2724 beatae
1312 2697 1336 2724 a
1349 2684 1397 2724 et
1409 2697 1430 2724 e
1440 2697 1461 2723 r
1472 2682 1525 2723 ni
1536 2684 1554 2724 t
1565 2696 1589 2724 a
1600 2697 1618 2724 s
1632 2697 1641 2733 3

84 2773 183 2800 nam
222 2773 353 2811 quum
391 2758 579 2800 Gentiles
617 2755 870 2809 Philosophi
906 2754 990 2807 ipsi
1031 2754 1295 2807 agnoverint,
1334 2753 1641 2795 beatitudinem

85 2830 254 2884 plenam
291 2845 339 2872 ac
376 2829 555 2871 solidam
593 2827 819 2870 consistere
857 2840 942 2868 non
979 2839 1114 2879 posse,
1155 2839 1249 2867 cum
1285 2826 1400 2866 metu
1439 2825 1526 2877 ejus
1564 2825 1641 2867 ali-

86 2901 254 2952 quando
292 2900 562 2950 amittendae,
592 2898 719 2940 Sacra
748 2896 968 2950 Scriptura
999 2895 1076 2937 hac
1103 2896 1146 2937 in
1176 2897 1298 2948 parte
1327 2895 1551 2937 beatorum
1576 2910 1640 2937 se-

86 2971 258 3014 curitati
300 2986 469 3024 quoque
510 2969 768 3011 sufficienter
811 2967 995 3010 consulit
1008 2982 1016 3009 :
1060 2982 1158 3008 nam
1201 2982 1227 3018 q
1238 2966 1289 3007 ui
1328 2966 1406 3007 fid
1420 2966 1520 3007 elis
1558 2981 1579 3008 e
1592 2982 1610 3008 s
1623 2969 1641 3008 t
