1931 3224
582 84 646 128 Dz
676 85 858 129 Pmsom
888 86 1034 129 PATnls
1062 102 1108 130 ΕΤ
1137 87 1252 130 FILII.
1646 93 1691 134 71

132 223 264 262 quae
306 207 471 251 habet
506 209 694 262 Pater,
732 225 843 253 mea
881 213 1026 262 sunt3
1066 214 1367 266 propterea
1405 214 1519 256 dixi
1559 215 1698 267 quod

131 280 190 322 de
217 295 329 323 meo
358 281 622 335 accipiet,
651 284 700 324 et
725 282 1087 324 renunciabit
1116 284 1285 325 vobis.

182 350 274 392 XV.
312 350 377 393 De
413 352 540 394 modo
579 367 652 395 seu
688 352 827 395 forma
866 353 989 407 hujus
1027 355 1314 407 generationis
1346 357 1509 397 veteres
1540 356 1690 399 Patres

130 422 329 464 adversus
371 422 578 466 Arrianos
623 426 664 466 et
706 423 1080 466 Samosatenianos
1124 425 1227 467 olim
1268 441 1436 479 quoque
1475 427 1691 481 disputare

128 496 228 535 sunt
265 493 370 546 ausi,
399 496 441 536 et
469 494 644 549 plurimi
673 495 784 537 inter
813 510 896 547 eOS,
929 510 1034 548 quos
1065 498 1106 538 et
1135 495 1389 538 Scholastici
1419 499 1517 539 sunt
1546 499 1690 549 secuti,

128 566 381 618 statuerunt,
424 565 598 608 Patrem
635 567 830 620 genuisse
869 566 1027 608 Filium
1067 582 1190 608 suum
1227 567 1271 608 in
1311 568 1455 610 eadem
1496 570 1691 622 essentia,

129 637 228 679 dum
278 651 321 679 se
361 637 503 691 ipsum
545 638 589 679 in
632 638 883 680 aeternitate
926 640 1053 691 atque
1096 638 1308 680 infinitate
1353 653 1439 691 sua,
1484 640 1691 683 ineffabili

128 708 253 750 modo
283 708 470 763 perfecte
500 724 547 751 30
570 708 695 763 plene
719 708 942 762 cognoscit
966 711 1094 762 atque
1118 710 1330 763 intuemr3
1358 712 1400 751 et
1425 711 1551 753 sicuti
1578 727 1695 753 mens

127 783 287 833 nostra,
318 795 447 833 quum
477 795 521 822 se
548 781 688 835 ipsam
715 795 792 834 per
819 780 1091 822 reflexionem
1121 781 1284 834 cogitat
1315 784 1442 835 atque
1472 783 1691 837 intelligit,

127 852 359 908 imaginem
397 851 586 905 aliquam
623 852 688 893 sui
725 852 873 906 ipsius,
913 853 993 894 etsi
1021 867 1097 894 nec
1125 853 1359 906 perfectam
1388 869 1462 896 nec
1494 855 1692 898 distincte

128 923 443 975 subsistentem,
486 924 530 965 in
571 938 660 965 sese
703 923 917 965 efformat:
966 924 1025 965 sic
1071 923 1210 965 Deum
1256 923 1439 978 Patrem,
1478 942 1607 978 quum
1650 944 1693 969 se

126 996 266 1049 ipsum
294 994 626 1036 eminentissimo
657 1009 706 1036 ac
730 994 885 1046 divino,
911 1009 1046 1047 eoque
1069 994 1276 1036 ineffabili
1310 996 1435 1038 modo
1471 997 1687 1051 intelligit,

126 1065 483 1120 perfectissimam
529 1069 570 1108 et
616 1065 815 1107 distincte
852 1066 1154 1108 subsistentem
1192 1067 1258 1108 sui
1294 1067 1525 1121 imaginem
1563 1069 1607 1110 in
1646 1084 1689 1111 se

126 1137 390 1190 produxisse,
432 1140 474 1179 et
517 1139 738 1179 aeternum
776 1137 1030 1191 producere3
1072 1138 1426 1190 quemadmodum
1465 1155 1541 1194 per
1579 1141 1684 1183 reci-

126 1223 304 1263 procum
338 1209 481 1252 Patris
516 1223 564 1250 30
592 1208 694 1251 Filii
724 1224 923 1262 amorem,
956 1208 1165 1263 Spiritum
1193 1209 1395 1252 Sanctum
1425 1211 1477 1252 ab
1508 1213 1689 1264 utroque

126 1281 352 1334 procedere
382 1283 614 1323 senserunt.

178 1351 293 1395 XVI.
346 1351 468 1395 Unde
520 1366 690 1405 quoque
732 1351 890 1406 duplex
934 1351 1169 1404 discrimen,
1212 1352 1324 1394 inter
1366 1355 1686 1406 generationem

126 1423 227 1466 Filii
257 1426 299 1466 et
327 1423 513 1477 Spiritus
543 1422 583 1466 S.
614 1424 949 1478 productionem,
982 1423 1280 1466 observarunt:
1311 1425 1344 1465 1.
1379 1425 1491 1477 quod
1522 1426 1565 1467 in
1595 1441 1694 1469 vera

126 1495 401 1550 generatione
438 1509 569 1536 unum
613 1495 799 1537 activum
844 1495 1104 1549 principium
1146 1498 1313 1537 tantum
1352 1497 1606 1550 requiratur,
1648 1499 1691 1540 in

126 1567 406 1621 productione
435 1581 534 1610 vero
565 1566 752 1620 Spiritus
781 1567 821 1609 S.
851 1567 957 1609 duae
985 1582 1191 1621 personae
1218 1568 1329 1610 inter
1354 1583 1397 1610 se
1423 1570 1689 1623 conspirent;

126 1639 163 1680 2.
194 1638 308 1691 quod
332 1638 385 1680 ad
408 1653 552 1680 veram
575 1639 894 1693 generationem
917 1639 1159 1692 requiratur
1182 1639 1417 1681 similitudo
1443 1655 1516 1682 seu
1544 1641 1686 1695 imago

127 1710 217 1762 ejus
256 1710 329 1763 qui
365 1710 575 1763 producit,
613 1710 657 1751 in
686 1724 734 1752 eo
765 1710 838 1763 qui
867 1710 1136 1763 producitur;
1166 1710 1309 1764 imago
1342 1713 1483 1753 autem
1511 1712 1615 1754 haec
1647 1713 1689 1754 in

127 1781 294 1823 actione
308 1777 383 1823 illa
397 1781 650 1834 intellectus,
667 1797 754 1824 non
768 1782 812 1823 in
828 1782 995 1824 actione
1010 1782 1195 1824 naturali
1212 1782 1445 1824 voluntatis
1462 1783 1686 1836 reperitur.

177 1850 314 1894 XVII.
365 1852 490 1894 Hunc
537 1852 829 1907 productionis
871 1853 1044 1895 modum
1088 1853 1352 1906 collegerunt
1393 1868 1443 1896 ex
1486 1854 1682 1907 analogia

126 1923 333 1965 humanae
385 1924 551 1976 mentis,
605 1939 712 1977 quae
753 1925 983 1978 imaginem
1024 1923 1105 1965 Dei
1147 1939 1250 1977 prae
1284 1925 1441 1983 *ceteris
1493 1925 1688 1967 omnibus

126 1995 331 2036 creaturis
366 1994 509 2047 refert,
549 1998 590 2037 et
620 2010 671 2037 ex
700 1996 902 2049 epithetis
932 2011 981 2038 ac
1008 1995 1264 2048 nominibus,
1294 1996 1446 2049 quibus
1477 1996 1517 2038 S.
1549 1996 1691 2049 Scrip-

125 2068 222 2107 tura
258 2065 416 2107 Filium
452 2065 533 2108 Dei
570 2066 843 2120 peculiariter
881 2066 1081 2120 insignit:
1112 2067 1280 2120 quando
1309 2082 1461 2121 nempe
1493 2082 1587 2109 eum
1616 2082 1689 2122 ap-

123 2137 258 2191 pellat
286 2136 367 2178 Dei
396 2138 661 2193 sapientiam,
693 2137 817 2180 Prov.
850 2138 885 2179 8.
918 2139 937 2180 1
970 2137 1062 2180 Cor.
1094 2138 1129 2191 l,
1161 2137 1222 2179 24.
1256 2138 1373 2190 λόγον
1406 2153 1477 2180 seu
1514 2139 1685 2181 verbum

124 2208 218 2261 Dei,
257 2207 286 2250 J
297 2208 372 2250 oh.
410 2209 447 2259 1,
480 2210 515 2250 1.
558 2209 826 2261 ἀπαύγασμα
874 2209 1039 2265 gloriae
1077 2210 1165 2262 ejus
1201 2211 1243 2251 et
1272 2209 1558 2251 characterem
1588 2210 1686 2251 sub-

125 2279 307 2322 stantiae
345 2281 446 2332 ejus,
485 2279 615 2322 Hebr.
655 2280 690 2333 l,
718 2281 755 2322 3.
786 2281 890 2323 item
917 2280 1147 2334 imaginem
1177 2280 1257 2322 Dei
1287 2281 1563 2334 inconspicui,
1598 2280 1684 2323 Col.

125 2352 163 2403 1,
202 2351 265 2392 15.
295 2352 385 2402 etc.,
417 2366 524 2403 quae
554 2351 697 2393 omnia
724 2354 910 2394 mentem
938 2352 1103 2394 fidelem
1131 2352 1215 2394 huc
1242 2351 1438 2393 videntur
1468 2354 1690 2405 tamquam

124 2437 252 2464 manu
290 2422 459 2472 ducere3
499 2422 578 2464 etsi
609 2423 659 2464 de
688 2422 855 2477 Spiritu
883 2423 922 2466 S.
952 2438 1106 2466 nomen
1142 2423 1345 2475 δυνάμεως
1373 2423 1527 2478 potius,
1560 2438 1685 2475 quam

123 2492 296 2545 ἀγάπης
337 2495 576 2547 usurpetur,
620 2494 717 2536 Luc.
762 2495 796 2546 1,
842 2496 904 2537 35.
950 2495 1059 2544 Quia
1102 2510 1201 2537 vero
1244 2495 1284 2537 S.
1324 2495 1544 2549 Scriptura
1582 2495 1686 2535 illud

124 2568 213 2607 tam
248 2566 472 2620 perspicue
504 2581 552 2608 ac
581 2566 778 2609 distincte
806 2582 891 2608 non
924 2566 1086 2619 asserit,
1117 2582 1193 2609 nos
1221 2566 1387 2608 fidelem
1417 2566 1685 2620 ignorantiae

123 2637 445 2691 professionem,
474 2639 724 2680 temerariae
754 2638 979 2681 assertioni
1007 2638 1325 2692 praeferendam
1353 2638 1613 2691 judicamus3
1646 2640 1686 2680 et

124 2710 235 2752 diem
257 2709 379 2752 illum
404 2712 646 2763 exspectare
670 2709 892 2762 malumus,
918 2711 963 2752 in
988 2725 1072 2764 quo
1097 2710 1146 2752 de
1170 2709 1278 2752 facie
1304 2709 1356 2752 ad
1379 2709 1531 2752 faciem
1544 2709 1683 2751 Deum

123 2796 266 2823 sumus
307 2780 516 2832 intuituri,
558 2783 686 2835 atque
728 2780 836 2823 illud
878 2782 992 2834 quod
1027 2781 1097 2823 hic
1136 2796 1187 2822 ex
1224 2784 1345 2834 parte
1374 2782 1680 2835 cognoscimus,

122 2852 309 2906 perfecte
337 2868 386 2895 ac
414 2854 540 2907 plene
567 2868 711 2895 sumus
740 2854 965 2907 cognituri.

175 2922 331 2965 XVIII.
371 2923 437 2965 Ex
470 2924 756 2967 fundamentis
786 2927 911 2967 antea
940 2924 1172 2978 propositis
1201 2924 1346 2977 liquet,
1376 2926 1518 2965 utrum
1548 2924 1680 2965 Filius
