1931 3224
253 134 331 174 360
807 136 1050 178 D1s1>urAr10
1082 135 1260 179 XXXV.

252 258 496 310 participes,
533 273 619 300 11011
655 260 766 302 male
804 261 1097 302 communis
1136 275 1160 301 a
1197 262 1450 314 quibusdam
1483 266 1636 305 vocata
1664 268 1739 317 est,
1767 269 1816 307 ut

252 330 305 371 ab
353 344 401 371 ea
448 331 737 384 distinguatur
780 347 887 385 quae
930 333 982 374 ad
1025 333 1333 386 plenitudinem
1375 334 1539 387 gratiae
1583 335 1813 389 pertinens,

251 402 495 455 specialiter
524 401 766 445 Christiana
795 404 972 446 libertas
1003 404 1255 458 appellatur.

303 473 375 515 XI.
405 473 652 526 Utriusque,
683 477 772 515 tam
801 475 1036 516 communis
1064 475 1179 516 illius
1206 478 1248 517 et
1271 465 1411 518 minus
1435 477 1661 532 perfectae,
1687 494 1814 532 quam

249 546 514 600 perfectioris
553 546 690 599 hujus,
724 546 957 588 Materia
986 547 1131 589 circa
1161 562 1301 600 quam,
1331 548 1418 591 sive
1448 549 1674 604 objectum,
1704 551 1814 593 mul-

248 618 384 671 tiplex
427 621 501 670 est,
541 622 582 660 et
621 633 671 660 ex
710 620 799 671 ejus
837 619 1043 661 varietate
1081 619 1234 662 diversi
1275 620 1403 662 etiam
1442 621 1609 675 gradus,
1648 625 1721 664 aut
1750 622 1815 675 (ut

250 690 320 732 alii
359 705 508 732 vocare
547 691 731 744 malunt)
760 692 917 744 partes,
947 690 1074 744 hujus
1103 691 1315 734 libertatis
1345 694 1603 748 statuuntur,
1635 696 1670 737 1.
1704 695 1815 737 enim

249 777 296 804 ea
325 776 404 815 pro
434 762 601 814 objecto
631 762 762 804 habet
790 765 1025 816 peccatum,
1057 764 1328 817 ejusdemque
1357 768 1536 818 reatum,
1567 767 1813 821 dominium,

249 836 290 875 et
328 848 378 875 ex
416 847 477 885 eo,
516 833 689 876 Diaboli
726 834 1009 888 tyrannidem.
1038 835 1290 888 Acquiritur
1319 837 1475 890 gradus
1502 838 1575 880 ille
1602 839 1814 882 libertatis

248 920 272 946 a
299 905 504 958 primaria
532 905 605 946 illa
634 905 850 957 servitute,
880 920 957 959 per
983 907 1276 949 remissionem
1303 909 1468 961 peccati
1498 924 1592 951 cum
1620 925 1707 952 non
1734 910 1814 952 im-

246 978 435 1029 putatur,
470 979 512 1018 et
548 991 624 1029 per
653 976 1030 1019 mortificationem
1060 978 1197 1020 carnis
1226 993 1321 1020 cum
1348 994 1436 1021 non
1464 981 1648 1034 amplius
1679 982 1813 1024 domi-

246 1049 385 1089 natur.
423 1047 533 1089 Item
572 1063 647 1101 per
684 1048 1001 1091 immunitatem
1028 1065 1053 1091 a
1082 1052 1218 1092 morte
1248 1051 1442 1104 secunda,
1473 1067 1568 1094 cum
1595 1053 1682 1095 lex
1711 1053 1814 1108 spi-

248 1118 388 1159 ritus
430 1119 579 1161 vitae
609 1134 703 1172 per
732 1119 1012 1162 Christum
1041 1120 1223 1163 Jesum
1251 1123 1462 1165 liberos
1499 1139 1594 1166 nos
1632 1125 1814 1167 reddit

249 1204 273 1230 a
300 1190 421 1243 lege
449 1191 665 1244 peccati
694 1194 744 1233 et
772 1193 989 1245 mortis,
1018 1193 1142 1235 Rom.
1167 1194 1204 1245 8,
1223 1195 1259 1235 2.
1288 1194 1433 1248 Atque
1460 1195 1523 1236 ita
1550 1196 1705 1238 nulla
1733 1199 1814 1239 est

248 1261 632 1304 condemnatio
661 1263 728 1305 iis
758 1264 848 1316 qui
878 1267 1003 1306 sunt
1030 1266 1083 1307 in
1112 1265 1334 1308 Christo
1363 1266 1513 1320 Jesu,
1544 1268 1644 1310 ibid.
1674 1283 1712 1310 v.
1742 1268 1777 1310 1.

300 1331 394 1375 XII.
423 1332 535 1375 Huic
571 1334 763 1376 libertati
791 1350 877 1377 non
907 1336 1062 1388 obstat,
1094 1337 1208 1389 quod
1236 1340 1460 1390 peccatum
1491 1339 1628 1381 adhuc
1655 1339 1700 1382 in
1730 1355 1814 1382 cre-

249 1403 444 1445 dentibus
486 1404 652 1447 habitet
694 1408 735 1447 et
777 1410 994 1449 remaneat
1036 1410 1145 1460 actu,
1186 1409 1205 1449 l
1245 1407 1344 1451 Joh.
1383 1410 1418 1462 1,
1458 1410 1494 1452 8.
1521 1410 1620 1463 quia
1646 1411 1815 1453 tollitur

246 1478 378 1528 reatu,
408 1479 450 1518 et
480 1478 568 1530 ejus
597 1478 708 1519 vires
737 1478 1060 1530 imminuuntur,
1090 1482 1138 1520 ut
1161 1494 1342 1533 regnum
1369 1481 1406 1522 ei
1435 1481 1664 1534 auferatur,
1689 1482 1812 1524 Rom.

246 1549 283 1599 6,
325 1548 385 1589 12.
424 1548 538 1591 Nam
571 1564 647 1602 per
676 1549 862 1602 Spiritus
897 1550 1043 1593 Sancti
1074 1551 1348 1594 donationem
1376 1553 1614 1595 liberantur
1643 1554 1813 1608 piorum

246 1619 528 1661 conscientiae
566 1635 590 1661 a
623 1624 811 1673 peccato,
843 1624 1027 1673 eatenus,
1056 1625 1104 1664 ut
1131 1638 1219 1665 non
1249 1623 1334 1665 sint
1363 1625 1545 1679 amplius
1575 1626 1665 1678 ejus
1692 1641 1811 1668 man-

246 1691 367 1744 cipia,
404 1691 475 1733 sed
513 1692 670 1734 milites
704 1695 745 1734 et
775 1693 884 1735 servi
908 1693 1114 1746 justitiae,
1142 1694 1266 1737 Rom.
1296 1696 1334 1747 6,
1364 1696 1427 1738 14.
1458 1699 1499 1738 et
1529 1698 1566 1750 7,
1595 1698 1659 1739 22.
1689 1697 1811 1740 Non-

246 1762 344 1803 dum
373 1763 507 1816 igitur
536 1762 703 1805 sublata
733 1765 796 1805 est
825 1779 983 1818 pugna,
1015 1765 1172 1808 sufficit
1199 1766 1234 1808 si
1263 1767 1429 1809 ademta
1454 1768 1509 1809 sit
1536 1768 1652 1810 hosti
1675 1770 1810 1813 victo-

243 1834 318 1875 ria.
351 1834 443 1883 Qua
472 1834 522 1877 de
547 1849 591 1876 re
616 1836 715 1888 quia
737 1835 781 1877 in
806 1836 1000 1878 doctrina
1022 1837 1072 1879 de
1095 1837 1406 1891 Resipiscentia
1430 1842 1471 1881 et
1495 1839 1812 1883 Justificatione

244 1907 387 1947 actum
416 1908 489 1958 est,
519 1921 605 1948 11011
635 1909 709 1959 est,
741 1907 854 1960 quod
881 1908 1074 1962 pluribus
1106 1924 1197 1951 eam
1225 1925 1542 1965 persequamur.

296 1976 411 2019 XIII.
451 1978 488 2019 2.
526 1977 734 2020 Versatur
774 1979 919 2021 eadem
947 1979 1122 2022 libertas
1151 1981 1262 2023 circa
1290 1981 1428 2035 legem
1458 1984 1674 2036 moralem,
1706 2000 1810 2038 qua-

242 2051 364 2090 tenus
402 2064 495 2101 per
533 2049 685 2091 illam
714 2050 954 2094 affectus
982 2056 1334 2106 peccatorum
1362 2055 1552 2108 vigent
1579 2056 1633 2098 in
1661 2071 1809 2099 mem-

242 2120 357 2161 bris
402 2120 463 2161 ad
500 2120 963 2164 fructificandum
999 2125 1185 2177 morti,
1223 2125 1346 2167 Rom.
1388 2127 1424 2178 7,
1465 2126 1502 2168 5.
1532 2141 1626 2168 cum
1655 2142 1808 2182 nempe

241 2192 406 2234 homini
443 2195 657 2245 peccatori
692 2194 852 2236 nullam
884 2209 1002 2248 spem
1030 2196 1180 2238 salutis
1207 2198 1425 2251 proponit,
1458 2214 1585 2252 quam
1613 2199 1657 2240 in
1687 2214 1809 2242 exac-

241 2263 405 2305 tissima
446 2264 744 2305 mandatorum
787 2265 1071 2319 observantia,
1113 2266 1226 2310 Hoc
1262 2269 1368 2320 fac,
1408 2259 1459 2311 et
1495 2269 1669 2322 vives,
1709 2269 1807 2313 Luc.

242 2335 302 2387 10,
356 2336 419 2376 28.
468 2349 576 2387 quae
618 2333 843 2378 durissima
886 2337 1049 2379 exactio
1092 2339 1225 2381 totius
1266 2339 1373 2393 legis
1414 2340 1670 2395 implendae,
1712 2357 1807 2385 011111

241 2405 426 2458 ejusdem
464 2405 571 2459 legis
608 2406 918 2460 maledictione,
957 2409 991 2449 si
1029 2423 1053 2450 a
1080 2410 1204 2451 nobis
1231 2425 1318 2452 non
1346 2411 1533 2465 perfecte
1562 2412 1807 2455 observare-

238 2479 321 2529 tur,
350 2477 431 2519 fuit
461 2478 699 2531 conjuncta,
729 2477 854 2521 Deut.
885 2480 947 2531 27,
978 2480 1040 2522 26.
1073 2479 1165 2522 Gal.
1194 2482 1231 2534 3,
1261 2482 1323 2523 10.
1351 2481 1516 2539 Jugum
1538 2483 1619 2526 1100
1644 2484 1807 2537 gravis-

241 2550 395 2591 simum
430 2549 512 2591 fuit
551 2552 592 2592 et
632 2551 878 2607 ἀφέρτκτρν,
909 2554 1023 2605 quod
1052 2555 1263 2609 confregit
1293 2553 1496 2608 Christus,
1525 2555 1639 2597 facta
1666 2558 1806 2598 trans·
1832 2565 1836 2569 ‘

238 2621 398 2663 latione
438 2623 660 2676 utriusque
700 2623 988 2678 obligationiS,
1028 2628 1118 2668 tam
1147 2629 1427 2671 execrationis
1458 2629 1512 2671 ob
1540 2644 1627 2672 non
1653 2630 1805 2683 imple-

242 2693 331 2733 tam
374 2693 524 2746 legem,
570 2709 698 2747 quam
733 2696 997 2749 impletionis
1034 2699 1277 2753 requisitae,
1316 2701 1361 2742 in
1398 2716 1626 2754 personam
1663 2716 1803 2755 suam3

241 2763 286 2805 in
315 2778 398 2816 qua
426 2764 613 2817 perfecte
643 2765 782 2820 legem
809 2767 1017 2821 implevit,
1047 2772 1089 2811 et
1115 2770 1252 2813 factus
1283 2774 1347 2813 est
1374 2786 1453 2826 pro
1483 2772 1606 2814 nobis
1637 2787 1804 2815 execra-

238 2835 313 2886 tio,
357 2834 448 2877 Gal.
489 2837 525 2878 3.
567 2837 628 2879 13.
666 2838 733 2880 Et
770 2838 912 2882 Deus
950 2841 1112 2884 misso
1151 2842 1297 2885 Filio
1328 2844 1386 2885 de
1415 2846 1640 2898 peccato
1671 2845 1804 2887 dam-

239 2906 392 2947 navit
428 2911 733 2962 peccatum,
771 2914 828 2952 ut
857 2912 1085 2964 justitia
1114 2914 1255 2968 legis
1284 2914 1612 2968 impleretur
1640 2915 1694 2958 in
1721 2930 1804 2959 no-

239 2976 344 3029 bis,
374 2977 497 3020 Rom.
527 2980 563 3031 8,
593 2981 630 3021 3.
659 2981 697 3023 4.
