1931 3224
562 96 626 140 DE
655 96 832 139 ANGEms
860 97 985 140 BON1s
1013 112 1060 140 Ac
1089 97 1233 140 MAms.
1596 102 1669 143 101

112 225 405 275 humanarum,
452 222 535 263 nisi
574 222 741 275 quando
781 236 857 275 per
899 222 1021 275 signa
1059 236 1102 263 se
1139 222 1338 275 produnt,
1378 238 1494 266 nam
1534 225 1673 267 Deus

111 296 267 338 novit
303 295 454 337 solus
483 294 649 336 corda
679 293 912 336 omnium
940 293 1192 336 filiorum
1221 293 1483 347 hominis,
1516 298 1536 337 1
1567 297 1674 351 Reg.

111 368 148 420 8,
178 368 241 409 39.
273 368 347 409 aut
376 365 664 419 cognitionem
694 367 853 407 certam
881 380 1023 407 rerum
1049 365 1290 407 futurarum
1319 367 1671 421 contingentium,

113 441 154 481 et
193 453 243 480 ex
283 438 461 480 arbitrio
500 437 722 479 hominum
750 437 816 479 vel
844 436 925 478 Dei
955 437 1161 491 singulari
1189 437 1457 491 providentia
1486 440 1674 492 penden-

110 508 231 558 tium,
272 508 354 549 nisi
398 508 564 560 quando
608 508 661 549 ab
705 522 753 549 eo
790 507 894 561 ipsis
931 508 1195 558 revelantur3
1234 509 1589 560 quemadmodum
1624 511 1673 552 de

111 579 177 621 die
210 579 359 633 judicii
394 579 498 632 ipsis
534 578 684 632 ignoto
723 578 915 620 Christus
951 579 1154 632 loquitur,
1191 579 1320 622 Marc.
1362 581 1421 633 13,
1461 582 1522 623 32.
1564 584 1605 623 et
1629 582 1672 623 in

110 665 264 705 genere
303 650 417 692 Deus
455 651 568 705 apud
606 650 870 705 Prophetam
908 650 1093 704 Esaiam,
1130 652 1194 703 44,
1235 653 1270 693 7.
1310 654 1512 694 testatur:
1544 654 1672 703 Quis

108 725 164 764 ut
194 737 287 776 ego
316 722 594 776 praedicit
625 724 676 764 et
704 722 915 764 indicat
943 722 1123 765 istud?
1154 726 1245 764 aut
1275 723 1496 765 ordinat
1523 724 1673 766 istud

108 794 240 836 mihi
284 810 343 836 ex
381 809 483 847 quo
524 793 774 847 disposui
812 794 1074 848 populum
1111 797 1406 848 aeternum,
1444 799 1499 837 ut
1539 811 1672 849 quae

106 865 294 908 futura
325 866 434 907 sint
463 868 553 907 aut
584 867 869 918 eventura,
901 865 1231 908 indicentur.
1529 915 1531 919 y

159 936 316 979 XXIII.
356 937 422 979 Ex
460 952 544 990 quo
583 937 799 979 evidenter
839 937 1122 990 consequitur,
1163 938 1353 992 Angelos
1392 954 1477 981 non
1517 955 1605 981 esse
1645 956 1669 982 a

106 1008 229 1050 nobis
265 1008 534 1060 invocandos,
576 1007 676 1061 quia
711 1008 825 1049 solus
862 1008 933 1050 ille
970 1008 1229 1050 invocandus
1268 1013 1343 1061 est,
1385 1011 1457 1063 qui
1488 1011 1671 1064 gemitus

107 1079 242 1122 cordis
286 1082 327 1121 et
369 1079 651 1133 cogitationes
696 1081 863 1121 nostras
905 1080 1037 1132 novit,
1080 1079 1203 1122 Rom.
1242 1081 1278 1133 8,
1318 1082 1381 1123 27.
1422 1084 1464 1123 et
1503 1082 1546 1123 111
1588 1098 1670 1135 quo

104 1153 324 1204 tamquam
369 1150 559 1192 omnium
600 1166 742 1193 rerum
784 1151 941 1193 sciente
985 1154 1026 1193 et
1068 1155 1244 1205 potente
1285 1153 1408 1208 plene
1446 1167 1670 1206 possumus

105 1222 326 1274 confidere,
355 1222 477 1264 Rom.
511 1223 572 1275 10,
605 1222 680 1275 14„
710 1225 758 1264 ut
783 1224 872 1276 jam
900 1226 1115 1265 taceamus
1145 1223 1408 1277 Angelorum
1441 1225 1600 1266 cultum
1629 1229 1670 1267 et

104 1294 395 1336 adorationem
436 1308 632 1347 expresse
671 1294 941 1336 condemnari
980 1294 1033 1335 ab
1072 1294 1284 1348 Apostolo
1323 1295 1469 1348 Paulo,
1509 1296 1668 1340 ColosS.

104 1367 142 1418 2,
168 1366 232 1407 18.
263 1367 305 1407 et
333 1365 386 1407 ab
414 1365 506 1420 ipso
536 1365 716 1420 Angelo,
747 1366 882 1420 Apoc.
915 1367 977 1419 19,
1007 1366 1070 1407 10.
1102 1369 1143 1408 et
1171 1368 1234 1419 22,
1265 1368 1301 1409 9.

158 1436 314 1479 XXIV.
352 1436 530 1479 Interim
569 1440 713 1480 tamen
742 1438 794 1480 ad
822 1438 1010 1480 fidelium
1039 1439 1374 1481 consolationem
1404 1442 1445 1481 et
1473 1456 1669 1494 praemu-

103 1508 311 1551 nitionem
337 1509 547 1563 discimus,
572 1510 761 1564 Angelos
786 1509 831 1551 in
856 1524 1010 1564 genere
1037 1511 1226 1552 omnium
1252 1511 1424 1553 omnino
1449 1512 1670 1554 hominum

104 1580 385 1633 singularium
422 1581 580 1623 habere
616 1582 829 1623 notitiam.
869 1582 972 1623 Mali
1012 1582 1121 1624 enim
1160 1582 1318 1636 Angeli
1357 1587 1587 1637 operantur
1625 1585 1668 1627 in

102 1651 199 1693 filiis
238 1653 543 1706 contumaciae,
573 1653 684 1707 Eph.
714 1655 752 1706 2,
781 1655 831 1706 2.,
863 1656 904 1695 et
935 1653 1028 1706 pios
1057 1653 1192 1695 instar
1222 1654 1393 1696 leonum
1421 1657 1668 1709 rugentium

103 1723 376 1776 circumeunt,
415 1724 436 1765 1
476 1723 567 1766 Pet.
604 1725 641 1776 5,
680 1724 716 1766 8.
754 1724 866 1766 Boni
902 1739 1001 1766 vero
1041 1724 1199 1778 Angeli
1227 1729 1526 1780 praeterquam
1557 1730 1668 1781 quod

104 1794 293 1836 omnium
330 1795 500 1849 piorum
538 1795 728 1837 custodia
764 1795 846 1837 illis
875 1796 931 1837 sit
961 1796 1196 1852 commissa,
1227 1796 1357 1838 Hebr.
1390 1798 1424 1839 1.
1455 1813 1560 1840 vers.
1590 1800 1665 1841 ult.

102 1867 147 1908 in
175 1866 324 1920 poenis
353 1881 378 1908 a
405 1866 497 1908 Deo
526 1866 768 1920 infligendis
791 1867 947 1920 impios
972 1883 997 1909 a
1023 1867 1105 1921 piis
1129 1872 1364 1921 secernunt,
1388 1869 1541 1911 Ezech.
1567 1872 1602 1923 9,
1628 1872 1665 1911 4.

104 1940 146 1980 et
182 1937 317 1991 Apoc.
357 1938 392 1990 7,
430 1938 467 1979 3.
497 1937 555 1979 Et
583 1938 734 1980 ultimo
765 1938 832 1980 die
861 1954 886 1980 a
917 1938 1086 1981 Christo
1116 1940 1435 1994 mittentur,
1466 1945 1519 1983 ut
1549 1957 1665 1984 con-

103 2012 338 2064 gregent
375 2010 581 2052 electos
621 2025 681 2052 ex
720 2013 956 2063 quatuor
994 2011 1176 2053 ventis
1209 2013 1368 2064 coeli,
1400 2014 1460 2055 ab
1492 2017 1663 2056 extre-

102 2096 181 2123 mo
219 2084 401 2124 terrae
438 2082 500 2123 ad
540 2084 838 2124 extremum
867 2082 1031 2135 coeli,
1060 2082 1190 2135 Marc,
1222 2084 1283 2135 13,
1315 2085 1377 2126 27.
1408 2088 1458 2126 et
1488 2087 1664 2127 omnia

103 2153 360 2196 scandala
389 2155 439 2195 et
468 2153 742 2196 facientes
770 2154 1130 2207 iniquitatem
1162 2156 1436 2210 colligant
1466 2172 1524 2198 ex
1548 2172 1662 2210 reg-

101 2240 166 2267 no
196 2226 333 2279 ejus,
363 2227 416 2266 et
445 2224 718 2277 abjiciant
746 2226 799 2267 in
830 2226 1099 2268 caminum
1127 2227 1297 2280 ignis,
1328 2226 1430 2268 Mat.
1462 2228 1523 2280 13,
1555 2229 1618 2269 41.

154 2295 289 2338 XXV.
319 2295 512 2339 Secunda
538 2295 730 2349 facultas,
762 2297 878 2339 omni
905 2300 1083 2340 naturae
1111 2298 1382 2357 intelligenti,
1411 2313 1459 2339 ac
1486 2299 1663 2351 proinde

102 2370 144 2409 et
181 2367 359 2421 Angelis
397 2369 655 2421 competens,
687 2370 751 2409 est
778 2368 985 2421 voluntas,
1018 2369 1068 2410 de
1098 2384 1181 2421 qua
1209 2384 1295 2411 non
1324 2369 1462 2410 minus
1492 2384 1659 2422 quoque

102 2437 265 2479 curiose
304 2439 536 2493 disputant,
566 2454 693 2492 quam
721 2440 945 2483 temerarie
976 2444 1095 2483 extra
1124 2440 1367 2494 Scripturas
1397 2441 1529 2481 multa
1560 2441 1660 2482 defi-

101 2509 224 2551 niunt
252 2509 517 2553 Scholastici.

154 2582 310 2626 XXVI.
350 2583 442 2625 Nos
479 2598 592 2637 vero,
632 2587 680 2626 ut
714 2585 827 2627 intra
857 2586 1036 2638 eosdem,
1069 2600 1174 2638 quos
1205 2588 1328 2627 antea
1356 2586 1478 2628 nobis
1507 2586 1660 2639 praefi-

100 2657 238 2699 ximus
289 2656 459 2709 limites,
512 2671 768 2709 maneamus,
809 2657 1093 2711 agnoscimus,
1130 2658 1320 2711 Angelos
1360 2673 1383 2699 a
1420 2657 1557 2711 prima
1597 2659 1660 2700 sui

102 2729 314 2771 creatione
354 2743 440 2771 non
482 2728 621 2771 minus
665 2729 798 2772 libera
841 2731 1063 2773 voluntate
1100 2732 1228 2773 fuisse
1266 2730 1494 2784 praeditos,
1532 2746 1658 2783 quam

100 2801 308 2853 homines,
337 2802 423 2843 imo
451 2816 551 2844 vero
581 2816 629 2844 eo
661 2817 828 2856 quoque
856 2804 1070 2856 liberiore,
1102 2817 1184 2856 quo
1209 2803 1448 2845 intellectus
1475 2805 1516 2844 et
1540 2818 1659 2845 sanc-

100 2873 238 2915 titatis
265 2874 530 2927 praestantia
559 2874 714 2916 eisdem
743 2875 1013 2917 antecellunt.

153 2943 329 2985 XXVII.
355 2945 478 2988 Hanc
501 2946 744 2989 libertatem
766 2947 950 2990 fatemur
976 2946 1104 2990 etiam
1128 2946 1208 2989 hac
1230 2947 1274 2989 in
1296 2962 1342 2989 re
1366 2947 1491 2990 sitam
1515 2947 1657 2999 fuisse,
