1931 3224
289 192 339 231 36
890 188 1128 229 DISPUTATIO
1158 183 1231 226 IV.

288 313 669 354 ‚lzecitationes
713 311 1072 354 salutationis
1111 306 1412 360 Angelicae
1451 305 1516 346 ad
1552 304 1834 358 Virginem

288 384 518 425 Mariam.
562 383 650 426 Nec
692 399 775 425 non
817 382 1077 432 Canones,
1121 379 1193 432 qui
1232 377 1376 430 (sicuti
1415 379 1457 418 et
1491 377 1835 430 praecedentium

287 455 559 497 traditionum
612 454 851 509 pleraeque)
904 450 1127 506 Apostolis
1179 465 1203 491 a
1253 447 1491 490 Pontificiis
1542 448 1652 491 falso
1706 449 1834 491 ascri—

286 527 453 568 buntur.

338 597 492 639 XXXI.
536 597 621 637 Alii
663 597 772 638 enim
810 611 859 637 ex
896 595 1095 636 Patribus
1133 594 1323 636 Canones
1360 593 1456 635 illos
1485 593 1530 634 in
1557 594 1697 635 totum
1725 594 1835 634 tam-

288 684 412 720 quam
448 668 702 709 adulterinos
732 668 975 719 rejecerunt,
1007 666 1080 708 alii
1110 666 1274 718 aliquot
1304 664 1511 706 duntaxat
1540 679 1590 706 ex
1619 664 1671 706 iis
1701 663 1835 706 admi-

287 742 439 791 serunt,
468 742 515 780 ut
543 739 680 780 videre
709 741 772 780 est
801 738 911 792 apud
941 737 1242 792 Zephyrinum,
1270 739 1311 778 et
1339 735 1590 778 Gratianum
1612 736 1657 777 in
1673 736 1707 777 1.
1723 738 1835 790 part.

286 810 434 851 decret.
473 810 566 850 dist.
606 810 666 851 16.
704 809 791 850 Alii
829 824 899 851 eos
927 809 1217 861 immutarunt,
1246 811 1294 850 ut
1322 810 1443 862 patet
1471 822 1521 849 ex
1552 823 1585 849 0.
1615 808 1652 849 6.
1683 807 1835 850 Sextae

285 880 463 933 Synodi3
503 881 636 932 qualis
675 883 737 923 est
774 881 884 922 inter
921 883 1081 922 ceteros
1120 879 1264 922 Canon
1301 880 1364 921 68.
1395 894 1479 932 quo
1505 879 1691 932 jubetur,
1722 877 1835 920 Ole-

286 953 446 993 1101111]
501 953 972 1006 quadragesimam
1021 967 1124 994 non
1161 953 1524 1005 jejunantem,
1569 950 1836 1004 deponen-

286 1022 419 1073 dum,
449 1022 647 1064 laicum
675 1038 795 1064 vero
827 1023 1203 1065 communione
1231 1022 1568 1076 privandum.

338 1092 513 1134 XXXII.
566 1092 732 1136 Ceteras
785 1109 952 1147 quoque
994 1093 1246 1136 traditiones
1289 1109 1418 1148 supra
1458 1095 1702 1136 numeratas
1744 1107 1834 1135 esse

284 1164 539 1205 adulterinas
578 1167 618 1206 et
658 1166 966 1218 supposititias,
996 1166 1063 1207 vel
1093 1181 1143 1207 ex
1174 1180 1222 1208 eo
1253 1167 1433 1218 constat,
1465 1165 1579 1218 quod
1605 1164 1835 1219 pleraeque

285 1250 425 1277 earum
464 1235 528 1288 (ut
561 1250 687 1289 supra
725 1236 1021 1289 indicavimus)
1053 1237 1223 1291 scriptis
1252 1237 1516 1291 Apostolicis
1547 1251 1598 1278 ex
1627 1236 1834 1278 diametro

285 1307 564 1348 adversentur.
618 1307 897 1360 Quaecunque
949 1310 1091 1350 autem
1142 1309 1194 1351 ab
1248 1308 1486 1363 Apostolis,
1528 1308 1595 1350 vel
1638 1313 1721 1359 ore,
1768 1307 1836 1349 vel

284 1380 442 1433 scripto
483 1381 578 1420 sunt
616 1379 784 1432 tradita,
825 1380 905 1421 sibi
933 1380 1114 1422 invicem
1141 1381 1370 1434 utrobique
1401 1382 1498 1422 sunt
1529 1394 1728 1431 consona,
1765 1381 1834 1420 ut-

282 1453 383 1504 pote
420 1451 472 1491 ab
512 1466 593 1492 uno
631 1451 859 1503 eodemque
896 1450 1059 1504 Spiritu
1091 1452 1285 1494 veritatis
1313 1452 1485 1503 dictata,
1517 1451 1590 1504 qui
1619 1451 1700 1493 sibi
1728 1465 1834 1492 nun-

284 1536 409 1573 quam
438 1521 698 1573 contradicit,
729 1536 875 1574 neque,
906 1522 984 1564 ita
1013 1525 1063 1564 et
1092 1538 1214 1575 11011,
1242 1526 1314 1566 aut
1337 1523 1502 1566 nullam
1525 1512 1834 1578 repugnantiae

282 1592 474 1645 speciem,
512 1593 554 1633 in
584 1593 888 1646 Apostolorum
918 1593 1110 1636 doctrina
1138 1595 1319 1637 inveniri
1347 1596 1496 1648 voluit,
1526 1596 1550 1637 2
1581 1594 1674 1637 Cor.
1704 1595 1740 1646 1,
1771 1595 1832 1636 19.

334 1662 531 1705 XXXIII.
569 1662 659 1706 Nec
687 1665 1040 1717 praetereundum
1069 1669 1145 1719 est,
1176 1667 1288 1720 quod
1317 1666 1534 1710 Pontificii
1562 1668 1607 1709 in
1633 1667 1717 1709 ista
1744 1668 1832 1708 tra-

283 1734 490 1776 ditionum
517 1749 602 1775 non
632 1735 884 1788 scriptarum
913 1737 1229 1780 enumeratione
1258 1738 1339 1780 sibi
1369 1738 1677 1780 contradicunt.
1707 1737 1833 1790 Nam,

283 1807 330 1845 ut
367 1805 548 1857 reliquas
576 1821 686 1847 nunc
714 1809 1037 1860 praetereamus,
1068 1807 1365 1862 Cajetanus
1394 1809 1551 1852 Missae
1581 1809 1835 1852 sacrificium

282 1876 581 1918 traditionibus
609 1877 869 1931 Apostolicis
906 1894 992 1921 non
1031 1880 1202 1934 scriptis
1241 1881 1427 1933 ascribit,
1452 1882 1496 1923 in
1522 1896 1613 1935 cap.
1638 1882 1663 1922 2
1687 1880 1833 1923 Thess.

283 1947 319 1998 2,
348 1947 384 1988 2.
414 1946 713 1989 Bellarmin
724 1964 779 1990 us
808 1964 907 1992 vero
935 1950 1039 1992 illud
1066 1951 1111 1993 in
1140 1950 1181 1994 S.
1212 1950 1366 2006 Script.
1396 1953 1598 2006 praecipi,
1630 1968 1680 1995 ex
1705 1953 1833 1995 variis

282 2017 406 2069 hujus
435 2018 538 2059 locis
568 2019 747 2071 probare
774 2021 943 2074 satagit,
973 2021 1062 2064 Lib.
1093 2023 1128 2064 1.
1159 2022 1209 2064 de
1238 2021 1370 2065 Missa
1400 2039 1432 2065 0.
1461 2024 1498 2066 6.
1528 2026 1570 2066 et
1599 2038 1716 2077 seqq.

336 2087 532 2130 XXXIV.
560 2088 806 2132 Notandum
829 2094 1060 2146 praeterea,
1087 2094 1200 2146 quod
1234 2094 1451 2137 Pontificii
1486 2098 1687 2149 asserant,
1713 2095 1833 2150 Apo-

284 2159 414 2200 stolos
441 2174 526 2201 non
556 2162 695 2202 omnia
724 2162 803 2203 sibi
832 2177 855 2203 a
880 2162 972 2205 Deo
996 2165 1182 2207 revelata
1206 2180 1301 2207 cum
1326 2166 1521 2208 omnibus
1550 2167 1637 2208 suis
1666 2166 1833 2208 audito·
1869 2161 1874 2162 ⁷

283 2230 397 2271 ribus
432 2232 769 2284 communicasse,
799 2233 871 2275 sed
899 2235 1105 2287 quaedam
1133 2236 1276 2290 palam
1305 2239 1347 2279 et
1375 2238 1594 2290 universis,
1625 2237 1834 2291 quaedam

285 2304 443 2342 secreto
484 2304 524 2343 et
561 2303 704 2354 paucis
744 2303 1026 2348 demandasse.
1060 2306 1197 2356 Quam
1224 2309 1502 2352 assertionem
1530 2309 1830 2362 Tertullianus

284 2370 372 2412 Lib.
399 2372 447 2413 de
475 2374 804 2427 praescriptione
829 2377 1025 2420 adversus
1053 2378 1303 2434 haereticos,
1336 2396 1422 2424 non
1451 2381 1665 2424 immerito
1693 2381 1834 2435 ipsam

284 2442 392 2483 dem
405 2458 425 2484 e
435 2458 462 2484 n
473 2445 514 2485 ti
527 2459 550 2485 a
561 2459 603 2485 111
630 2449 857 2500 nuncupat.

336 2512 508 2555 XXXV.
548 2514 635 2557 Ista
672 2518 782 2558 enim
821 2520 1052 2562 assertione
1083 2521 1284 2575 Apostoli
1311 2538 1398 2566 non
1427 2524 1615 2577 obscure,
1646 2522 1832 2578 perfidae

284 2586 409 2635 atque
450 2584 744 2628 inexcusabilis
785 2589 1096 2633 inobedientiae
1136 2592 1447 2648 insimulantur,
1487 2595 1607 2648 quasi
1644 2595 1833 2647 aliquam

284 2656 447 2706 partem
484 2657 779 2708 mysteriorum
813 2659 893 2701 sibi
930 2676 954 2702 a
982 2660 1074 2704 Deo
1103 2664 1397 2719 revelatorum,
1427 2669 1475 2708 ut
1504 2681 1553 2708 ea
1582 2666 1777 2709 omnibus
1807 2680 1832 2707 a

284 2740 325 2762 se
364 2725 630 2768 instituendis
669 2743 745 2781 pro
784 2732 968 2772 muneris
1006 2733 1087 2774 sibi
1122 2734 1301 2786 injuncti
1334 2737 1588 2779 necessitate
1617 2728 1831 2790 pateface-

284 2798 388 2847 rent,
431 2796 581 2838 Matth.
626 2800 685 2851 10,
731 2800 793 2842 27.
837 2803 879 2842 et
921 2802 983 2854 28,
1029 2803 1090 2845 19.
1135 2807 1226 2847 tum
1262 2807 1306 2848 in
1345 2808 1631 2862 concionibus,
1666 2810 1760 2851 tum
1785 2807 1831 2848 in

286 2865 453 2918 scriptis
492 2868 575 2908 suis
604 2870 978 2921 praetermiserint.
1009 2872 1130 2922 Quod
1158 2878 1206 2917 ut
1234 2880 1364 2931 negat
1393 2879 1630 2932 Apostolus
1660 2879 1829 2930 Paulus,

285 2934 378 2976 Act.
407 2937 468 2988 20,
497 2938 559 2981 27.
589 2940 647 2981 sic
676 2942 932 2984 contrarium
959 2949 1183 3000 asseverat,
1216 2947 1236 2988 1
1267 2947 1361 2991 Cor.
1392 2949 1426 3003 1,
1457 2951 1494 2992 5.
1522 2951 1559 2993 6.
1590 2953 1632 2993 et
1661 2950 1830 3004 15,1.2.
1883 2969 1894 2973 ‘
1928 2921 1931 2928 Ι

285 3004 304 3045 1
336 3005 480 3047 Thess.
512 3008 547 3059 1,
577 3008 612 3049 5.
642 3009 665 3049 2
695 3010 839 3054 Thess.
868 3013 996 3073 2,·13.
1027 3015 1089 3057 14.
1120 3017 1181 3059 15.
