1931 3224
248 142 326 182 290
814 137 1057 178 DisrurATm
1087 133 1241 176 XXIX.

248 263 477 319 patefactio
516 264 704 305 caritatis
733 263 821 315 ejus
851 274 1051 312 summae,
1081 261 1128 300 ut
1158 259 1230 311 qui
1258 271 1337 310 pro
1366 256 1548 298 inimicis
1577 256 1662 298 suis
1691 273 1805 300 mor-

250 340 347 378 tuus
379 338 453 387 est,
482 334 605 376 Rom.
640 335 676 386 5,
707 335 743 375 6.

300 406 479 449 XXXII.
519 406 666 456 Quoad
693 419 770 446 nos
801 403 992 456 denique,
1024 404 1065 443 et
1092 400 1227 442 finis
1254 399 1479 441 infimus
1508 414 1599 442 seu
1627 401 1806 453 proxi-

249 494 381 531 mus,
420 481 483 520 est
520 477 656 520 nostri
684 475 924 529 pacificatio
956 476 997 515 et
1026 473 1199 524 sanitaS,
1229 471 1301 513 Es.
1331 471 1394 523 53,
1425 472 1462 513 5.
1494 470 1805 525 Castigatio

247 550 709 603 pacificationum
764 548 1072 588 nostrarum
1130 558 1290 596 super
1341 557 1476 594 eum,
1529 544 1578 584 et
1627 542 1807 584 livore

249 622 361 674 ejus
394 620 719 662 medicatum
748 619 827 659 est
856 615 1026 658 nobis.
1056 613 1165 656 Item
1188 613 1452 667 justificatio,
1480 612 1538 655 In
1569 612 1808 655 scientia

248 692 330 733 sui
363 689 714 744 justificabit
748 690 933 741 justus
972 701 1162 728 servus
1190 699 1335 727 meus
1366 684 1586 736 multos,
1617 686 1694 726 etc.
1726 683 1807 733 Qui

246 762 341 804 finis
385 762 582 803 disertius
620 761 664 801 in
700 759 755 802 N.
796 759 909 801 Test.
954 758 1203 812 explicatur,
1248 757 1399 810 utpote
1432 755 1594 810 ἄφεσις,
1625 754 1807 797 remis-

247 834 327 875 sio
357 835 728 886 peccatorum,
757 831 881 872 Matt.
911 831 975 882 26,
1006 830 1068 871 28.
1100 828 1309 877 ἀθέτησις,
1341 827 1582 870 abolitio
1613 829 1663 868 et
1691 826 1807 882 sub-

244 906 383 946 latio
426 904 665 957 peccati,
708 902 840 944 Hebr.
883 902 920 952 9,
964 902 1027 943 26.
1066 901 1129 943 23.
1170 899 1349 953 πάρεσις,
1381 898 1731 941 transmissio
1757 900 1808 940 et

246 976 478 1027 laxatio,
519 975 642 1017 Rom.
681 976 717 1016 3.
756 974 1014 1017 Justificatio
1053 976 1094 1015 et
1132 973 1316 1014 servatio
1355 971 1408 1013 ab
1446 971 1522 1023 ira,
1551 970 1673 1012 Rom.
1703 970 1740 1021 5,
1769 970 1806 1010 9.

246 1046 423 1088 Justitia
452 1046 544 1098 Dei,
577 1048 600 1087 2
631 1045 723 1088 Cor.
755 1046 791 1097 5,
822 1045 884 1086 21.
914 1043 1178 1095 Benedictio,
1208 1042 1297 1085 Gal.
1327 1043 1364 1094 3,
1395 1043 1457 1084 13.
1483 1040 1738 1094 Redemptio
1763 1039 1808 1081 in

247 1121 343 1159 actu
372 1133 444 1160 seu
474 1118 666 1169 salvatio,
697 1117 806 1170 Eph.
839 1117 874 1168 1,
906 1117 941 1157 7.
973 1115 1058 1157 Col.
1090 1116 1124 1167 1,
1157 1115 1220 1156 14.
1249 1114 1558 1156 Reconciliatio
1584 1128 1678 1155 cum
1701 1111 1806 1164 Deo,

248 1188 335 1230 Col.
375 1190 410 1241 1,
450 1190 511 1230 20.
552 1189 661 1243 Eph.
691 1190 727 1231 2.
759 1188 875 1237 Quae
904 1188 1045 1230 omnia
1069 1187 1367 1229 liberationem
1397 1202 1421 1228 a
1449 1200 1598 1240 poena,
1629 1199 1702 1226 3011
1727 1184 1807 1226 im-

246 1262 486 1314 punitatem
516 1261 744 1302 declarant.

299 1331 497 1373 XXXIII.
529 1331 639 1380 Quin
669 1334 709 1373 et
733 1331 963 1384 justitia
993 1333 1043 1372 et
1071 1331 1342 1372 sanctitas
1369 1329 1663 1371 inhaerens
1694 1340 1807 1369 com-

245 1403 532 1456 prehenditur,
571 1404 821 1458 praesertim
858 1404 910 1444 iis
945 1403 1062 1454 locis,
1091 1403 1135 1444 in
1165 1403 1318 1455 quibus
1347 1399 1705 1443 communioribus
1733 1412 1808 1440 vo-

245 1473 362 1516 cibus
389 1473 609 1526 Scriptura
638 1474 786 1526 utitur,
817 1477 864 1515 ut
895 1475 990 1516 dum
1023 1473 1215 1515 Christus
1241 1475 1413 1527 ejusque
1439 1471 1624 1525 sanguis,
1651 1470 1808 1512 scilicet

245 1545 411 1596 effusus,
450 1559 526 1586 nos
555 1559 753 1598 purgare,
783 1545 804 1586 1
835 1544 928 1586 Ρο13.
961 1546 996 1597 1,
1026 1546 1063 1586 2.
1091 1545 1308 1596 mundare,
1340 1545 1360 1585 1
1392 1543 1490 1586 Joh.
1521 1543 1557 1595 1,
1588 1543 1624 1584 7.
1652 1542 1806 1593 lavare,

245 1616 380 1670 Apoc.
420 1618 455 1668 1,
493 1617 529 1658 5.
570 1632 593 1658 a
621 1616 807 1670 peccatis
838 1616 1013 1667 dicitur3
1046 1616 1198 1669 quibus
1226 1615 1365 1669 primo
1396 1617 1438 1656 et
1465 1614 1671 1668 primario
1700 1613 1808 1655 libe-

244 1688 353 1730 ratio
395 1704 418 1729 a
456 1703 604 1742 poena,
642 1688 740 1730 inde
770 1690 811 1729 et
841 1688 1079 1730 emendatio
1106 1690 1147 1729 et
1176 1687 1455 1729 sanctificatio
1486 1685 1616 1728 animi
1645 1683 1807 1738 signifi-

245 1761 376 1801 catur.
419 1759 510 1801 Imo
558 1759 755 1801 distincte
797 1761 1025 1812 utrumque
1069 1758 1354 1812 conjungitur,
1399 1757 1482 1800 Tit.
1526 1758 1562 1809 3,
1603 1756 1664 1798 14.
1711 1754 1809 1804 Qui

245 1831 394 1873 dedit
437 1831 930 1884 semetipsumvpro
972 1830 1132 1872 nobis
1178 1833 1235 1871 ut
1273 1829 1566 1871 redimeret
1608 1843 1703 1870 nos
1746 1826 1808 1869 ab

246 1903 387 1954 omni
429 1902 756 1955 iniquitate,
796 1904 846 1943 et
889 1901 1224 1955 purificavit
1262 1901 1369 1942 sibi
1405 1900 1516 1954 ipsi
1548 1899 1808 1954 populum

244 1972 600 2027 peculiarem,
632 1972 937 2014 studiosum
966 1972 1229 2014 bonorum
1258 1987 1492 2026 operum.

299 2043 497 2086 XXXIV.
527 2044 670 2096 Atque
699 2044 803 2086 haec
833 2044 882 2085 de
915 2043 1217 2103 satisfactionis
1247 2043 1402 2094 causis3
1429 2058 1479 2085 ex
1504 2057 1684 2096 quarum
1708 2056 1807 2084 con-

245 2115 500 2158 sideratione
526 2118 705 2169 apparet
731 2118 772 2157 et
797 2116 887 2168 ejus
915 2115 1242 2164 necessitas,
1268 2130 1399 2168 eaque
1416 2114 1699 2168 duplexztum
1724 2114 1807 2155 ab·

244 2187 446 2238 soluta,
487 2187 627 2239 quoad
657 2186 737 2228 Dei
765 2189 975 2238 naturam,
1006 2201 1089 2239 qua
1116 2202 1202 2228 non
1230 2186 1356 2228 modo
1386 2188 1619 2240 peccatum,
1648 2188 1696 2227 ut
1725 2185 1808 2227 sibi

245 2258 479 2310 adversum,
518 2273 680 2299 3111111110
719 2257 809 2299 odit
848 2260 890 2299 et
928 2260 1158 2310 execratur,
1199 2258 1271 2299 sed
1309 2260 1351 2299 et
1379 2257 1640 2299 severissime
1668 2256 1806 2309 punit,

243 2329 355 2371 unde
399 2331 441 2371 et
482 2329 570 2370 sine
614 2328 903 2371 satisfactione
947 2344 1035 2372 esse
1073 2345 1160 2371 non
1197 2329 1340 2382 potuit
1378 2329 1527 2383 culpae
1565 2331 1606 2370 et
1643 2342 1807 2382 poenae

243 2400 457 2451 remissi03
495 2402 587 2441 tum
629 2400 1018 2454 hypothetica,
1060 2416 1155 2453 qua,
1192 2403 1240 2442 ut
1278 2401 1464 2442 decrevit
1490 2402 1627 2442 morte
1654 2399 1806 2453 punire

244 2474 523 2526 peccatorem,
564 2472 791 2513 secundum
829 2472 947 2524 illud,
984 2472 1159 2514 Morte
1195 2472 1469 2524 morieris,
1504 2472 1565 2514 ita
1595 2473 1636 2514 013
1665 2471 1806 2513 decre-

244 2542 308 2583 vit
336 2543 394 2585 sic
424 2545 466 2584 et
493 2542 575 2584 hoc
604 2543 743 2594 modo,
773 2557 849 2596 per
877 2545 1058 2585 mortem
1089 2543 1247 2585 scilicet
1274 2542 1375 2585 Filii
1400 2544 1465 2585 sui
1490 2543 1571 2585 sibi
1596 2542 1805 2594 satisfieri,

246 2616 287 2655 et
330 2614 501 2666 quidem
543 2614 642 2656 huic
685 2617 812 2667 atque
853 2614 916 2656 illi
958 2615 1076 2656 illam
1118 2615 1304 2670 impendi
1346 2615 1501 2666 voluit;
1546 2614 1620 2667 qui
1654 2613 1805 2655 modus

245 2684 403 2726 decreti
442 2685 574 2727 divini
617 2688 693 2737 est,
738 2688 779 2727 et
821 2684 992 2738 quidem
1034 2686 1185 2727 eximie
1227 2685 1456 2728 secundum
1493 2684 1726 2738 sapientiae
1764 2687 1806 2726 et

240 2755 431 2807 ι1113131110ιο
474 2772 573 2798 suae
616 2757 827 2799 rationem
870 2757 1049 2810 agentis.
1093 2756 1160 2798 Ita
1201 2759 1250 2799 ut
1291 2757 1406 2799 Deus
1447 2757 1518 2798 hic
1555 2757 1691 2811 egerit
1719 2771 1805 2800 non

245 2826 370 2869 modo
408 2830 456 2869 ut
493 2827 694 2870 Rector
732 2828 804 2870 sed
842 2831 884 2870 et
921 2830 969 2869 ut
1008 2828 1197 2870 omnium
1231 2828 1574 2882 justissimus
1610 2827 1803 2881 Judex,

247 2896 348 2939 Gen.
380 2898 442 2950 18,
474 2900 535 2941 15.
564 2899 687 2941 Rom.
718 2901 754 2951 1,
782 2900 848 2941 32.
878 2903 920 2942 013
949 2901 987 2953 3,
1018 2901 1054 2942 5.
1085 2901 1122 2942 6.
1153 2901 1177 2941 2
1203 2899 1349 2947 Thess.
1380 2902 1416 2953 1,
1445 2900 1482 2941 5.
1511 2900 1547 2941 6.

298 2967 474 3010 XXXV.
518 2968 713 3012 Ceterum
758 2971 808 3012 de
847 2970 1146 3014 Satisfactione
1185 2972 1356 3025 quidem
1391 2971 1461 3013 hic
1505 2969 1680 3024 egimus,
1722 2984 1805 3023 qua
