1931 3224
236 148 314 188 396
770 142 1010 183 DISPUTATIO
1044 141 1264 183 XXXVII.

238 272 274 322 7,
303 271 358 323 6.)
386 269 492 311 illud
521 270 800 310 externum
829 269 880 308 et
910 266 1224 319 corporale,
1250 281 1345 308 cum
1371 266 1546 319 reliquis
1561 266 1667 320 legis
1685 282 1797 309 cere-

235 340 389 382 moniis
417 340 462 380 in
489 337 599 380 Nov.
630 337 744 379 Test.
775 337 1045 389 antiquatum
1075 352 1161 378 non
1191 340 1267 379 est.

289 409 440 451 XLIII.
471 408 556 450 Ita
583 411 762 449 tamen
789 407 1026 449 Divinae
1056 409 1137 449 est
1165 407 1573 461 institutionis,
1601 411 1657 451 ut
1686 410 1797 451 uni-

235 481 435 524 versim
489 479 725 533 quidem,
780 480 832 519 at
875 477 1084 519 liberae
1129 478 1201 519 sit
1243 479 1533 520 secundum
1575 479 1798 522 circum-

236 553 478 595 stantias
523 549 929 603 dispositionis
972 549 1134 591 Verum
1175 549 1218 590 in
1261 549 1313 592 V.
1357 549 1470 592 Test.
1501 566 1658 592 unum
1686 554 1798 593 tan-

235 629 345 667 tum
388 640 437 666 ex
482 623 624 665 divina
667 621 950 675 descriptione
994 623 1196 662 statum
1238 623 1289 662 et
1330 622 1670 664 ordinarium
1708 639 1799 665 seu

236 694 669 738 anniversarium
701 693 828 744 fuit,
860 692 973 744 quod
1003 692 1165 733 decima
1194 691 1365 744 septimi
1393 693 1548 733 mensis
1590 693 1698 734 festo
1728 708 1799 735 ex-

234 768 437 822 piationis
481 767 559 818 die,
604 766 647 806 in
690 765 815 806 domo
854 763 1030 805 Domini
1063 762 1292 804 solenniter
1323 764 1563 816 quotannis,
1593 779 1727 816 usque
1756 764 1800 806 in

234 854 454 893 vesperam
496 836 803 887 celebrabatur,
847 835 944 877 LeV.
988 835 1048 876 16.
1093 837 1134 876 et
1172 835 1235 876 23.
1274 834 1341 875 Ex
1378 834 1647 876 institutione
1676 850 1799 877 vero

235 911 517 952 Ecclesiae
555 910 600 950 in
636 907 886 961 captivitate
916 906 1180 960 Babylonica
1209 906 1441 959 existentis,
1471 906 1554 948 fuit
1583 906 1611 948 J
1615 907 1800 960 ejuniuni

236 982 388 1024 decimi
414 981 569 1023 mensis
597 981 641 1021 in
669 978 918 1021 memoriam
947 978 1154 1029 obsessae,
1187 978 1328 1030 quarti
1353 981 1634 1033 expugnatae,
1661 979 1800 1031 quinti

236 1053 447 1095 desolatae
496 1052 614 1093 urbis
666 1050 914 1103 Jerusalem,
967 1050 1137 1102 septimi
1180 1050 1361 1103 denique
1404 1051 1541 1092 caedis
1585 1050 1799 1104 Godoliae‚

237 1139 366 1177 quam
403 1124 562 1165 multae
600 1122 862 1164 calamitates
901 1124 1151 1163 consecutae
1191 1123 1302 1172 sunt,
1337 1123 1361 1162 2
1390 1120 1496 1174 Reg.
1527 1122 1589 1162 25.
1619 1121 1706 1164 Jer.
1737 1122 1800 1163 52.

237 1195 362 1237 Zach.
401 1195 437 1246 5,
476 1195 513 1235 2.
552 1196 593 1235 et
630 1194 667 1245 8,
698 1194 760 1234 19.
792 1192 954 1242 Quibus
985 1192 1147 1234 accedit
1176 1207 1201 1233 a
1229 1192 1512 1234 Mardochaeo
1541 1192 1799 1244 institutum,

237 1269 279 1308 et
303 1282 327 1307 a
346 1265 522 1307 Judaeis
547 1267 788 1319 susceptum
813 1264 1086 1317 jejunium
1111 1264 1403 1314 Estherae,
1434 1263 1555 1304 Esth.
1585 1265 1622 1315 9,
1647 1263 1711 1305 31.
1736 1265 1800 1305 32.

237 1338 428 1387 Quorum
456 1337 570 1386 illud,
599 1339 646 1377 ut
675 1335 966 1387 ceremoniale,
997 1335 1101 1376 haec
1126 1349 1225 1376 vero
1250 1336 1297 1375 ut
1322 1334 1588 1388 temporalia,
1615 1336 1657 1376 et
1682 1334 1801 1388 genti

234 1409 296 1451 illi
325 1424 403 1462 pro
431 1411 625 1462 tempore
653 1407 843 1460 propria,
873 1406 1082 1459 abrogata
1111 1409 1221 1457 sunt,
1251 1405 1377 1447 Zach.
1409 1406 1445 1457 8,
1475 1406 1538 1447 19.

288 1480 440 1523 XLIV.
476 1479 527 1521 In
564 1479 690 1521 Novo
719 1493 820 1520 vero
850 1478 962 1520 Test.
993 1478 1202 1519 nullum
1232 1478 1404 1519 omnino
1435 1479 1645 1519 certum
1667 1478 1803 1531 jeju-

235 1553 313 1594 nii
349 1555 561 1605 tempus
591 1566 614 1592 a
644 1550 812 1592 Christo
843 1552 885 1591 et
912 1549 1136 1603 Apostolis
1165 1551 1228 1591 est
1257 1550 1492 1602 definitum,
1523 1550 1595 1591 sed
1622 1549 1803 1592 liberum

234 1625 442 1676 relictum,
472 1625 520 1664 ut
547 1623 659 1664 idem
685 1624 870 1663 testatur
898 1621 1081 1674 August.
1111 1620 1247 1675 Epist.
1278 1621 1341 1662 86.
1370 1620 1566 1673 Illudque
1594 1636 1802 1675 usurpan-

236 1697 348 1748 dum,
378 1698 426 1737 ut
455 1695 689 1747 loquuntur
719 1693 831 1746 apud
861 1692 1036 1734 Tertull.
1065 1691 1156 1733 Lib.
1186 1692 1236 1733 de
1261 1691 1433 1743 Jejunio
1459 1691 1801 1744 Orthodoxi,in-

236 1767 568 1809 differenter
607 1780 666 1807 ex
705 1764 970 1815 arbitrio,
1010 1778 1113 1805 non
1152 1751 1211 1804 ex
1238 1763 1472 1817 imperio
1501 1778 1670 1805 novae
1702 1763 1802 1804 dis-

237 1838 498 1892 ciplinae,
537 1851 632 1891 pro
671 1824 1016 1888 temporibus
1056 1836 1106 1875 et
1135 1835 1315 1876 causis
1344 1835 1802 1888 uniuscujusque,

234 1909 279 1951 id
330 1911 405 1960 est,
457 1922 535 1961 pro
585 1908 751 1949 ratione
794 1921 1001 1961 personae
1042 1906 1263 1958 firmioris;
1306 1907 1524 1961 temporis,
1571 1906 1802 1960 plurimum

234 1982 393 2032 luctus;
432 1981 506 2032 rei,
543 1979 769 2021 incidentis
806 1982 849 2021 et
885 1979 1090 2032 urgentis,
1126 1978 1337 2032 gravioris
1369 1979 1545 2031 alicujus
1574 1993 1629 2020 sc.
1658 1993 1802 2020 neces-

236 2053 387 2105 sitatiS,
416 2052 539 2094 Matt.
569 2053 606 2103 9,
636 2052 699 2093 15.
728 2051 859 2092 Marc.
889 2052 925 2102 2,
956 2051 1018 2092 20.
1049 2049 1146 2091 Luc.
1178 2051 1214 2101 5,
1244 2050 1307 2091 34.
1338 2049 1533 2102 publicae
1564 2049 1630 2091 vel
1658 2049 1801 2102 priva-

235 2126 316 2176 tae,
346 2123 581 2179 praesentis
609 2123 676 2164 vel
705 2122 988 2173 imminentis3
1019 2123 1060 2163 et
1090 2121 1260 2174 quidem
1289 2121 1523 2174 spiritualis
1555 2122 1621 2163 vel
1651 2136 1802 2175 corpo-

235 2194 337 2235 ralis
365 2194 467 2236 boni
497 2193 729 2245 obtinendi,
759 2194 827 2234 vel
854 2193 955 2234 mali
985 2192 1202 2234 avertendi
1228 2207 1364 2244 causa,
1388 2192 1516 2245 idque
1541 2193 1630 2234 sine
1655 2207 1802 2246 super-

236 2265 404 2307 stitiosa
432 2265 640 2318 temporis
669 2279 716 2306 ac
746 2265 908 2306 dierum
940 2264 1250 2306 observatione.

289 2336 416 2378 XLV.
459 2336 584 2379 Unde
627 2352 651 2378 a
694 2351 820 2378 causa
860 2338 901 2377 et
932 2335 1228 2378 observatione
1253 2335 1416 2388 jejunii,
1448 2335 1596 2377 aliud
1623 2335 1802 2388 priva-

235 2412 365 2461 tum,
397 2408 545 2450 aliud
573 2408 865 2462 publicum.
894 2407 1003 2449 Illud
1032 2408 1145 2460 quod
1174 2407 1378 2461 privatim
1402 2406 1447 2448 in
1470 2407 1639 2460 privata
1663 2421 1801 2459 causa,

235 2482 302 2524 vel
344 2497 419 2523 sua
461 2482 527 2523 vel
570 2481 743 2523 alterius
785 2480 929 2532 initur,
976 2480 1084 2521 Dan.
1118 2481 1155 2531 9,
1195 2480 1232 2521 3.
1263 2482 1304 2521 et
1342 2480 1405 2530 10,
1436 2480 1471 2520 3.
1510 2479 1531 2519 1
1576 2477 1668 2520 Cor.
1700 2479 1735 2530 7,
1765 2479 1801 2520 5.

236 2553 333 2595 Act.
363 2554 425 2604 10,
456 2553 492 2594 3.
523 2552 628 2605 Hoc,
660 2552 772 2605 quod
801 2552 845 2593 in
872 2551 1055 2605 publica,
1087 2551 1139 2592 ab
1167 2550 1380 2593 Ecclesiae
1404 2549 1668 2591 antistitibus
1693 2549 1802 2590 indi-

236 2625 358 2677 citur,
390 2628 431 2668 et
459 2625 630 2679 publice
661 2624 923 2675 observatur,
952 2623 1074 2665 Esdr.
1099 2624 1135 2676 8,
1161 2624 1224 2665 21.
1249 2622 1345 2665 Act.
1372 2623 1433 2674 13,
1459 2623 1496 2663 2.
1521 2622 1557 2663 3.
1584 2624 1626 2663 et
1651 2621 1713 2673 14,
1737 2622 1801 2663 22.

290 2697 439 2740 XLVI.
470 2697 609 2749 Quare
638 2694 855 2737 Pontificii
884 2695 1073 2750 graviter
1099 2694 1169 2736 hic
1199 2697 1354 2747 errant,
1385 2694 1457 2748 qui
1486 2696 1634 2736 contra
1659 2693 1802 2735 Chris—

236 2770 398 2811 tianam
434 2768 688 2818 libertatem,
723 2766 884 2820 jejunia
923 2766 974 2807 ad
1003 2768 1118 2808 certa
1144 2768 1340 2820 tempora
1369 2769 1410 2808 et
1439 2766 1526 2808 dies
1556 2765 1800 2818 alligarunt,

237 2856 286 2882 ac
322 2840 435 2881 ultra
471 2839 739 2881 Judaismum
775 2838 1009 2880 Ecclesiam
1047 2838 1134 2879 sine
1163 2838 1249 2880 ulla
1276 2840 1456 2891 urgente
1486 2851 1624 2889 causa,
1653 2837 1800 2879 multis

237 2911 445 2963 statisque
484 2911 657 2964 jejuniis
701 2911 943 2961 onerarunt,
987 2911 1028 2950 et
1071 2908 1379 2951 observationis
1418 2907 1538 2961 quasi
1566 2908 1801 2949 necessaria

237 2984 331 3036 lege
356 2982 633 3024 conscientias
658 2981 956 3031 devinxerunt3
981 2982 1133 3033 utpote
1156 2978 1615 3030 hebdomadatim,
1636 2979 1798 3031 jejunio
