1931 3224
275 141 354 184 510
859 140 1103 184 DISPUTATIO
1132 141 1263 185 XLV.

275 266 361 307 sius
388 265 560 315 indicat,
590 278 674 317 quo
703 264 774 305 illa
803 279 910 317 quae
939 266 1134 322 vulgaria
1165 269 1286 308 erant
1315 269 1357 308 et
1382 267 1621 308 communia
1645 267 1836 320 corporis

274 336 417 378 alendi
459 334 723 387 adminicula,
767 335 910 378 Verbo
953 336 1034 379 Dei
1078 339 1120 379 et
1160 352 1284 391 prece
1325 337 1518 379 fidelibus
1556 338 1608 379 ad
1645 340 1836 380 sanctum

274 422 397 448 usum
440 406 715 458 sanctificata,
747 406 880 460 (quod
910 408 959 449 fit
988 423 1081 449 cum
1113 424 1136 449 a
1163 408 1330 450 liberali
1359 408 1441 450 Dei
1468 422 1596 450 manu
1621 408 1837 462 accipiun-

274 481 356 529 tur,
395 480 538 519 sancte
572 480 614 519 et
642 478 782 519 sobrie
810 482 1083 532 usurpantur,
1113 482 1155 521 et
1185 480 1237 521 ad
1266 479 1347 521 Dei
1377 479 1558 533 gloriam
1583 479 1836 531 referuntur,
1882 509 1885 511 -

277 550 296 590 1
329 548 436 590 Tim.
466 550 503 600 4,
533 550 569 590 3.
599 549 637 590 4.
668 549 705 590 5.
735 549 755 590 1
789 548 881 591 Cor.
909 550 971 601 10,
1000 549 1083 603 31.)
1114 550 1166 592 ad
1196 565 1362 592 sacrum
1390 550 1566 603 insuper
1588 550 1717 591 finem
1743 549 1837 592 offi-

276 619 470 672 ciumque
508 619 739 674 spirituale,
777 634 930 673 nempe
961 621 1124 663 animae
1154 621 1414 673 alimentum,
1444 621 1577 663 Filius
1606 621 1687 663 Dei
1714 636 1838 674 prae-

274 691 454 744 paravit,
487 691 727 743 destinavit,
757 691 978 745 dedicavit,
1009 707 1080 734 seu
1110 693 1389 735 sanctificavit
1419 695 1460 735 et
1489 693 1762 744 consecravit,
1791 695 1839 734 ut

275 761 470 815 symbola
508 761 649 803 forent
686 762 868 816 mystica
907 763 1097 816 corporis
1135 766 1177 805 et
1215 765 1445 818 sanguinus
1484 765 1568 807 sui:
1601 765 1838 806 mutatione

275 848 361 875 non
402 835 593 884 naturae,
636 833 709 875 sed
747 834 977 887 qualitatis,
1018 849 1068 876 ex
1107 836 1250 877 divino
1289 836 1442 890 agendi
1481 836 1680 878 instituto
1711 838 1839 889 atque

277 905 555 956 ordinatione,
596 905 844 958 solennique
882 921 1006 959 prece
1046 909 1087 948 et
1124 910 1241 949 recto
1273 923 1352 949 usu
1379 908 1504 949 facta.
1536 906 1730 956 Qualiter
1753 921 1841 953 >vox

276 976 583 1019 benedictionis
622 977 674 1018 ad
712 992 778 1018 res
817 977 952 1019 relata
988 977 1076 1020 fere
1114 979 1333 1033 accipitur,
1373 978 1475 1021 Gen.
1505 980 1542 1031 2,
1571 979 1609 1020 3.
1640 981 1717 1020 etc.
1747 978 1839 1028 Quo

277 1063 400 1090 sensu
438 1048 650 1102 Apostolo
689 1048 844 1090 dicitur
880 1050 1135 1102 poculum
1171 1049 1609 1102 benedictionis,
1648 1049 1732 1091 cui
1758 1048 1840 1091 be-

276 1119 606 1171 nedicimus,
637 1120 657 1161 1
688 1120 782 1162 Cor.
813 1122 968 1173 10,16.

329 1190 507 1233 XXVII.
559 1191 650 1241 Qua
693 1195 835 1234 autem
878 1193 1060 1235 formula
1102 1193 1420 1236 Benedictionis
1465 1196 1506 1235 et
1547 1192 1841 1235 Eucharistias

277 1261 470 1304 Christus
508 1262 579 1304 hic
618 1263 674 1305 sit
712 1279 824 1315 usus,
863 1279 949 1306 non
981 1265 1229 1318 explicatur,
1260 1267 1450 1307 attamen
1480 1265 1697 1307 solennem
1724 1263 1841 1305 illam

276 1334 432 1375 veteris
462 1333 719 1388 Synagogae
747 1336 792 1376 in
821 1335 1016 1378 Paschali
1047 1351 1131 1388 esu,
1161 1336 1353 1378 Christus
1382 1337 1453 1378 hic
1482 1335 1839 1387 accommodavit3

278 1408 320 1447 et
361 1408 547 1447 veterem
590 1405 826 1447 Ecclesiam
867 1422 963 1448 suas
1006 1423 1152 1460 preces
1193 1408 1237 1449 in
1275 1409 1593 1450 consecratione
1628 1407 1840 1458 habuisse,

276 1475 495 1530 Liturgiae
524 1477 725 1530 antiquae
755 1478 1058 1520 demonstrant.
1088 1478 1212 1521 Unde
1241 1479 1537 1532 superstitiose
1552 1478 1842 1521 Romanenses

278 1562 371 1589 eam
411 1547 455 1589 in
499 1548 691 1590 crucibus
734 1549 778 1590 in
821 1564 915 1592 aere
955 1549 1172 1606 effigiatis,
1210 1565 1258 1592 ac
1294 1551 1339 1592 in
1377 1551 1503 1593 certis
1541 1550 1841 1604 conceptisque

243 1642 246 1645 ·
277 1619 417 1661 verbis
447 1620 815 1672 consequentibus,
845 1623 962 1674 puta,
990 1608 1084 1663 istis
1115 1624 1310 1674 quatuor,
1338 1625 1411 1664 aut
1427 1622 1627 1675 quinque,
1644 1624 1692 1663 ut
1706 1621 1842 1663 Vetus

278 1690 495 1744 Interpres
520 1691 664 1733 addito
689 1691 843 1734 Enim
866 1692 1009 1744 habet,
1034 1692 1147 1735 Hoc
1172 1696 1251 1735 est
1277 1694 1415 1735 enim
1441 1707 1638 1746 corpus
1662 1707 1841 1745 meum,

277 1762 406 1803 tacite
444 1763 808 1812 submurmuratis,
848 1763 1134 1806 constituunt:
1171 1764 1323 1817 quibus
1354 1778 1523 1817 quoque
1554 1763 1842 1817 operatoriam

279 1836 320 1874 et
359 1834 582 1886 occultam,
621 1834 706 1876 imo
747 1835 959 1888 magicam
997 1837 1211 1888 quandam
1247 1836 1347 1887 vim,
1387 1836 1577 1889 quinimo
1607 1849 1714 1888 quae
1744 1834 1842 1876 sub-

279 1906 481 1946 stantiam
531 1905 783 1948 miraculose
836 1909 1081 1953 commutet,
1135 1907 1396 1957 attribuunt;
1450 1922 1544 1948 cum
1586 1906 1670 1947 sint
1711 1906 1842 1947 verba

279 1974 437 2017 Christi
465 1976 636 2029 prolata
663 1976 707 2018 in
735 1977 874 2031 prima
903 1992 1097 2030 persona,
1128 1978 1280 2030 quibus
1309 1980 1402 2019 tum
1429 1977 1563 2028 facta;
1589 1992 1674 2019 non
1700 1979 1842 2019 autem

279 2047 519 2089 administri
546 2048 591 2089 in
618 2049 747 2090 tertia
775 2064 970 2102 persona,
998 2049 1151 2105 quibus
1176 2052 1327 2102 postea
1350 2049 1555 2100 facienda,
1580 2049 1841 2091 consecratio

277 2118 508 2161 indicetur:
547 2134 685 2172 neque
725 2135 772 2161 ea
810 2121 895 2162 sint
928 2120 1178 2162 mutationis
1218 2121 1525 2174 qualiscunque
1554 2121 1739 2174 proprie,
1770 2121 1843 2162 sed

279 2190 576 2232 declarationis
607 2192 694 2244 ejus
724 2191 838 2244 quod
866 2191 1026 2233 factum
1055 2194 1130 2233 est.
1163 2191 1285 2241 Quod
1316 2193 1566 2234 antecedens
1597 2207 1645 2234 ea
1674 2191 1842 2245 praebi—

278 2261 340 2302 tio
380 2263 421 2302 et
459 2263 649 2314 acceptio
690 2263 900 2314 evincunt,
937 2278 1044 2316 quae
1073 2266 1170 2304 sunt
1200 2265 1288 2316 ejus
1320 2264 1433 2316 quod
1462 2264 1621 2306 factum
1652 2266 1727 2315 est,
1756 2279 1842 2306 non

282 2333 394 2385 quod
424 2333 516 2374 fieri
546 2334 704 2375 debuit.
733 2333 848 2376 Usus
879 2334 989 2376 enim
1019 2335 1079 2376 rei
1109 2349 1154 2376 re
1182 2335 1396 2388 posterior
1426 2338 1500 2377 est.

333 2403 533 2445 XXVIII.
572 2404 820 2447 Tertium
858 2405 991 2458 (quod
1029 2406 1224 2448 similiter
1265 2407 1397 2448 oculis
1436 2406 1501 2460 fit)
1540 2410 1602 2448 est
1632 2407 1745 2460 quod
1774 2421 1842 2449 ac-

280 2479 451 2529 ceptum
502 2491 668 2529 panem,
711 2479 753 2517 et
794 2476 890 2518 inde
932 2476 1201 2519 benedictum
1243 2477 1438 2531 fregit,
1488 2478 1843 2531 quemadmodum

278 2547 393 2589 hunc
431 2548 658 2590 verborum
696 2547 854 2589 Christi
894 2548 1084 2589 ordinem
1121 2548 1285 2590 Aoristi
1315 2549 1560 2603 deposcunt.
1591 2548 1739 2602 Fregit
1768 2563 1843 2589 au-

279 2620 366 2660 tem
403 2633 558 2671 panem
596 2618 889 2670 Orientalium,
926 2635 1011 2661 non
1049 2620 1173 2662 scidit
1202 2619 1481 2662 Occiduorum
1515 2634 1640 2671 more,
1671 2622 1718 2661 ut
1747 2634 1843 2661 cum

280 2689 357 2730 tali
386 2693 495 2731 esset
521 2690 672 2742 forma,
701 2705 788 2732 non
816 2690 987 2743 solidus,
1017 2691 1090 2733 sed
1118 2691 1269 2745 planus
1299 2693 1340 2732 et
1368 2691 1496 2732 latior
1521 2691 1656 2732 instar
1679 2689 1768 2741 libi,
1794 2693 1842 2732 ut

280 2760 405 2802 facile
447 2761 589 2814 frangi
631 2763 788 2814 posset.
831 2760 1040 2804 Similiter
1084 2765 1125 2804 et
1168 2762 1313 2804 vinum
1354 2761 1534 2803 effusum
1574 2761 1618 2802 in
1657 2761 1842 2813 calicem,

281 2834 508 2885 utrumque
551 2835 753 2874 consueto
797 2835 839 2874 et
876 2834 1112 2875 necessario
1150 2833 1248 2874 ritu.
1287 2832 1612 2893 Batrisfamilias
1651 2833 1763 2874 enim
1799 2832 1843 2874 id

284 2906 384 2953 erat,
413 2904 731 2957 praegustantis
760 2906 802 2946 et
831 2903 1135 2946 distribuentis.
1161 2903 1313 2957 Neque
1336 2903 1468 2958 fregit
1491 2905 1659 2945 tantum
1683 2904 1727 2945 in
1743 2918 1842 2957 par-

282 2977 346 3016 tes
385 2975 437 3016 ad
473 2975 830 3028 distributionem,
869 2989 1006 3028 neque
1045 2975 1223 3016 effusum
1261 2977 1303 3017 et
1330 2974 1516 3016 infusum
1544 2976 1608 3016 est
1637 2974 1844 3016 duntaxat
