1931 3224
507 89 572 131 DE
603 89 786 131 PERsoNA
813 87 997 132 Smmrus
1026 88 1182 131 SANCTI.
1577 90 1628 131 79

67 230 151 269 quo
183 214 309 256 modo
339 215 579 256 innotescit.
608 214 687 256 Illa
715 213 857 255 Patris
882 213 1068 265 Filiique
1097 214 1173 264 est,
1204 212 1310 254 haec
1341 214 1438 266 oris,
1468 214 1513 255 in
1543 229 1627 266 quo

63 287 233 340 quidem
257 286 453 340 potentia
475 286 643 327 interna
667 285 832 327 animae
857 299 946 326 sese
971 283 1147 337 profert.
1171 283 1295 326 Unde
1323 287 1364 326 et
1380 284 1630 338 Spiritus

67 358 176 400 oris
205 359 248 398 et
275 357 545 398 labiorum
573 356 655 398 Dei
684 356 912 408 dicitur,
944 355 1022 397 Ps.
1051 356 1114 408 33,
1145 356 1181 397 6.
1211 355 1291 397 Es.
1324 357 1385 406 11,
1414 357 1451 397 4.

115 427 230 470 XIV.
273 427 356 470 Sed
398 429 600 480 quoniam
636 427 753 478 haec,
790 427 974 482 figurate
1012 426 1173 468 scilicet
1210 428 1252 468 et
1291 426 1627 479 οὶνθρωποποιθῶς

64 499 188 551 (110133,
232 498 461 551 θεοπρεπῶς
500 501 599 539 011111
634 498 922 551 intelligenda,
961 498 1199 551 complures
1237 498 1349 539 inter
1388 501 1548 540 veteres
1589 502 1630 540 et

62 571 330 622 recentiores,
373 572 422 611 ut
459 569 617 611 Filium
652 571 803 611 natum
838 584 916 622 per
949 569 1122 610 modum
1158 569 1412 621 intellectus,
1454 570 1628 624 (dicitur

65 642 177 683 enim
218 640 439 695 Sapientia
479 644 520 683 et
562 641 682 692 λόγος
708 640 801 691 1)01,
830 640 954 682 Prov.
985 641 1021 682 8.
1053 643 1094 682 et
1122 640 1221 682 Joh.
1253 641 1306 694 1.)
1334 642 1396 682 ita
1418 640 1627 694 Spiritum

63 713 267 757 Sanctum
309 712 564 765 processisse
605 727 682 765 per
723 712 896 753 modum
937 712 1179 764 voluntatis,
1220 713 1389 764 amoris,
1428 712 1514 755 imo
1551 728 1628 767 po-

61 783 233 836 tentiae,
263 786 470 826 statuunt.
500 783 623 826 Unde
652 799 751 826 sane
781 783 966 837 Spiritus
995 783 1175 826 Sanctus
1202 787 1242 826 et
1266 785 1400 826 virtus
1425 785 1623 827 altissimi

61 856 173 897 inter
210 870 254 897 se
290 857 618 906 commutantur,
656 854 752 896 Luc.
792 856 828 906 1,
866 855 928 896 35.
965 854 1089 897 Matt.
1130 856 1192 907 12,
1230 856 1294 897 28.
1344 856 1499 897 collato
1532 871 1628 898 cum

62 925 200 968 Lucae
239 927 301 977 11,
339 927 403 968 20.
441 925 579 967 Nobis
616 925 785 978 sufficit,
816 926 929 978 quod
959 926 1134 968 diversis
1162 927 1248 969 illis
1276 928 1451 969 vocibus
1483 930 1525 968 et
1552 943 1630 969 110-

61 997 251 1039 tionibus
280 997 497 1038 distinctio
527 997 819 1050 productionis
842 1012 1122 1050 personarum
1147 997 1386 1039 divinarum
1409 1001 1624 1050 utcunque

61 1068 292 1118 indicetur3
320 1083 458 1121 neque
486 1068 718 1110 ineffabilia
746 1070 905 1129 temere
934 1069 1105 1110 definire
1134 1070 1460 1122 praesumimus.

113 1139 207 1181 XV.
252 1139 363 1189 Quin
403 1139 589 1193 Spiritus
633 1139 814 1182 Sanctus
856 1155 880 1181 a
920 1139 1030 1182 Filio
1073 1140 1296 1193 sigillatim
1333 1141 1620 1194 distinguitur,

63 1211 177 1264 quod
218 1211 353 1253 Filius
395 1213 450 1253 sit
491 1211 755 1252 solummodo
797 1226 822 1252 a
858 1210 998 1263 Patre,
1038 1211 1223 1264 Spiritus
1262 1215 1404 1254 autem
1444 1211 1625 1254 Sanctus

62 1282 322 1336 conjunctim
359 1298 383 1324 a
420 1282 548 1324 Patre
587 1285 629 1324 et
664 1282 788 1324 Filio.
827 1282 892 1324 De
930 1298 1014 1335 quo
1054 1284 1196 1336 gravis
1237 1287 1279 1325 et
1321 1283 1485 1325 diutina
1518 1284 1630 1324 inter

61 1353 296 1396 Ecclesiam
333 1354 584 1395 orientalem
621 1357 663 1396 01
701 1354 920 1396 occiduam
957 1354 1039 1395 fuit
1078 1355 1378 1406 controversia,
1410 1355 1484 1397 illa
1516 1369 1628 1396 asse-

60 1427 192 1477 rente,
230 1440 254 1466 a
291 1424 418 1467 Patre
454 1428 624 1467 tantum
651 1425 891 1478 procedere,
921 1425 1014 1476 hac,
1045 1426 1098 1467 ab
1127 1429 1321 1479 utroque,
1354 1426 1482 1468 Patre
1513 1426 1625 1468 scili-

65 1498 131 1538 cet
159 1499 202 1538 01
228 1495 353 1538 Filio.

113 1566 230 1610 XVI.
259 1567 327 1609 Ab
357 1570 539 1620 utroque
566 1583 667 1610 vero
692 1569 933 1621 procedere,
958 1569 1138 1621 requirit
1164 1569 1371 1610 essentiae
1398 1568 1444 1608 in
1471 1568 1632 1609 duabus

57 1639 151 1681 istis
178 1639 372 1692 personis
402 1640 520 1692 prius
551 1639 878 1681 considerandae
906 1640 1060 1696 unitas,
1086 1655 1194 1692 quae
1219 1640 1323 1681 alias
1349 1641 1620 1682 everteretur.

61 1709 175 1752 Nam
213 1710 248 1751 01
280 1710 458 1763 spiratio
487 1710 628 1752 Patris
657 1711 945 1753 consideretur
974 1712 1063 1752 sine
1095 1710 1331 1764 spiratione
1364 1711 1475 1762 Filii,
1506 1725 1628 1764 sepa-

60 1784 200 1823 ratam
235 1780 335 1822 Filii
373 1796 397 1822 a
435 1781 563 1823 Patre
602 1781 828 1823 essentiam
866 1784 1052 1823 statuere
1088 1796 1256 1824 necesse
1296 1782 1396 1824 erit..
1431 1782 1542 1831 Quin
1582 1783 1623 1823 et

60 1852 295 1906 personalis
332 1853 377 1894 in
414 1853 607 1906 personis
645 1853 761 1905 ordo,
792 1854 865 1906 qui
894 1853 997 1895 alias
1026 1854 1216 1905 tolletur,
1246 1869 1294 1895 ac
1329 1853 1441 1907 Spir.
1476 1853 1516 1896 8.
1547 1867 1633 1894 11011

60 1923 189 1965 101113
224 1938 408 1977 persona
440 1925 530 1976 jam
569 1923 659 1976 erit,
699 1925 770 1966 sed
805 1926 850 1966 in
879 1924 974 1977 pari
1002 1924 1147 1967 ordine
1176 1940 1225 1966 ac
1254 1926 1361 1967 serie
1399 1939 1494 1967 cum
1521 1923 1631 1966 Filio

64 1994 350 2046 collocabitur,
405 1995 527 2047 eique
580 1995 700 2047 quasi
748 1998 1000 2050 opponetur.
1045 1995 1240 2050 Denique
1283 1996 1436 2038 relatio
1483 1999 1524 2037 et
1567 2010 1632 2037 re-

63 2067 234 2120 spectus
270 2080 363 2107 cum
401 2066 654 2108 intrinsecus
686 2066 730 2108 id
759 2067 906 2121 exigit,
936 2068 1009 2120 qui
1036 2068 1227 2120 alioquin
1254 2068 1366 2109 inter
1395 2066 1553 2109 Filium
1583 2070 1625 2108 et

63 2135 276 2190 Spiritum
303 2135 507 2179 Sanctum
535 2137 676 2178 nullus
710 2137 800 2179 erit.

115 2206 252 2249 XVII.
280 2207 414 2261 quue
443 2210 591 2250 contra
619 2207 660 2250 8.
690 2208 911 2251 literarum
939 2210 1241 2252 definitionem.
1267 2208 1368 2252 Non
1392 2210 1504 2252 enim
1528 2211 1624 2250 tan-

61 2282 155 2322 tum
191 2279 347 2332 PatriS,
384 2279 508 2322 Matt.
548 2281 610 2333 10,
649 2282 711 2324 20.
751 2284 792 2324 01
827 2281 1012 2336 Spiritus
1045 2281 1127 2324 Dei
1155 2281 1309 2333 Patris,
1339 2281 1411 2322 sed
1443 2283 1485 2322 et
1512 2279 1623 2331 Filii,

63 2350 141 2391 Ad
180 2349 287 2392 Gal.
324 2351 362 2402 4,
400 2351 436 2392 6.
477 2353 519 2392 01
556 2350 653 2393 Filii
693 2351 786 2405 Dei,
826 2355 868 2394 et
906 2351 1075 2404 Christi,
1113 2351 1256 2394 Rom.
1296 2352 1332 2404 8,
1375 2352 1412 2393 9.
1450 2353 1492 2392 et
1530 2349 1633 2392 Jesu

64 2420 236 2473 Christi,
275 2423 316 2463 et
353 2420 540 2474 Domini,
577 2422 711 2465 Phil.
750 2424 785 2476 1,
825 2423 886 2465 19.
922 2423 944 2464 1
974 2422 1083 2465 Pet.
1114 2422 1150 2474 1,
1181 2423 1243 2464 11.
1274 2422 1429 2464 diserte
1457 2422 1623 2463 dicitur.

66 2491 177 2541 Quin
206 2493 362 2546 accipit
388 2508 474 2535 non
504 2509 528 2535 a
556 2493 683 2536 Patre
709 2497 892 2547 tantum,
922 2494 994 2536 sed
1023 2498 1065 2536 et
1094 2510 1118 2536 a
1146 2494 1254 2536 Filio
1285 2508 1393 2546 quae
1422 2492 1527 2534 alios
1553 2480 1646 2533 do-¹

67 2566 172 2615 ceat,
209 2563 325 2606 Joh.
364 2565 426 2617 16,
466 2564 527 2606 14.
567 2565 629 2606 15.
665 2580 818 2620 nempe
851 2581 928 2620 per
956 2568 1172 2608 aeternam
1200 2564 1627 2607 communicationem
1678 2554 1683 2565 ³

67 2637 109 2677 et
138 2636 419 2689 temporalem
446 2635 848 2697 manifestationem.
1046 2625 1050 2627 ⁵
1442 2625 1447 2627 .

120 2705 277 2749 XVIII.
319 2706 389 2748 Ad
428 2707 534 2748 haec
572 2707 716 2760 ipsum
752 2708 950 2750 mittendi
983 2709 1052 2761 jus
1091 2710 1132 2749 et
1168 2707 1311 2748 missio
1351 2707 1393 2747 01
1431 2704 1545 2746 (13110
1585 2705 1627 2745 01

68 2776 215 2819 effusio
255 2780 298 2819 et
334 2792 442 2831 quae
479 2793 574 2820 cum
602 2793 651 2820 ea
679 2778 919 2829 cohaerent,
949 2779 1075 2821 etiam
1104 2778 1214 2819 Filio
1243 2777 1503 2818 tribuuntur.
1536 2774 1629 2816 Imo

65 2862 165 2890 vero
203 2848 427 2902 Apostolis
467 2864 561 2891 cum
599 2848 773 2892 afflandi
810 2853 908 2892 actu
946 2849 1155 2903 Spiritum
1193 2847 1398 2890 Sanctum
1438 2847 1631 2897 contulit,

69 2917 97 2961 J
108 2918 184 2960 oh.
214 2920 278 2972 20,
307 2921 368 2962 22.
398 2919 494 2962 Etsi
524 2921 665 2962 autem
692 2920 941 2973 temporalis
969 2919 1154 2973 Spiritus
1185 2917 1331 2961 Sancti
1365 2919 1523 2970 missio,
1555 2932 1642 2959 non
