1931 3224
397 127 461 171 Dr.
489 126 642 171 MISSAE
670 126 889 170 SAcmmcm
916 141 1083 175 1111150011
1112 140 1308 169 ABUSIBUS.
1562 129 1637 171 551

77 255 234 303 narrat,
272 252 488 295 Christum
526 268 575 296 ea
611 255 736 295 nocte
776 267 859 306 qua
896 251 1092 306 proditus
1122 254 1197 304 est,
1226 265 1383 305 panem
1413 253 1638 305 accepisse,

77 339 258 378 eumque
291 325 443 378 gratiis
482 325 587 367 actis
616 324 805 378 fregisse.
838 323 895 365 Et
925 324 1118 377 quamvis
1149 323 1302 366 dixerit
1331 323 1524 366 Christus
1553 324 1638 365 suis

79 396 309 450 discipulis,
338 396 616 449 Accipite,
647 396 814 448 edite,
843 396 941 437 1100
970 397 1051 437 est
1079 409 1274 448 corpus
1304 410 1490 447 meum,
1521 395 1640 449 Apo-

77 468 211 510 stolus
254 470 399 509 tamen
437 482 591 521 panem
629 482 653 508 a
694 466 861 508 Christo
904 468 1207 518 consecratum,
1246 481 1333 508 non
1373 481 1527 520 corpus
1566 467 1639 508 sed

76 554 231 593 panem
254 541 392 590 vocat,
418 541 466 580 ut
492 539 651 590 doceat,
678 538 894 580 Christum
918 538 1001 580 isto
1030 538 1267 589 enunciato,
1283 537 1396 580 Hoc
1422 540 1504 579 est
1530 552 1640 580 cor-

76 626 175 665 pus
212 625 399 662 meum,
439 625 525 652 non
564 611 806 664 imperasse,
838 612 886 651 ut
915 610 1037 663 panis
1067 624 1220 662 corpus
1249 609 1383 662 ipsius
1411 609 1534 661 foret,
1565 612 1638 651 aut

76 683 243 736 magica
268 682 453 735 quinque
476 681 704 724 verborum
722 680 1075 734 pronunciatione
1091 681 1135 722 in
1150 680 1255 721 illud
1268 682 1636 734 transmutaretur,

76 754 148 796 sed
188 753 289 806 quid
327 756 437 795 esset
474 753 610 806 panis,
641 753 859 806 discipulis
890 767 986 794 eum
1014 754 1213 806 porrecta
1240 752 1280 793 in
1313 751 1528 794 Christum
1557 753 1638 794 fide

75 824 394 878 accipientibus,
423 824 640 877 indicasse,
672 839 838 878 corpus,
868 824 1029 866 scilicet
1056 824 1201 878 ipsius,
1230 824 1543 880 significatione
1572 839 1637 866 sa-

76 896 333 938 cramentali.
374 896 575 946 Quamvis
612 896 725 938 idem
763 896 1001 949 Apostolus
1039 896 1288 938 mandatum
1325 895 1494 949 Christi,
1524 896 1638 937 Hoc

74 967 246 1009 facite
300 967 361 1009 ad
404 967 504 1010 mei
549 968 1140 1020 commemorationem,
1190 968 1282 1009 aliis
1324 967 1465 1009 verbis
1506 967 1637 1009 inter-

73 1041 278 1092 pretetur,
317 1054 403 1081 non
441 1041 584 1081 tamen
620 1054 767 1081 vocem
807 1040 1222 1082 commemorationis
1252 1040 1410 1093 accipit
1437 1055 1515 1093 pro
1547 1054 1637 1081 cor-

73 1110 187 1163 poris
220 1126 245 1151 a
281 1109 450 1151 Christo
480 1110 524 1150 in
549 1109 689 1151 Coena
713 1111 925 1152 immolati
950 1111 1212 1163 adoratione,
1240 1111 1304 1152 uti
1332 1111 1494 1153 faciunt
1518 1111 1635 1153 Pon-

72 1180 205 1233 tificii,
236 1180 309 1222 sed
338 1195 415 1234 pro
445 1181 596 1222 mortis
622 1180 791 1234 Christi,
817 1181 1026 1223 fractione
1050 1182 1172 1235 panis
1190 1182 1443 1235 designatae
1468 1181 1637 1224 Eucha-

71 1252 217 1294 ristica
246 1251 585 1304 annunciatione,
615 1254 663 1293 ut
693 1267 824 1306 supra
852 1252 985 1294 fusius
1016 1253 1353 1295 demonstratum
1381 1253 1475 1294 fuit.

125 1324 211 1366 LX.
242 1324 441 1367 Decimus
470 1323 623 1366 tertius
654 1326 716 1366 est
745 1325 790 1366 in
820 1324 976 1367 Missae
1001 1325 1193 1378 privatae
1219 1325 1516 1377 celebratione,
1541 1325 1636 1367 abs-

73 1410 154 1449 que
187 1395 419 1437 astantium
448 1395 757 1438 communione.
788 1395 888 1438 Non
918 1396 1029 1438 enim
1059 1396 1172 1438 solus
1203 1395 1397 1438 Christus
1425 1397 1469 1438 in
1498 1398 1636 1451 prima

72 1481 214 1509 sacrae
260 1466 423 1508 Coenae
465 1466 747 1519 institutione,
790 1482 867 1509 nec
905 1470 1055 1521 postea
1094 1468 1175 1510 soli
1210 1483 1399 1521 unquam
1438 1468 1636 1522 discipuli

71 1554 226 1593 panem
256 1539 606 1580 sacramentalem
635 1539 919 1592 comederunt,
950 1542 1023 1581 aut
1047 1540 1192 1581 vinum
1216 1540 1429 1591 biberunt,
1454 1540 1526 1581 sed
1552 1555 1635 1581 una

72 1627 168 1655 cum
214 1611 309 1653 aliis
360 1611 412 1652 ad
457 1625 601 1652 sacrae
648 1609 812 1652 Coenae
850 1611 1228 1664 participationem
1266 1611 1528 1661 convocatis3
1568 1611 1633 1653 ni-

70 1683 216 1736 hilque
258 1682 481 1724 absurdius
525 1697 549 1723 a
587 1681 822 1724 sacrificulo
861 1682 952 1724 fieri
989 1685 1144 1735 potest,
1184 1697 1313 1735 quam
1353 1682 1467 1735 quod
1506 1682 1633 1724 verba

71 1754 229 1796 Christi
266 1769 421 1807 panem
459 1756 501 1795 et
537 1754 683 1794 vinum
724 1753 919 1795 omnibus
956 1753 1175 1807 discipulis
1205 1768 1300 1796 cum
1328 1754 1421 1809 ipso
1453 1768 1632 1796 coenan—

70 1825 185 1867 tibus
225 1825 459 1878 aequaliter
497 1824 801 1877 distribuentis,
839 1825 1035 1878 recitans,
1069 1826 1175 1867 nulli
1205 1840 1255 1867 ex
1285 1825 1366 1866 sibi
1394 1826 1632 1868 astantibus

71 1896 234 1939 Coenae
273 1899 583 1939 sacramentum
621 1896 869 1938 distribuat:
901 1898 1098 1950 quodque
1126 1897 1236 1939 hanc
1265 1900 1432 1951 partem
1459 1897 1632 1939 institu-

70 1968 199 2010 tionis
237 1968 396 2011 Christi
433 1969 618 2021 omittat,
648 1969 826 2011 alteram
855 1984 970 2022 vero,
1002 1984 1109 2022 quae
1140 1969 1335 2011 consistit
1362 1969 1407 2010 in
1435 1970 1560 2023 panis
1590 1973 1631 2013 et

71 2040 210 2083 calicis
253 2042 501 2095 acceptione
538 2056 587 2083 ac
625 2042 956 2093 consecratione,
996 2042 1223 2095 diligenter
1261 2041 1468 2094 observet,
1509 2042 1630 2094 quasi

70 2111 176 2153 haec
212 2127 311 2166 pars
348 2113 486 2166 magis
525 2113 580 2154 sit
619 2113 669 2155 de
707 2128 850 2155 sacrae
890 2113 1054 2155 Coenae
1085 2113 1281 2165 essentia,
1312 2128 1439 2166 quam
1468 2113 1553 2166 illa,
1583 2116 1631 2155 ut

69 2182 177 2225 falso
218 2199 243 2225 a
271 2183 530 2226 Bellarmino
564 2185 777 2226 asseritur.
808 2184 921 2226 Nam
950 2185 1107 2227 idcirco
1138 2200 1257 2226 sacra
1286 2184 1427 2227 Coena
1455 2187 1631 2227 vocatur

71 2255 310 2297 communio
350 2255 541 2309 corporis
580 2258 621 2298 et
659 2257 877 2310 sanguinis
917 2255 1087 2308 Christi,
1127 2257 1241 2310 quod
1277 2271 1354 2298 nos
1384 2271 1528 2299 omnes
1558 2257 1629 2311 qui

68 2326 113 2367 in
149 2341 234 2368 uno
274 2327 408 2380 ipsius
448 2341 625 2380 corpore
665 2328 846 2381 mystico
884 2327 1008 2370 multi
1038 2343 1192 2380 sumus,
1224 2343 1274 2370 ex
1302 2343 1388 2370 uno
1416 2328 1490 2370 illo
1520 2343 1629 2381 pane

68 2398 387 2452 participemus,
429 2400 476 2439 ut
518 2398 619 2440 dicit
660 2398 906 2452 Apostolus,
951 2399 972 2441 1
1011 2398 1104 2441 Cor.
1143 2400 1205 2451 10,
1244 2399 1307 2441 17.
1347 2399 1471 2442 Unde
1511 2415 1629 2442 sacra

69 2468 209 2512 Coena
247 2484 271 2510 a
308 2469 510 2512 Patribus
541 2469 710 2512 Graecis
738 2470 954 2512 interdum
993 2469 1155 2520 σύννεξις
1186 2471 1254 2513 καὶ
1286 2471 1468 2523 κοινωνίαι,
1497 2471 1628 2513 inter-

69 2541 170 2583 dum
221 2541 429 2595 μυστήριον
469 2546 539 2590 τῆς
580 2541 769 2592 caudam
800 2542 868 2584 noa}
899 2542 1090 2589 κοινωνίαις
1127 2543 1380 2596 appellatur,
1405 2542 1627 2596 Dionys.

68 2613 272 2655 Eccles.
309 2613 589 2656 Hierarch.
629 2615 811 2669 capite
850 2615 1035 2656 tertio.
1076 2613 1320 2656 Clemens
1360 2614 1626 2656 constitu-

67 2685 198 2727 tion.
229 2685 373 2728 libro
405 2688 621 2738 octavo,
648 2686 830 2739 capite
859 2685 1078 2728 decimo.

120 2755 228 2798 LXI.
266 2756 439 2811 Reliqui
469 2757 623 2800 abusus
653 2757 984 2811 conspiciuntur,
1015 2757 1059 2799 in
1087 2756 1209 2812 panis
1238 2772 1262 2799 a
1290 2757 1483 2800 fidelibus
1513 2771 1626 2800 00111-

69 2827 218 2870 edendi
254 2828 397 2871 inutili
435 2828 721 2871 asservatione
758 2830 803 2871 in
839 2829 1006 2883 pyxide,
1048 2828 1092 2870 in
1129 2829 1306 2871 ridicula
1345 2829 1626 2872 collocatione

67 2913 194 2952 super
230 2902 405 2953 pectora
443 2902 720 2952 mortuorum,
762 2901 836 2954 qui
871 2916 948 2943 nec
988 2901 1109 2943 edere
1145 2903 1335 2955 possunt,
1364 2915 1441 2944 1100
1467 2901 1624 2954 bibere,

67 2986 144 3013 nec
181 2974 365 3015 mortem
394 2970 550 3014 Christi
580 2972 848 3024 annunciare,
878 2973 922 3014 in
952 2987 1061 3016 vana
1090 2972 1241 3015 ciborii
1269 2973 1623 3026 circumgestione
