1931 3224
280 132 358 173 568
843 130 1086 172 DISPUTATIO
1113 130 1286 173 XLVII.

280 255 434 309 Ungo
479 258 529 297 te
573 256 630 297 de
675 255 793 296 oleo
838 257 1029 296 sancto
1073 254 1126 296 in
1172 256 1388 298 nomine
1425 256 1632 309 PatriS,
1672 259 1749 300 etc.
1788 261 1844 300 ut

278 326 492 379 fugatis
532 324 779 367 omnibus
819 325 1130 377 doloribus,
1171 326 1255 367 vel
1290 326 1844 371 incommoditatibus

280 397 528 450 corporis
566 396 648 437 tui
677 399 1044 450 recuperetur
1072 397 1126 438 in
1155 399 1206 439 te
1235 398 1414 440 virtus
1445 401 1494 440 et
1524 399 1692 453 salus,
1723 415 1844 453 qua-

279 470 434 509 tenus
472 482 565 520 per
595 467 755 520 hujus
786 467 1172 521 operationem
1199 469 1474 523 mysterii,
1505 472 1557 511 et
1584 485 1678 525 per
1705 470 1846 513 hanc

279 553 484 580 sacram
528 538 636 580 olei
678 539 1013 591 unctionem,
1053 542 1217 592 atque
1254 543 1500 583 nostram
1538 541 1845 595 deprecati-

279 625 450 661 onem,
488 610 699 652 virtute
737 612 965 652 sanctae
1004 610 1308 653 Trinitatis
1348 613 1681 665 medicatus,
1708 613 1845 667 pris-

277 681 446 723 tinam
495 684 545 723 et
582 681 756 737 magis
795 682 1077 724 robustam
1114 683 1365 737 recipere
1405 684 1668 727 merearis
1708 686 1846 728 sani-

277 755 458 794 tatem.
503 752 671 795 Similes
714 752 918 794 formulas
956 753 1120 806 recitat,
1159 754 1203 796 in
1240 754 1381 797 Schol.
1423 755 1477 797 ad
1513 755 1642 811 Hym.
1682 757 1842 799 Eccles.

278 839 375 877 pag.
405 824 496 865 288.
528 823 628 865 edit.
658 822 793 865 Paris.

329 894 549 937 XXXVII.
587 894 654 936 Ex
691 895 854 938 formae
893 896 1130 939 mutatione
1167 899 1299 951 patet,
1337 899 1381 940 id
1420 899 1534 952 quod
1565 900 1654 953 jam
1692 900 1736 941 in
1763 900 1847 943 Ec-

277 967 404 1008 clesia
441 966 635 1009 Romana
665 967 843 1019 obtinet,
875 967 927 1009 ab
954 967 1130 1020 antiqua
1159 968 1359 1011 unctione
1388 969 1573 1011 alienum
1603 985 1715 1012 esse:
1747 971 1848 1024 quia

276 1053 362 1080 non
400 1038 537 1079 solum
574 1039 714 1091 verba,
753 1039 826 1081 sed
866 1039 997 1080 etiam
1025 1054 1195 1081 sensum
1223 1039 1418 1092 mutavit,
1448 1042 1495 1081 ut
1525 1040 1847 1083 Sacramentum

280 1109 490 1161 conderet,
533 1124 628 1151 cum
676 1109 837 1151 videret
879 1110 1126 1152 unctionem
1163 1110 1284 1152 illam
1324 1125 1499 1164 prorsus
1538 1112 1705 1154 irritam
1744 1127 1847 1166 esse,

278 1181 443 1223 ratione
481 1180 676 1223 sanitatis
717 1182 922 1235 corporis,
962 1182 1014 1223 ad
1052 1197 1179 1234 quam
1216 1185 1361 1224 tamen
1389 1185 1553 1225 veteres
1583 1198 1729 1226 omnes
1759 1183 1847 1227 for-

277 1253 417 1294 mulae
449 1252 755 1306 respiciebant3
786 1255 828 1294 et
854 1253 925 1295 hic
953 1255 1065 1295 certe
1093 1254 1282 1296 notanda
1310 1256 1373 1296 est
1403 1254 1609 1297 confessio
1639 1255 1847 1298 Matthaei

281 1323 431 1366 Galeni
460 1323 660 1365 Primarii
685 1322 944 1365 Professoris
966 1324 1213 1377 Duacensis‚
1240 1328 1281 1367 et
1305 1325 1562 1367 Academiae
1587 1325 1847 1379 Cancellarii,

281 1395 571 1438 Oatechesi
609 1395 698 1436 181.
729 1394 866 1444 Quid
896 1395 1088 1437 mirum
1119 1398 1198 1437 est
1228 1396 1403 1450 (inquit)
1432 1412 1608 1439 raram
1637 1398 1848 1440 contin-

280 1482 408 1521 gere
448 1459 770 1519 sanitatem,
812 1481 924 1508 cum
960 1466 1051 1508 vix
1089 1466 1362 1509 habeatur
1389 1483 1528 1510 nunc
1555 1470 1702 1511 ratio
1732 1485 1848 1523 par-

280 1539 418 1579 tium
461 1538 599 1579 male
643 1537 998 1590 assectarum,
1044 1553 1174 1591 quas
1216 1540 1400 1581 nostri
1436 1541 1672 1593 majores
1708 1541 1848 1583 totis

278 1611 487 1663 septem
511 1608 701 1651 diebus
726 1608 1105 1663 inungebant?
1130 1609 1471 1652 adhibebant
1496 1611 1707 1654 validas
1732 1627 1848 1666 pre-

280 1695 385 1732 ces,
418 1680 793 1734 suppetebant
821 1681 1038 1733 merita,
1066 1695 1162 1723 nec
1191 1681 1377 1723 deerat
1405 1681 1546 1724 fides
1576 1683 1629 1724 in
1658 1682 1847 1737 Deum,

278 1767 369 1794 seu
394 1751 624 1802 fiducia;
651 1752 849 1804 quibus
874 1752 1035 1794 rebus
1060 1752 1280 1805 quidvis
1303 1755 1526 1807 poterat
1550 1753 1849 1809 impetrari.

277 1823 393 1865 Jam
431 1837 556 1865 vero
597 1837 709 1864 cum
737 1823 821 1865 vel
850 1838 907 1865 ea
935 1823 1274 1877 ignoremus,
1303 1824 1387 1866 vel
1416 1827 1847 1876 contemnamus,

276 1894 466 1936 mirari
493 1909 596 1936 1100
625 1896 849 1948 oportet
878 1895 920 1936 si
948 1895 1026 1936 nil
1056 1898 1340 1949 sequatur,
1369 1896 1459 1938 ubi
1488 1897 1576 1938 vix
1600 1912 1847 1940 necessa-

276 1966 389 2008 riae
426 1980 620 2019 preces
658 1965 1068 2020 intelliguntur
1106 1968 1196 2008 aut
1233 1967 1494 2021 leguntur
1531 1970 1757 2011 attente.
1787 1969 1848 2011 At

277 2037 651 2080 Sacramentorum
687 2038 750 2079 vis
790 2052 876 2079 1100
913 2038 1069 2091 pendet
1107 2054 1131 2079 a
1169 2038 1345 2091 meritis,
1384 2039 1550 2092 fiducia,
1588 2040 1846 2093 ignorantia,

276 2110 342 2152 vel
380 2111 629 2163 contemptu
658 2109 1061 2152 administrantium.
1086 2110 1290 2163 Sequitur
1314 2125 1431 2165 ergo,
1466 2113 1700 2154 extremam
1725 2112 1845 2155 illam

278 2180 535 2233 unctionem,
567 2195 653 2223 non
684 2195 772 2223 esse
802 2180 1092 2223 Christianum
1121 2181 1454 2224 Sacramentum.

955 2331 1167 2380 ORDO.

330 2463 573 2506 XXXVIII.
602 2463 753 2507 Omnia
779 2464 823 2505 in
838 2464 1028 2506 Ecclesia
1045 2464 1156 2506 κριτοὶ
1179 2463 1295 2515 τάξιν
1318 2465 1384 2507 καὶ
1407 2464 1660 2519 εὐσχημόνως
1678 2466 1847 2509 institui

277 2535 441 2587 debere,
472 2550 568 2577 cum
597 2534 822 2589 Apostolo,
855 2536 874 2577 1
908 2535 1000 2578 Cor.
1033 2536 1094 2587 14,
1122 2536 1187 2577 40.
1217 2535 1460 2589 statuimus,
1485 2551 1562 2578 nec
1590 2551 1846 2590 quemquam

275 2606 359 2647 nisi
402 2606 596 2660 legitime
638 2609 848 2658 vocatum,
892 2606 1179 2649 Ministerium
1215 2607 1260 2648 in
1296 2606 1489 2650 Ecclesia
1525 2623 1717 2650 exercere
1750 2610 1846 2661 J'ure

277 2692 402 2730 posse
444 2679 727 2732 agnoscimus.
769 2677 985 2728 Quosdam
1020 2678 1148 2720 etiam
1176 2678 1288 2721 inter
1315 2677 1537 2721 Ministros
1567 2694 1590 2721 a
1620 2678 1711 2721 Deo
1743 2694 1844 2722 con-

279 2749 465 2802 stitutos,
496 2764 585 2792 esse
615 2749 757 2802 officii,
789 2749 942 2792 aetatis
973 2752 1014 2792 et
1039 2737 1260 2803 donorum,
1290 2751 1465 2805 gradus;
1496 2751 1546 2793 de
1577 2751 1729 2804 quibus
1755 2767 1845 2794 om-

278 2818 401 2860 nibus
432 2834 525 2862 cum
554 2821 657 2863 satis
688 2836 899 2875 superque
927 2821 972 2863 in
1001 2820 1301 2876 disputatione,
1327 2822 1386 2864 de
1409 2821 1728 2864 Ministerio
1755 2822 1845 2865 Ec-

278 2888 625 2944 clesiastico,
667 2894 809 2935 actum
838 2891 979 2945 fuerit,
1007 2893 1078 2935 hic
1109 2893 1301 2947 quaestio
1330 2909 1414 2936 una
1443 2894 1566 2937 nobis
1595 2895 1846 2948 explicanda

279 2963 483 3012 superest,
525 2963 574 3004 de
605 2963 769 3006 ratione
800 2963 1075 3017 sacramenti,
1107 2979 1235 3018 quam
1264 2964 1481 3008 Pontificii
1509 2964 1594 3007 suis
1625 2965 1844 3008 ordinibus
