1931 3224
522 94 585 137 Dr:
614 95 723 137 ΗοΜ.
751 111 800 137 Ar)
830 95 943 138 IMAG.
974 95 1054 138 Dm
1083 110 1242 138 CREA'ro.
1583 95 1659 135 109

103 220 332 268 actionem;
372 219 444 260 sed
473 219 733 273 diligentem,
760 220 1032 277 singularem,
1059 223 1100 262 et
1126 222 1323 273 respectu
1346 219 1549 261 materiae
1573 232 1659 259 non

102 291 278 333 idoneae
315 290 607 332 immediatam
646 293 733 344 ejus
774 293 1044 335 creationem.
1074 292 1257 345 Reliqua
1286 290 1520 333 animantia
1549 304 1660 342 aqua

103 365 145 405 et
182 366 308 414 terra,
348 362 485 412 simul,
527 369 568 410 et
604 365 697 407 tota
732 357 954 417 produXit3
993 367 1037 406 at
1073 363 1259 405 hominis
1290 377 1443 416 corpus
1474 361 1660 415 primum

103 443 144 482 et
181 438 454 493 singulariter
494 436 614 490 quasi
652 451 780 478 manu
811 450 886 477 sua
915 434 1090 477 effinxit.
1121 434 1246 477 Unde
1276 436 1317 476 et
1346 434 1465 487 ipse
1495 433 1660 473 Adam

101 512 209 554 Heb.
247 511 300 553 ab
338 511 518 560 Adama,
549 511 596 550 ut
623 508 753 550 homo
785 508 837 548 ab
866 507 1009 558 humo,
1042 521 1273 558 omnesque
1303 506 1356 547 ab
1387 520 1435 547 eo
1465 505 1658 547 homines

102 573 489 626 denominationem
528 582 754 635 accipiunt,
793 579 895 622 Gen.
925 581 962 631 3,
994 580 1056 620 19.
1087 582 1128 620 et
1155 579 1193 630 5,
1222 580 1258 620 2.

153 655 247 697 XII.
276 654 338 697 Ut
368 657 509 696 autem
538 653 581 694 in
610 652 790 694 materia
818 653 957 692 terrea
988 652 1051 691 est
1081 649 1316 691 admonitio
1346 651 1516 690 nostrae
1545 647 1662 689 infir-

100 727 262 769 mitatis
305 729 346 768 et
382 724 622 767 humilioris
659 726 837 766 naturae
877 723 1186 775 argumentum,
1228 719 1330 762 Gen.
1369 721 1407 771 3,
1439 720 1500 760 19.
1531 719 1590 760 ita
1620 718 1664 759 in

100 798 344 840 immediata
369 797 450 838 hac
474 794 695 838 excellenti
710 793 1003 848 plasmatione,
1021 791 1243 845 dignitatis
1260 793 1323 832 est
1340 789 1663 832 commendatio.

152 868 268 910 XIII.
298 868 461 921 Corpus
489 881 588 909 vero
617 867 679 908 ita
708 881 732 907 a
761 864 853 906 Deo
885 865 1155 906 efformatum
1185 863 1358 905 δεκτικὸν
1388 862 1469 903 fuit
1500 861 1664 903 animae

99 942 322 992 humanae,
348 943 475 993 atque
499 939 560 980 ita
585 939 891 991 comparatum,
916 938 963 976 ut
986 936 1186 977 idoneum
1204 935 1535 975 instrumentum
1554 932 1666 974 foret

99 1013 196 1055 talis
236 1012 400 1054 animae
439 1010 738 1062 actionumque
778 1009 878 1061 ejus,
918 1022 966 1049 ac
994 1007 1150 1048 nullius
1179 1008 1401 1059 praeterea
1431 1003 1665 1058 spiritualis

99 1087 277 1127 naturae
304 1099 380 1137 per
413 1098 469 1124 se.

151 1156 266 1198 XIV.
305 1155 482 1211 Corpori
519 1153 764 1208 hujusmodi
804 1151 965 1194 addidit
1000 1150 1149 1192 deinde
1178 1152 1220 1192 et
1248 1149 1401 1191 indidit
1431 1147 1546 1189 Deus
1576 1147 1665 1188 ani—

99 1243 213 1270 mam
242 1242 314 1269 seu
345 1226 678 1282 spiraculum
706 1225 875 1275 vitae,
906 1237 1014 1275 quae
1041 1222 1228 1276 generali
1251 1236 1353 1263 voce
1377 1220 1486 1262 Heb.
1513 1218 1666 1261 dicitur

101 1303 203 1351 ΠἸἾ,
227 1299 404 1350 ruach,
430 1298 614 1353 spiritus,
641 1296 890 1350 specialiore
915 1297 1033 1337 mm.
1060 1292 1362 1348 nephesch,
1388 1291 1539 1343 anima,
1559 1305 1665 1343 quae

100 1369 328 1412 animantis
370 1371 540 1410 tantum
570 1371 644 1420 est,
676 1383 724 1410 ac
754 1367 1058 1422 specialissima
1088 1367 1247 1417 unm,
1276 1363 1440 1406 nesch
1455 1378 1585 1414 ema,
1624 1362 1666 1403 id

101 1445 177 1494 est,
221 1441 480 1495 spiraculum
519 1455 593 1482 seu
631 1439 801 1491 halitus,
844 1454 950 1491 quae
989 1437 1153 1479 homini
1191 1436 1278 1478 fere
1307 1434 1665 1477 accommodatur.

101 1514 247 1564 Qualis
277 1513 495 1555 distinctio
526 1512 688 1554 Latinis
718 1512 828 1553 inter
867 1509 1162 1563 Spiritum,
1198 1507 1443 1549 Animam
1472 1508 1513 1547 et
1542 1505 1665 1546 Ani-

99 1601 253 1637 mum,
292 1601 378 1628 non
409 1584 523 1638 quod
550 1583 644 1637 ipsa
672 1583 799 1624 flatus
829 1581 1001 1634 quidam
1029 1596 1102 1622 seu
1131 1582 1293 1631 ventus,
1325 1580 1399 1620 aut
1432 1577 1591 1619 halitus
1619 1591 1667 1618 ac

102 1657 303 1700 evanidus
341 1657 517 1711 spiritus
556 1655 622 1707 sit,
664 1654 735 1696 sed
764 1654 878 1706 quod
908 1652 1182 1694 similitudine
1210 1666 1352 1693 rerum
1380 1651 1562 1701 illarum,
1591 1663 1667 1690 na-

99 1730 220 1770 turae
246 1727 374 1781 hujus
405 1727 620 1769 subtilitas
651 1729 692 1768 et
721 1726 916 1780 potentia
944 1724 1218 1779 significetur,
1250 1722 1482 1777 spiritualis
1508 1721 1667 1763 scilicet

101 1802 265 1849 natura,
296 1813 526 1853 corporeae
556 1798 770 1853 opposita.

153 1869 247 1913 XV.
276 1870 357 1912 Est
385 1870 530 1923 itaque
558 1884 644 1911 non
675 1869 868 1911 accidens
900 1871 973 1910 aut
1003 1867 1200 1921 qualitas,
1231 1867 1302 1908 sed
1331 1865 1591 1915 substantia;
1627 1867 1668 1906 et

102 1942 273 1995 quidem
310 1956 396 1984 non
435 1941 681 1995 corporalis,
719 1940 853 1982 tactui
898 1939 1090 1992 visuique
1132 1939 1333 1991 subjecta,
1379 1937 1451 1978 sed
1495 1936 1666 1978 omnino

102 2013 348 2067 spiritualis.
380 2012 582 2062 Quamvis
612 2013 723 2056 inter
751 2015 915 2054 veteres
945 2011 1129 2053 Graecos
1158 2012 1300 2064 patres
1330 2009 1513 2062 quidam,
1541 2008 1668 2050 etiam

101 2084 213 2126 inter
251 2083 425 2126 Latinos
462 2084 678 2126 Arnobius
715 2086 757 2125 et
787 2083 1075 2125 Tertullianus
1105 2085 1182 2124 etc.
1213 2081 1368 2123 subtile
1399 2095 1552 2134 corpus
1582 2082 1668 2121 sta-

102 2157 221 2197 tuere
236 2155 471 2197 videantur.
489 2154 581 2198 Nos
596 2170 695 2198 vero
712 2156 830 2197 illam
847 2170 870 2197 a
884 2157 1039 2197 natura
1055 2153 1246 2208 corporis
1259 2153 1382 2208 plane
1395 2151 1667 2205 sejungimus.

155 2225 271 2269 XVI.
295 2225 387 2268 Imo
413 2241 513 2269 vero
538 2227 637 2268 talis
661 2226 835 2280 spiritus
860 2229 935 2278 est,
963 2226 1036 2279 qui
1060 2226 1293 2279 separatim
1320 2240 1344 2266 a
1368 2237 1546 2277 corpore
1571 2222 1670 2264 sub-

105 2299 254 2341 sistere
287 2300 442 2352 potest,
473 2298 587 2351 quod
617 2298 899 2352 comprobant
927 2297 1031 2339 haec
1061 2296 1102 2340 S.
1133 2295 1379 2349 Scripturae
1409 2293 1667 2345 testimonia,

105 2370 206 2413 Gen.
231 2371 268 2423 2,
295 2371 330 2411 7.
355 2368 468 2411 Eccl.
495 2370 556 2422 12,
583 2370 619 2411 7.
640 2368 743 2411 Mat.
770 2369 832 2421 10,
859 2369 923 2410 28.
951 2367 1048 2410 Luc.
1075 2369 1137 2419 23,
1163 2367 1228 2408 43.
1252 2367 1318 2408 46.
1344 2365 1438 2407 Act.
1456 2365 1492 2417 7,
1509 2365 1572 2406 59.
1590 2366 1668 2405 etc.

156 2439 293 2483 XVII.
332 2440 487 2482 Differt
525 2439 578 2482 ab
611 2439 817 2494 Angelica
847 2442 1012 2492 natura,
1043 2439 1135 2492 (qui
1165 2441 1207 2480 et
1234 2438 1317 2492 ipsi
1347 2436 1521 2490 spiritus
1551 2433 1667 2486 sunt)

105 2513 219 2566 quod
256 2512 412 2566 Angeli
449 2512 511 2554 ita
549 2514 770 2566 separatae
809 2512 893 2553 sint
922 2526 946 2553 a
975 2525 1153 2564 corpore
1184 2509 1400 2561 essentiae,
1431 2510 1478 2549 ut
1507 2506 1669 2548 nullam

105 2584 158 2626 ad
187 2599 340 2638 corpus
371 2583 638 2626 affectionem
669 2584 909 2626 naturalem
938 2583 1136 2634 habeant,
1168 2582 1307 2624 anima
1335 2595 1435 2622 vero
1468 2581 1626 2621 contra.

158 2654 316 2698 XVIII.
345 2654 424 2697 Est
453 2658 596 2697 autem
623 2670 680 2697 ex
713 2655 844 2707 Deo,
874 2669 960 2697 non
990 2657 1038 2696 ut
1067 2669 1118 2696 ex
1147 2652 1325 2694 materia
1355 2654 1396 2693 et
1421 2666 1472 2693 ex
1496 2650 1669 2692 traduce

105 2727 200 2780 Dei,
239 2742 314 2769 ceu
353 2728 441 2780 ejus
482 2726 688 2779 quaedam
726 2726 954 2780 particula3
996 2726 1069 2767 sed
1096 2728 1144 2766 ut
1174 2740 1195 2766 e
1225 2738 1349 2766 causa
1378 2723 1597 2775 efficiente,
1628 2724 1670 2764 et

107 2813 276 2842 accessu
319 2799 503 2852 quodam
544 2800 721 2840 naturae
752 2798 955 2852 propiore
981 2798 1033 2839 ad
1058 2796 1283 2839 essentiam
1305 2795 1386 2838 Dei
1410 2795 1669 2837 divinarum-

109 2885 190 2923 que
219 2870 536 2924 proprietatum
564 2868 880 2921 assimilatione,
911 2868 1005 2910 Act.
1036 2868 1099 2919 17,
1129 2867 1192 2909 28.
1224 2867 1286 2909 29.

161 2939 275 2983 ΧΙΧ.
290 2940 441 2993 Neque
458 2956 508 2983 ex
525 2941 609 2982 ulla
626 2939 797 2982 omnino
815 2939 1009 2992 essentia,
1025 2938 1111 2981 sive
1128 2937 1298 2980 coelesti
1314 2937 1401 2980 sive
1413 2937 1669 2989 elementari,
