<?xml version="1.0" encoding="UTF-8"?>
<!DOCTYPE html PUBLIC "-//W3C//DTD XHTML 1.0 Transitional//EN"
    "http://www.w3.org/TR/xhtml1/DTD/xhtml1-transitional.dtd">
<html xmlns="http://www.w3.org/1999/xhtml" xml:lang="en" lang="en">
 <head>
  <title>
</title>
<meta http-equiv="Content-Type" content="text/html;charset=utf-8" />
  <meta name='ocr-system' content='tesseract 3.04.00' />
  <meta name='ocr-capabilities' content='ocr_page ocr_carea ocr_par ocr_line ocrx_word'/>
</head>
<body>
  <div class='ocr_page' id='page_1' title='image "./synopsispurioris00poly_0221.png"; bbox 0 0 1931 3224; ppageno 0'>
   <div class='ocr_carea' id='block_1_1' title="bbox 544 111 1687 158">
    <p class='ocr_par' dir='ltr' id='par_1_1' title="bbox 544 111 1687 158">
     <span class='ocr_line' id='line_1_1' title="bbox 544 111 1687 158; baseline 0.001 -2"><span class='ocrx_word' id='word_1_1' title='bbox 544 113 607 156; x_wconf 68' lang='lat' dir='ltr'>DE</span> <span class='ocrx_word' id='word_1_2' title='bbox 635 112 840 158; x_wconf 78' lang='lat' dir='ltr'><strong>SABBATHO</strong></span> <span class='ocrx_word' id='word_1_3' title='bbox 869 127 916 155; x_wconf 75' lang='lat' dir='ltr'>ET</span> <span class='ocrx_word' id='word_1_4' title='bbox 944 111 1025 154; x_wconf 77' lang='lat' dir='ltr'>Dm</span> <span class='ocrx_word' id='word_1_5' title='bbox 1053 112 1267 155; x_wconf 74' lang='lat' dir='ltr'>D0M1N1co.</span> <span class='ocrx_word' id='word_1_6' title='bbox 1610 116 1687 157; x_wconf 83' lang='lat'>199</span> 
     </span>
    </p>
   </div>
   <div class='ocr_carea' id='block_1_2' title="bbox 120 237 1694 866">
    <p class='ocr_par' dir='ltr' id='par_1_2' title="bbox 120 237 1694 866">
     <span class='ocr_line' id='line_1_2' title="bbox 122 237 1691 295; baseline -0.003 -9"><span class='ocrx_word' id='word_1_7' title='bbox 122 242 296 286; x_wconf 87' lang='lat' dir='ltr'>tandam</span> <span class='ocrx_word' id='word_1_8' title='bbox 330 239 552 295; x_wconf 88' lang='lat' dir='ltr'>praedicit,</span> <span class='ocrx_word' id='word_1_9' title='bbox 585 239 647 281; x_wconf 90' lang='lat' dir='ltr'>ita</span> <span class='ocrx_word' id='word_1_10' title='bbox 677 240 725 280; x_wconf 92' lang='lat' dir='ltr'>ut</span> <span class='ocrx_word' id='word_1_11' title='bbox 753 253 840 280; x_wconf 89' lang='lat' dir='ltr'>non</span> <span class='ocrx_word' id='word_1_12' title='bbox 869 238 1034 280; x_wconf 89' lang='lat' dir='ltr'>dicatur</span> <span class='ocrx_word' id='word_1_13' title='bbox 1061 238 1186 289; x_wconf 87' lang='lat' dir='ltr'>ultra,</span> <span class='ocrx_word' id='word_1_14' title='bbox 1216 237 1421 280; x_wconf 81' lang='lat' dir='ltr'>Vivens</span> <span class='ocrx_word' id='word_1_15' title='bbox 1452 239 1543 292; x_wconf 88' lang='lat' dir='ltr'>qui</span> <span class='ocrx_word' id='word_1_16' title='bbox 1573 240 1691 282; x_wconf 90' lang='lat' dir='ltr'>edu-</span> 
     </span>
     <span class='ocr_line' id='line_1_3' title="bbox 122 309 1689 364; baseline -0.003 -7"><span class='ocrx_word' id='word_1_17' title='bbox 122 314 204 358; x_wconf 87' lang='lat' dir='ltr'>xit</span> <span class='ocrx_word' id='word_1_18' title='bbox 241 312 416 356; x_wconf 71' lang='lat' dir='ltr'>Israel</span> <span class='ocrx_word' id='word_1_19' title='bbox 454 326 475 354; x_wconf 93' lang='lat' dir='ltr'>e</span> <span class='ocrx_word' id='word_1_20' title='bbox 512 314 661 353; x_wconf 90' lang='lat' dir='ltr'>terra</span> <span class='ocrx_word' id='word_1_21' title='bbox 697 310 964 364; x_wconf 87' lang='lat' dir='ltr'>Aegypti,</span> <span class='ocrx_word' id='word_1_22' title='bbox 1002 309 1092 351; x_wconf 90' lang='lat' dir='ltr'>sed</span> <span class='ocrx_word' id='word_1_23' title='bbox 1130 324 1151 351; x_wconf 93' lang='lat' dir='ltr'>e</span> <span class='ocrx_word' id='word_1_24' title='bbox 1188 312 1338 351; x_wconf 87' lang='lat' dir='ltr'>terra</span> <span class='ocrx_word' id='word_1_25' title='bbox 1374 310 1689 364; x_wconf 90' lang='lat' dir='ltr'>Aquilonis,</span> 
     </span>
     <span class='ocr_line' id='line_1_4' title="bbox 123 380 1692 437; baseline -0.003 -8"><span class='ocrx_word' id='word_1_26' title='bbox 123 388 218 429; x_wconf 90' lang='lat' dir='ltr'>etc.</span> <span class='ocrx_word' id='word_1_27' title='bbox 259 384 346 428; x_wconf 87' lang='lat' dir='ltr'>Jer.</span> <span class='ocrx_word' id='word_1_28' title='bbox 389 385 453 436; x_wconf 86' lang='lat'>16,</span> <span class='ocrx_word' id='word_1_29' title='bbox 498 384 561 425; x_wconf 87' lang='lat'>14.</span> <span class='ocrx_word' id='word_1_30' title='bbox 603 381 809 426; x_wconf 82' lang='lat' dir='ltr'>Similiter</span> <span class='ocrx_word' id='word_1_31' title='bbox 849 381 894 423; x_wconf 87' lang='lat' dir='ltr'>in</span> <span class='ocrx_word' id='word_1_32' title='bbox 935 381 1163 437; x_wconf 69' lang='grc' dir='ltr'>αἱτιολογίᾳ</span> <span class='ocrx_word' id='word_1_33' title='bbox 1205 380 1414 424; x_wconf 85' lang='lat' dir='ltr'>Sabbathi</span> <span class='ocrx_word' id='word_1_34' title='bbox 1454 383 1692 436; x_wconf 70' lang='lat' dir='ltr'>specialiter</span> 
     </span>
     <span class='ocr_line' id='line_1_5' title="bbox 122 453 1692 511; baseline -0.002 -11"><span class='ocrx_word' id='word_1_35' title='bbox 122 456 356 511; x_wconf 87' lang='lat' dir='ltr'>subjicitur,</span> <span class='ocrx_word' id='word_1_36' title='bbox 394 454 708 497; x_wconf 88' lang='lat' dir='ltr'>Memineris</span> <span class='ocrx_word' id='word_1_37' title='bbox 748 454 888 507; x_wconf 88' lang='lat' dir='ltr'>quod</span> <span class='ocrx_word' id='word_1_38' title='bbox 925 468 1112 496; x_wconf 90' lang='lat' dir='ltr'>servus</span> <span class='ocrx_word' id='word_1_39' title='bbox 1148 453 1310 495; x_wconf 89' lang='lat' dir='ltr'>fuisti</span> <span class='ocrx_word' id='word_1_40' title='bbox 1339 454 1391 495; x_wconf 89' lang='lat' dir='ltr'>in</span> <span class='ocrx_word' id='word_1_41' title='bbox 1420 456 1569 496; x_wconf 89' lang='lat' dir='ltr'>terra</span> <span class='ocrx_word' id='word_1_42' title='bbox 1597 455 1692 498; x_wconf 87' lang='lat' dir='ltr'>Ae-</span> 
     </span>
     <span class='ocr_line' id='line_1_6' title="bbox 123 525 1693 584; baseline -0.001 -14"><span class='ocrx_word' id='word_1_43' title='bbox 123 528 303 584; x_wconf 84' lang='lat' dir='ltr'>gypti,</span> <span class='ocrx_word' id='word_1_44' title='bbox 334 529 384 569; x_wconf 92' lang='lat' dir='ltr'>et</span> <span class='ocrx_word' id='word_1_45' title='bbox 414 526 601 569; x_wconf 87' lang='lat' dir='ltr'>eduxit</span> <span class='ocrx_word' id='word_1_46' title='bbox 629 528 680 568; x_wconf 93' lang='lat' dir='ltr'>te</span> <span class='ocrx_word' id='word_1_47' title='bbox 709 525 969 567; x_wconf 86' lang='lat' dir='ltr'>Dominus</span> <span class='ocrx_word' id='word_1_48' title='bbox 992 525 1136 567; x_wconf 90' lang='lat' dir='ltr'>Deus</span> <span class='ocrx_word' id='word_1_49' title='bbox 1161 527 1287 567; x_wconf 90' lang='lat' dir='ltr'>tuus</span> <span class='ocrx_word' id='word_1_50' title='bbox 1312 525 1436 568; x_wconf 89' lang='lat' dir='ltr'>inde</span> <span class='ocrx_word' id='word_1_51' title='bbox 1461 526 1512 567; x_wconf 92' lang='lat' dir='ltr'>in</span> <span class='ocrx_word' id='word_1_52' title='bbox 1537 541 1693 568; x_wconf 88' lang='lat' dir='ltr'>manu</span> 
     </span>
     <span class='ocr_line' id='line_1_7' title="bbox 121 596 1693 653; baseline -0.001 -11"><span class='ocrx_word' id='word_1_53' title='bbox 121 600 327 653; x_wconf 89' lang='lat' dir='ltr'>valida,</span> <span class='ocrx_word' id='word_1_54' title='bbox 375 601 426 641; x_wconf 93' lang='lat' dir='ltr'>et</span> <span class='ocrx_word' id='word_1_55' title='bbox 462 597 691 640; x_wconf 88' lang='lat' dir='ltr'>brachio</span> <span class='ocrx_word' id='word_1_56' title='bbox 732 599 969 639; x_wconf 87' lang='lat' dir='ltr'>extento.</span> <span class='ocrx_word' id='word_1_57' title='bbox 1006 596 1221 638; x_wconf 82' lang='lat' dir='ltr'>Idcirco</span> <span class='ocrx_word' id='word_1_58' title='bbox 1260 598 1549 651; x_wconf 89' lang='lat' dir='ltr'>praecepit</span> <span class='ocrx_word' id='word_1_59' title='bbox 1586 599 1693 641; x_wconf 91' lang='lat' dir='ltr'>tibi</span> 
     </span>
     <span class='ocr_line' id='line_1_8' title="bbox 120 668 1692 715; baseline -0.001 -1"><span class='ocrx_word' id='word_1_60' title='bbox 120 671 380 715; x_wconf 85' lang='lat' dir='ltr'>Dominus</span> <span class='ocrx_word' id='word_1_61' title='bbox 423 669 564 711; x_wconf 92' lang='lat' dir='ltr'>Deus</span> <span class='ocrx_word' id='word_1_62' title='bbox 607 671 732 710; x_wconf 89' lang='lat' dir='ltr'>tuus</span> <span class='ocrx_word' id='word_1_63' title='bbox 773 668 834 710; x_wconf 87' lang='lat' dir='ltr'>ad</span> <span class='ocrx_word' id='word_1_64' title='bbox 876 668 1182 710; x_wconf 88' lang='lat' dir='ltr'>faciendum</span> <span class='ocrx_word' id='word_1_65' title='bbox 1225 668 1363 710; x_wconf 88' lang='lat' dir='ltr'>diem</span> <span class='ocrx_word' id='word_1_66' title='bbox 1405 668 1692 712; x_wconf 85' lang='lat' dir='ltr'>Sabbathi.</span> 
     </span>
     <span class='ocr_line' id='line_1_9' title="bbox 121 740 1694 797; baseline 0 -11"><span class='ocrx_word' id='word_1_67' title='bbox 121 743 267 786; x_wconf 85' lang='lat' dir='ltr'>Etiam</span> <span class='ocrx_word' id='word_1_68' title='bbox 312 742 357 783; x_wconf 92' lang='lat' dir='ltr'>in</span> <span class='ocrx_word' id='word_1_69' title='bbox 405 740 544 794; x_wconf 91' lang='lat' dir='ltr'>quinti</span> <span class='ocrx_word' id='word_1_70' title='bbox 581 740 800 795; x_wconf 85' lang='lat' dir='ltr'>praecepti</span> <span class='ocrx_word' id='word_1_71' title='bbox 836 740 1129 795; x_wconf 74' lang='lat' dir='ltr'>promissione,</span> <span class='ocrx_word' id='word_1_72' title='bbox 1168 740 1238 783; x_wconf 90' lang='lat' dir='ltr'>Ut</span> <span class='ocrx_word' id='word_1_73' title='bbox 1276 740 1349 782; x_wconf 90' lang='lat' dir='ltr'>sis</span> <span class='ocrx_word' id='word_1_74' title='bbox 1390 741 1694 797; x_wconf 82' lang='lat' dir='ltr'>longaevus</span> 
     </span>
     <span class='ocr_line' id='line_1_10' title="bbox 120 803 1694 866; baseline 0.001 -9"><span class='ocrx_word' id='word_1_75' title='bbox 120 803 175 857; x_wconf 88' lang='lat' dir='ltr'>in</span> <span class='ocrx_word' id='word_1_76' title='bbox 202 818 374 866; x_wconf 87' lang='lat' dir='ltr'>terra,</span> <span class='ocrx_word' id='word_1_77' title='bbox 405 828 558 866; x_wconf 90' lang='lat' dir='ltr'>quam</span> <span class='ocrx_word' id='word_1_78' title='bbox 586 811 693 854; x_wconf 88' lang='lat' dir='ltr'>tibi</span> <span class='ocrx_word' id='word_1_79' title='bbox 721 811 985 853; x_wconf 88' lang='lat' dir='ltr'>Dominus</span> <span class='ocrx_word' id='word_1_80' title='bbox 1015 811 1158 853; x_wconf 91' lang='lat' dir='ltr'>Deus</span> <span class='ocrx_word' id='word_1_81' title='bbox 1186 814 1312 854; x_wconf 92' lang='lat' dir='ltr'>tuus</span> <span class='ocrx_word' id='word_1_82' title='bbox 1342 813 1572 855; x_wconf 90' lang='lat' dir='ltr'>daturus</span> <span class='ocrx_word' id='word_1_83' title='bbox 1601 818 1694 858; x_wconf 89' lang='lat' dir='ltr'>est.</span> 
     </span>
    </p>
   </div>
   <div class='ocr_carea' id='block_1_3' title="bbox 121 882 1768 939">
    <p class='ocr_par' dir='ltr' id='par_1_3' title="bbox 121 882 1768 939">
     <span class='ocr_line' id='line_1_11' title="bbox 121 882 1768 939; baseline 0.001 -9"><span class='ocrx_word' id='word_1_84' title='bbox 121 886 209 931; x_wconf 89' lang='lat' dir='ltr'>Ubi</span> <span class='ocrx_word' id='word_1_85' title='bbox 249 885 505 939; x_wconf 69' lang='lat' dir='ltr'>intelligitur</span> <span class='ocrx_word' id='word_1_86' title='bbox 541 887 655 927; x_wconf 89' lang='lat' dir='ltr'>terra</span> <span class='ocrx_word' id='word_1_87' title='bbox 694 883 873 935; x_wconf 83' lang='lat' dir='ltr'>Canaan,</span> <span class='ocrx_word' id='word_1_88' title='bbox 913 883 1075 937; x_wconf 91' lang='lat' dir='ltr'>populo</span> <span class='ocrx_word' id='word_1_89' title='bbox 1106 882 1340 926; x_wconf 66' lang='lat' dir='ltr'>Israelitico</span> <span class='ocrx_word' id='word_1_90' title='bbox 1372 886 1592 938; x_wconf 87' lang='lat' dir='ltr'>promissa.</span> <span class='ocrx_word' id='word_1_91' title='bbox 1624 886 1692 929; x_wconf 89' lang='lat' dir='ltr'>Ita</span> <span class='ocrx_word' id='word_1_92' title='bbox 1764 929 1768 931; x_wconf 84' lang='lat'>.</span> 
     </span>
    </p>
   </div>
   <div class='ocr_carea' id='block_1_4' title="bbox 117 955 1694 3014">
    <p class='ocr_par' dir='ltr' id='par_1_4' title="bbox 121 955 1109 1012">
     <span class='ocr_line' id='line_1_12' title="bbox 121 955 1109 1012; baseline -0.004 -12"><span class='ocrx_word' id='word_1_93' title='bbox 121 960 169 1000; x_wconf 90' lang='lat' dir='ltr'>ut</span> <span class='ocrx_word' id='word_1_94' title='bbox 198 972 330 1012; x_wconf 84' lang='lat' dir='ltr'>genus</span> <span class='ocrx_word' id='word_1_95' title='bbox 360 957 413 998; x_wconf 87' lang='lat' dir='ltr'>ad</span> <span class='ocrx_word' id='word_1_96' title='bbox 441 956 627 1010; x_wconf 89' lang='lat' dir='ltr'>speciem</span> <span class='ocrx_word' id='word_1_97' title='bbox 656 955 726 997; x_wconf 92' lang='lat' dir='ltr'>hic</span> <span class='ocrx_word' id='word_1_98' title='bbox 755 955 1109 997; x_wconf 84' lang='lat' dir='ltr'>accommodetur.</span> 
     </span>
    </p>

    <p class='ocr_par' dir='ltr' id='par_1_5' title="bbox 118 1027 1694 1285">
     <span class='ocr_line' id='line_1_13' title="bbox 173 1027 1693 1083; baseline 0 -12"><span class='ocrx_word' id='word_1_99' title='bbox 173 1028 322 1071; x_wconf 84' lang='lat' dir='ltr'>XLIX.</span> <span class='ocrx_word' id='word_1_100' title='bbox 360 1027 421 1071; x_wconf 88' lang='lat' dir='ltr'>Ut</span> <span class='ocrx_word' id='word_1_101' title='bbox 450 1042 552 1081; x_wconf 89' lang='lat' dir='ltr'>ergo</span> <span class='ocrx_word' id='word_1_102' title='bbox 582 1027 763 1082; x_wconf 88' lang='lat' dir='ltr'>speciale</span> <span class='ocrx_word' id='word_1_103' title='bbox 791 1027 1103 1080; x_wconf 82' lang='lat' dir='ltr'>praesupponit</span> <span class='ocrx_word' id='word_1_104' title='bbox 1132 1027 1341 1080; x_wconf 85' lang='lat' dir='ltr'>generale,</span> <span class='ocrx_word' id='word_1_105' title='bbox 1374 1028 1487 1080; x_wconf 91' lang='lat' dir='ltr'>quod</span> <span class='ocrx_word' id='word_1_106' title='bbox 1517 1029 1569 1070; x_wconf 85' lang='lat' dir='ltr'>ad</span> <span class='ocrx_word' id='word_1_107' title='bbox 1599 1044 1693 1083; x_wconf 92' lang='lat' dir='ltr'>spe-</span> 
     </span>
     <span class='ocr_line' id='line_1_14' title="bbox 120 1098 1694 1152; baseline 0.001 -11"><span class='ocrx_word' id='word_1_108' title='bbox 120 1100 227 1142; x_wconf 86' lang='lat' dir='ltr'>ciem</span> <span class='ocrx_word' id='word_1_109' title='bbox 262 1102 507 1141; x_wconf 86' lang='lat' dir='ltr'>revocatur:</span> <span class='ocrx_word' id='word_1_110' title='bbox 546 1099 608 1140; x_wconf 88' lang='lat' dir='ltr'>ita</span> <span class='ocrx_word' id='word_1_111' title='bbox 647 1098 848 1140; x_wconf 90' lang='lat' dir='ltr'>divinitus</span> <span class='ocrx_word' id='word_1_112' title='bbox 886 1098 1062 1152; x_wconf 86' lang='lat' dir='ltr'>speciali</span> <span class='ocrx_word' id='word_1_113' title='bbox 1096 1098 1271 1150; x_wconf 87' lang='lat' dir='ltr'>abolito,</span> <span class='ocrx_word' id='word_1_114' title='bbox 1313 1100 1508 1152; x_wconf 86' lang='lat' dir='ltr'>generale</span> <span class='ocrx_word' id='word_1_115' title='bbox 1548 1104 1694 1143; x_wconf 90' lang='lat' dir='ltr'>manet</span> 
     </span>
     <span class='ocr_line' id='line_1_15' title="bbox 118 1169 1687 1226; baseline 0.001 -13"><span class='ocrx_word' id='word_1_116' title='bbox 118 1171 344 1213; x_wconf 87' lang='lat' dir='ltr'>immotum</span> <span class='ocrx_word' id='word_1_117' title='bbox 374 1172 416 1212; x_wconf 89' lang='lat' dir='ltr'>et</span> <span class='ocrx_word' id='word_1_118' title='bbox 442 1169 721 1223; x_wconf 83' lang='lat' dir='ltr'>immutabile,</span> <span class='ocrx_word' id='word_1_119' title='bbox 753 1169 1080 1223; x_wconf 88' lang='lat' dir='ltr'>specificandum</span> <span class='ocrx_word' id='word_1_120' title='bbox 1110 1172 1253 1212; x_wconf 85' lang='lat' dir='ltr'>tamen</span> <span class='ocrx_word' id='word_1_121' title='bbox 1283 1171 1511 1213; x_wconf 90' lang='lat' dir='ltr'>secundum</span> <span class='ocrx_word' id='word_1_122' title='bbox 1541 1172 1687 1226; x_wconf 86' lang='lat' dir='ltr'>singu-</span> 
     </span>
     <span class='ocr_line' id='line_1_16' title="bbox 119 1241 1098 1285; baseline -0.001 0"><span class='ocrx_word' id='word_1_123' title='bbox 119 1243 250 1285; x_wconf 84' lang='lat' dir='ltr'>larem</span> <span class='ocrx_word' id='word_1_124' title='bbox 279 1241 491 1284; x_wconf 89' lang='lat' dir='ltr'>rationem</span> <span class='ocrx_word' id='word_1_125' title='bbox 519 1243 562 1283; x_wconf 88' lang='lat' dir='ltr'>et</span> <span class='ocrx_word' id='word_1_126' title='bbox 589 1255 746 1283; x_wconf 86' lang='lat' dir='ltr'>novam</span> <span class='ocrx_word' id='word_1_127' title='bbox 775 1241 1098 1284; x_wconf 82' lang='lat' dir='ltr'>ordinationem.</span> 
     </span>
    </p>

    <p class='ocr_par' dir='ltr' id='par_1_6' title="bbox 118 1312 1692 2085">
     <span class='ocr_line' id='line_1_17' title="bbox 172 1312 1692 1367; baseline 0.003 -11"><span class='ocrx_word' id='word_1_128' title='bbox 172 1313 217 1356; x_wconf 91' lang='lat' dir='ltr'>L.</span> <span class='ocrx_word' id='word_1_129' title='bbox 245 1313 294 1356; x_wconf 90' lang='lat' dir='ltr'>In</span> <span class='ocrx_word' id='word_1_130' title='bbox 321 1312 447 1356; x_wconf 84' lang='lat' dir='ltr'>Novo</span> <span class='ocrx_word' id='word_1_131' title='bbox 472 1314 618 1367; x_wconf 87' lang='lat' dir='ltr'>itaque</span> <span class='ocrx_word' id='word_1_132' title='bbox 642 1313 931 1366; x_wconf 88' lang='lat' dir='ltr'>Testamento,</span> <span class='ocrx_word' id='word_1_133' title='bbox 959 1314 1151 1367; x_wconf 89' lang='lat' dir='ltr'>quamvis</span> <span class='ocrx_word' id='word_1_134' title='bbox 1177 1314 1443 1357; x_wconf 82' lang='lat' dir='ltr'>Sabbathum</span> <span class='ocrx_word' id='word_1_135' title='bbox 1468 1314 1496 1357; x_wconf 83' lang='lat' dir='ltr'>J</span> <span class='ocrx_word' id='word_1_136' title='bbox 1499 1315 1692 1360; x_wconf 87' lang='lat' dir='ltr'>adaicum</span> 
     </span>
     <span class='ocr_line' id='line_1_18' title="bbox 121 1385 1692 1441; baseline 0.001 -12"><span class='ocrx_word' id='word_1_137' title='bbox 121 1401 215 1429; x_wconf 90' lang='lat' dir='ltr'>cum</span> <span class='ocrx_word' id='word_1_138' title='bbox 252 1385 418 1439; x_wconf 89' lang='lat' dir='ltr'>reliqua</span> <span class='ocrx_word' id='word_1_139' title='bbox 454 1386 548 1439; x_wconf 86' lang='lat' dir='ltr'>lege</span> <span class='ocrx_word' id='word_1_140' title='bbox 577 1385 890 1438; x_wconf 89' lang='lat' dir='ltr'>mandatorum,</span> <span class='ocrx_word' id='word_1_141' title='bbox 921 1401 1028 1438; x_wconf 88' lang='lat' dir='ltr'>quae</span> <span class='ocrx_word' id='word_1_142' title='bbox 1056 1386 1102 1428; x_wconf 92' lang='lat' dir='ltr'>in</span> <span class='ocrx_word' id='word_1_143' title='bbox 1130 1386 1285 1428; x_wconf 89' lang='lat' dir='ltr'>ritibus</span> <span class='ocrx_word' id='word_1_144' title='bbox 1313 1388 1455 1441; x_wconf 89' lang='lat' dir='ltr'>posita</span> <span class='ocrx_word' id='word_1_145' title='bbox 1485 1390 1588 1440; x_wconf 86' lang='lat' dir='ltr'>erat,</span> <span class='ocrx_word' id='word_1_146' title='bbox 1618 1403 1692 1441; x_wconf 92' lang='lat' dir='ltr'>per</span> 
     </span>
     <span class='ocr_line' id='line_1_19' title="bbox 120 1457 1690 1512; baseline 0.001 -12"><span class='ocrx_word' id='word_1_147' title='bbox 120 1473 288 1500; x_wconf 88' lang='lat' dir='ltr'>carnem</span> <span class='ocrx_word' id='word_1_148' title='bbox 325 1457 485 1500; x_wconf 86' lang='lat' dir='ltr'>Christi</span> <span class='ocrx_word' id='word_1_149' title='bbox 524 1458 698 1511; x_wconf 86' lang='lat' dir='ltr'>ejusque</span> <span class='ocrx_word' id='word_1_150' title='bbox 739 1472 905 1499; x_wconf 89' lang='lat' dir='ltr'>crucem</span> <span class='ocrx_word' id='word_1_151' title='bbox 945 1461 1085 1500; x_wconf 80' lang='lat' dir='ltr'>essent</span> <span class='ocrx_word' id='word_1_152' title='bbox 1123 1458 1295 1511; x_wconf 88' lang='lat' dir='ltr'>abolita,</span> <span class='ocrx_word' id='word_1_153' title='bbox 1326 1458 1438 1512; x_wconf 89' lang='lat' dir='ltr'>Eph.</span> <span class='ocrx_word' id='word_1_154' title='bbox 1468 1460 1504 1500; x_wconf 78' lang='lat'>2.</span> <span class='ocrx_word' id='word_1_155' title='bbox 1537 1458 1624 1502; x_wconf 82' lang='lat' dir='ltr'>Col.</span> <span class='ocrx_word' id='word_1_156' title='bbox 1654 1461 1690 1502; x_wconf 80' lang='lat'>2.</span> 
     </span>
     <span class='ocr_line' id='line_1_20' title="bbox 118 1528 1690 1585; baseline 0.002 -14"><span class='ocrx_word' id='word_1_157' title='bbox 118 1529 350 1582; x_wconf 89' lang='lat' dir='ltr'>fidelesque</span> <span class='ocrx_word' id='word_1_158' title='bbox 379 1529 433 1570; x_wconf 90' lang='lat' dir='ltr'>ab</span> <span class='ocrx_word' id='word_1_159' title='bbox 463 1543 608 1571; x_wconf 91' lang='lat' dir='ltr'>eorum</span> <span class='ocrx_word' id='word_1_160' title='bbox 637 1529 840 1571; x_wconf 89' lang='lat' dir='ltr'>servitute</span> <span class='ocrx_word' id='word_1_161' title='bbox 870 1529 1051 1581; x_wconf 88' lang='lat' dir='ltr'>liberati,</span> <span class='ocrx_word' id='word_1_162' title='bbox 1079 1528 1168 1570; x_wconf 78' lang='lat' dir='ltr'>Gal.</span> <span class='ocrx_word' id='word_1_163' title='bbox 1193 1530 1250 1580; x_wconf 84' lang='lat'>5.;</span> <span class='ocrx_word' id='word_1_164' title='bbox 1276 1532 1466 1572; x_wconf 87' lang='lat' dir='ltr'>attamen</span> <span class='ocrx_word' id='word_1_165' title='bbox 1490 1532 1690 1585; x_wconf 87' lang='lat' dir='ltr'>Apostoli</span> 
     </span>
     <span class='ocr_line' id='line_1_21' title="bbox 120 1599 1692 1661; baseline 0 -17"><span class='ocrx_word' id='word_1_166' title='bbox 120 1616 215 1644; x_wconf 90' lang='lat' dir='ltr'>cum</span> <span class='ocrx_word' id='word_1_167' title='bbox 253 1599 427 1642; x_wconf 86' lang='lat' dir='ltr'>Judaeis</span> <span class='ocrx_word' id='word_1_168' title='bbox 457 1602 769 1652; x_wconf 81' lang='lat' dir='ltr'>conversantes,</span> <span class='ocrx_word' id='word_1_169' title='bbox 803 1599 1076 1642; x_wconf 83' lang='lat' dir='ltr'>Sabbathi</span> <span class='ocrx_word' id='word_1_170' title='bbox 1106 1600 1264 1653; x_wconf 86' lang='lat' dir='ltr'>diem,</span> <span class='ocrx_word' id='word_1_171' title='bbox 1294 1602 1341 1641; x_wconf 90' lang='lat' dir='ltr'>ut</span> <span class='ocrx_word' id='word_1_172' title='bbox 1372 1603 1413 1642; x_wconf 91' lang='lat' dir='ltr'>et</span> <span class='ocrx_word' id='word_1_173' title='bbox 1443 1601 1526 1643; x_wconf 85' lang='lat' dir='ltr'>alia</span> <span class='ocrx_word' id='word_1_174' title='bbox 1554 1601 1692 1661; x_wconf 70' lang='lat' dir='ltr'>Legis,</span> 
     </span>
     <span class='ocr_line' id='line_1_22' title="bbox 118 1670 1689 1725; baseline 0.001 -10"><span class='ocrx_word' id='word_1_175' title='bbox 118 1688 204 1715; x_wconf 88' lang='lat' dir='ltr'>non</span> <span class='ocrx_word' id='word_1_176' title='bbox 233 1672 497 1724; x_wconf 83' lang='lat' dir='ltr'>necessitate,</span> <span class='ocrx_word' id='word_1_177' title='bbox 527 1672 599 1714; x_wconf 91' lang='lat' dir='ltr'>sed</span> <span class='ocrx_word' id='word_1_178' title='bbox 628 1686 707 1725; x_wconf 94' lang='lat' dir='ltr'>pro</span> <span class='ocrx_word' id='word_1_179' title='bbox 738 1670 981 1713; x_wconf 84' lang='lat' dir='ltr'>Christiana</span> <span class='ocrx_word' id='word_1_180' title='bbox 1009 1671 1219 1724; x_wconf 87' lang='lat' dir='ltr'>libertate,</span> <span class='ocrx_word' id='word_1_181' title='bbox 1250 1674 1291 1714; x_wconf 89' lang='lat' dir='ltr'>et</span> <span class='ocrx_word' id='word_1_182' title='bbox 1322 1674 1571 1715; x_wconf 87' lang='lat' dir='ltr'>oeconomia</span> <span class='ocrx_word' id='word_1_183' title='bbox 1601 1689 1689 1716; x_wconf 89' lang='lat' dir='ltr'>cer-</span> 
     </span>
     <span class='ocr_line' id='line_1_23' title="bbox 118 1743 1690 1798; baseline 0.001 -12"><span class='ocrx_word' id='word_1_184' title='bbox 118 1747 250 1798; x_wconf 91' lang='lat' dir='ltr'>toque</span> <span class='ocrx_word' id='word_1_185' title='bbox 290 1743 465 1786; x_wconf 91' lang='lat' dir='ltr'>consilio</span> <span class='ocrx_word' id='word_1_186' title='bbox 503 1758 556 1785; x_wconf 88' lang='lat' dir='ltr'>ne</span> <span class='ocrx_word' id='word_1_187' title='bbox 593 1743 879 1785; x_wconf 80' lang='lat' dir='ltr'>imbecillibus</span> <span class='ocrx_word' id='word_1_188' title='bbox 916 1746 1056 1785; x_wconf 89' lang='lat' dir='ltr'>essent</span> <span class='ocrx_word' id='word_1_189' title='bbox 1096 1744 1308 1796; x_wconf 86' lang='lat' dir='ltr'>scandalo,</span> <span class='ocrx_word' id='word_1_190' title='bbox 1349 1744 1690 1796; x_wconf 86' lang='lat' dir='ltr'>aliquamdiu</span> 
     </span>
     <span class='ocr_line' id='line_1_24' title="bbox 118 1813 1691 1870; baseline 0 -12"><span class='ocrx_word' id='word_1_191' title='bbox 118 1816 496 1868; x_wconf 85' lang='lat' dir='ltr'>retinuerunt,</span> <span class='ocrx_word' id='word_1_192' title='bbox 534 1830 629 1857; x_wconf 92' lang='lat' dir='ltr'>cum</span> <span class='ocrx_word' id='word_1_193' title='bbox 668 1814 856 1867; x_wconf 84' lang='lat' dir='ltr'>Judaeis,</span> <span class='ocrx_word' id='word_1_194' title='bbox 894 1829 979 1856; x_wconf 90' lang='lat' dir='ltr'>non</span> <span class='ocrx_word' id='word_1_195' title='bbox 1016 1817 1160 1856; x_wconf 85' lang='lat' dir='ltr'>tamen</span> <span class='ocrx_word' id='word_1_196' title='bbox 1198 1813 1387 1868; x_wconf 85' lang='lat' dir='ltr'>Judaice,</span> <span class='ocrx_word' id='word_1_197' title='bbox 1417 1820 1691 1870; x_wconf 87' lang='lat' dir='ltr'>usurparunt,</span> 
     </span>
     <span class='ocr_line' id='line_1_25' title="bbox 120 1885 1692 1940; baseline 0 -10"><span class='ocrx_word' id='word_1_198' title='bbox 120 1888 459 1940; x_wconf 81' lang='lat' dir='ltr'>conventumque</span> <span class='ocrx_word' id='word_1_199' title='bbox 486 1886 719 1928; x_wconf 89' lang='lat' dir='ltr'>sollennem</span> <span class='ocrx_word' id='word_1_200' title='bbox 749 1887 980 1940; x_wconf 79' lang='lat' dir='ltr'>agitaruut,</span> <span class='ocrx_word' id='word_1_201' title='bbox 1009 1885 1104 1927; x_wconf 90' lang='lat' dir='ltr'>Act.</span> <span class='ocrx_word' id='word_1_202' title='bbox 1136 1886 1198 1938; x_wconf 84' lang='lat'>13,</span> <span class='ocrx_word' id='word_1_203' title='bbox 1229 1886 1291 1927; x_wconf 93' lang='lat'>14.</span> <span class='ocrx_word' id='word_1_204' title='bbox 1320 1887 1384 1928; x_wconf 84' lang='lat'>44.</span> <span class='ocrx_word' id='word_1_205' title='bbox 1416 1890 1457 1928; x_wconf 89' lang='lat' dir='ltr'>et</span> <span class='ocrx_word' id='word_1_206' title='bbox 1483 1888 1544 1940; x_wconf 82' lang='lat'>16,</span> <span class='ocrx_word' id='word_1_207' title='bbox 1571 1888 1632 1930; x_wconf 86' lang='lat'>13.</span> <span class='ocrx_word' id='word_1_208' title='bbox 1651 1891 1692 1930; x_wconf 90' lang='lat' dir='ltr'>et</span> 
     </span>
     <span class='ocr_line' id='line_1_26' title="bbox 120 1957 1690 2025; baseline 0.001 -24"><span class='ocrx_word' id='word_1_209' title='bbox 120 1959 182 2012; x_wconf 88' lang='grc'>17,</span> <span class='ocrx_word' id='word_1_210' title='bbox 212 1960 249 2000; x_wconf 85' lang='grc'>2.</span> <span class='ocrx_word' id='word_1_211' title='bbox 280 1961 321 2001; x_wconf 88' lang='grc'>61</span> <span class='ocrx_word' id='word_1_212' title='bbox 352 1959 412 2025; x_wconf 51' lang='grc'>18,</span> <span class='ocrx_word' id='word_1_213' title='bbox 443 1960 480 2001; x_wconf 91' lang='lat'>4.</span> <span class='ocrx_word' id='word_1_214' title='bbox 507 1958 668 2001; x_wconf 89' lang='lat' dir='ltr'>scilicet</span> <span class='ocrx_word' id='word_1_215' title='bbox 696 1960 752 1999; x_wconf 90' lang='lat' dir='ltr'>ut</span> <span class='ocrx_word' id='word_1_216' title='bbox 778 1973 891 1999; x_wconf 91' lang='lat' dir='ltr'>cum</span> <span class='ocrx_word' id='word_1_217' title='bbox 914 1957 1146 2010; x_wconf 80' lang='lat' dir='ltr'>honore,</span> <span class='ocrx_word' id='word_1_218' title='bbox 1173 1960 1220 1999; x_wconf 89' lang='lat' dir='ltr'>ut</span> <span class='ocrx_word' id='word_1_219' title='bbox 1241 1958 1476 2011; x_wconf 88' lang='lat' dir='ltr'>loquuntur</span> <span class='ocrx_word' id='word_1_220' title='bbox 1500 1958 1690 2013; x_wconf 86' lang='lat' dir='ltr'>Veteres,</span> 
     </span>
     <span class='ocr_line' id='line_1_27' title="bbox 118 2029 799 2085; baseline -0.006 -11"><span class='ocrx_word' id='word_1_221' title='bbox 118 2030 416 2085; x_wconf 84' lang='lat' dir='ltr'>Synagoga</span> <span class='ocrx_word' id='word_1_222' title='bbox 445 2029 799 2084; x_wconf 87' lang='lat' dir='ltr'>sepeliretur.</span> 
     </span>
    </p>

    <p class='ocr_par' dir='ltr' id='par_1_7' title="bbox 117 2099 1692 2513">
     <span class='ocr_line' id='line_1_28' title="bbox 173 2099 1692 2156; baseline 0 -12"><span class='ocrx_word' id='word_1_223' title='bbox 173 2101 239 2145; x_wconf 87' lang='lat' dir='ltr'>LI.</span> <span class='ocrx_word' id='word_1_224' title='bbox 266 2101 427 2144; x_wconf 89' lang='lat' dir='ltr'>Verum</span> <span class='ocrx_word' id='word_1_225' title='bbox 450 2103 683 2156; x_wconf 86' lang='lat' dir='ltr'>postquam</span> <span class='ocrx_word' id='word_1_226' title='bbox 706 2115 730 2141; x_wconf 89' lang='lat' dir='ltr'>a</span> <span class='ocrx_word' id='word_1_227' title='bbox 754 2099 783 2143; x_wconf 84' lang='lat' dir='ltr'>J</span> <span class='ocrx_word' id='word_1_228' title='bbox 786 2100 928 2143; x_wconf 86' lang='lat' dir='ltr'>udaeis</span> <span class='ocrx_word' id='word_1_229' title='bbox 954 2104 1217 2143; x_wconf 90' lang='lat' dir='ltr'>secesserunt</span> <span class='ocrx_word' id='word_1_230' title='bbox 1242 2103 1283 2143; x_wconf 91' lang='lat' dir='ltr'>et</span> <span class='ocrx_word' id='word_1_231' title='bbox 1307 2101 1360 2143; x_wconf 89' lang='lat' dir='ltr'>ad</span> <span class='ocrx_word' id='word_1_232' title='bbox 1384 2104 1531 2155; x_wconf 85' lang='lat' dir='ltr'>gentes</span> <span class='ocrx_word' id='word_1_233' title='bbox 1553 2104 1692 2144; x_wconf 89' lang='lat' dir='ltr'>trans-</span> 
     </span>
     <span class='ocr_line' id='line_1_29' title="bbox 118 2172 1691 2227; baseline -0.001 -9"><span class='ocrx_word' id='word_1_234' title='bbox 118 2176 271 2227; x_wconf 89' lang='lat' dir='ltr'>ierunt,</span> <span class='ocrx_word' id='word_1_235' title='bbox 309 2174 406 2217; x_wconf 89' lang='lat' dir='ltr'>Act.</span> <span class='ocrx_word' id='word_1_236' title='bbox 447 2174 508 2226; x_wconf 84' lang='lat'>18,</span> <span class='ocrx_word' id='word_1_237' title='bbox 539 2174 576 2215; x_wconf 85' lang='lat'>6.</span> <span class='ocrx_word' id='word_1_238' title='bbox 607 2175 648 2215; x_wconf 88' lang='grc'>61</span> <span class='ocrx_word' id='word_1_239' title='bbox 677 2173 740 2225; x_wconf 85' lang='grc'>19,</span> <span class='ocrx_word' id='word_1_240' title='bbox 769 2173 805 2215; x_wconf 86' lang='grc'>8.</span> <span class='ocrx_word' id='word_1_241' title='bbox 836 2187 885 2215; x_wconf 83' lang='grc'>66</span> <span class='ocrx_word' id='word_1_242' title='bbox 912 2173 1066 2214; x_wconf 91' lang='lat' dir='ltr'>fratres</span> <span class='ocrx_word' id='word_1_243' title='bbox 1098 2173 1270 2226; x_wconf 88' lang='lat' dir='ltr'>quidam</span> <span class='ocrx_word' id='word_1_244' title='bbox 1299 2188 1320 2214; x_wconf 90' lang='lat' dir='ltr'>e</span> <span class='ocrx_word' id='word_1_245' title='bbox 1348 2172 1522 2215; x_wconf 84' lang='lat' dir='ltr'>Judaeis</span> <span class='ocrx_word' id='word_1_246' title='bbox 1547 2188 1691 2216; x_wconf 89' lang='lat' dir='ltr'>eorum</span> 
     </span>
     <span class='ocr_line' id='line_1_30' title="bbox 118 2233 1692 2301; baseline -0.001 -12"><span class='ocrx_word' id='word_1_247' title='bbox 118 2233 320 2301; x_wconf 79' lang='lat' dir='ltr'>urgerent</span> <span class='ocrx_word' id='word_1_248' title='bbox 347 2244 656 2297; x_wconf 89' lang='lat' dir='ltr'>necessitatem,</span> <span class='ocrx_word' id='word_1_249' title='bbox 688 2246 731 2286; x_wconf 88' lang='lat' dir='ltr'>et</span> <span class='ocrx_word' id='word_1_250' title='bbox 755 2244 1095 2287; x_wconf 88' lang='lat' dir='ltr'>observationem</span> <span class='ocrx_word' id='word_1_251' title='bbox 1120 2245 1351 2287; x_wconf 90' lang='lat' dir='ltr'>salutarem</span> <span class='ocrx_word' id='word_1_252' title='bbox 1372 2245 1571 2298; x_wconf 88' lang='lat' dir='ltr'>facerent,</span> <span class='ocrx_word' id='word_1_253' title='bbox 1599 2245 1692 2288; x_wconf 77' lang='lat' dir='ltr'>Gal.</span> 
     </span>
     <span class='ocr_line' id='line_1_31' title="bbox 119 2315 1689 2371; baseline -0.001 -10"><span class='ocrx_word' id='word_1_254' title='bbox 119 2319 157 2371; x_wconf 86' lang='lat'>2,</span> <span class='ocrx_word' id='word_1_255' title='bbox 195 2317 233 2360; x_wconf 89' lang='grc'>4.</span> <span class='ocrx_word' id='word_1_256' title='bbox 271 2317 308 2359; x_wconf 85' lang='grc'>5.</span> <span class='ocrx_word' id='word_1_257' title='bbox 348 2316 402 2358; x_wconf 86' lang='lat' dir='ltr'>ad</span> <span class='ocrx_word' id='word_1_258' title='bbox 441 2315 739 2358; x_wconf 87' lang='lat' dir='ltr'>declarandum</span> <span class='ocrx_word' id='word_1_259' title='bbox 766 2318 808 2357; x_wconf 92' lang='lat' dir='ltr'>et</span> <span class='ocrx_word' id='word_1_260' title='bbox 836 2316 1090 2358; x_wconf 87' lang='lat' dir='ltr'>firmandum</span> <span class='ocrx_word' id='word_1_261' title='bbox 1120 2316 1363 2358; x_wconf 88' lang='lat' dir='ltr'>libertatem</span> <span class='ocrx_word' id='word_1_262' title='bbox 1392 2316 1689 2369; x_wconf 85' lang='lat' dir='ltr'>Christianam,</span> 
     </span>
     <span class='ocr_line' id='line_1_32' title="bbox 119 2387 1690 2441; baseline -0.002 -9"><span class='ocrx_word' id='word_1_263' title='bbox 119 2391 168 2432; x_wconf 90' lang='lat' dir='ltr'>ut</span> <span class='ocrx_word' id='word_1_264' title='bbox 204 2389 299 2431; x_wconf 89' lang='lat' dir='ltr'>loca</span> <span class='ocrx_word' id='word_1_265' title='bbox 334 2387 598 2430; x_wconf 87' lang='lat' dir='ltr'>Judaeorum</span> <span class='ocrx_word' id='word_1_266' title='bbox 634 2387 921 2438; x_wconf 85' lang='lat' dir='ltr'>deseruerunt,</span> <span class='ocrx_word' id='word_1_267' title='bbox 959 2387 1021 2429; x_wconf 88' lang='lat' dir='ltr'>ita</span> <span class='ocrx_word' id='word_1_268' title='bbox 1050 2390 1092 2429; x_wconf 91' lang='lat' dir='ltr'>et</span> <span class='ocrx_word' id='word_1_269' title='bbox 1119 2390 1318 2441; x_wconf 90' lang='lat' dir='ltr'>tempora</span> <span class='ocrx_word' id='word_1_270' title='bbox 1346 2387 1429 2429; x_wconf 89' lang='lat' dir='ltr'>alia</span> <span class='ocrx_word' id='word_1_271' title='bbox 1457 2390 1690 2430; x_wconf 91' lang='lat' dir='ltr'>conventus</span> 
     </span>
     <span class='ocr_line' id='line_1_33' title="bbox 117 2457 1075 2513; baseline -0.002 -10"><span class='ocrx_word' id='word_1_272' title='bbox 117 2460 276 2503; x_wconf 87' lang='lat' dir='ltr'>habere</span> <span class='ocrx_word' id='word_1_273' title='bbox 308 2460 556 2513; x_wconf 88' lang='lat' dir='ltr'>coeperunt,</span> <span class='ocrx_word' id='word_1_274' title='bbox 586 2457 682 2501; x_wconf 90' lang='lat' dir='ltr'>Act.</span> <span class='ocrx_word' id='word_1_275' title='bbox 712 2459 775 2512; x_wconf 88' lang='lat'>18,</span> <span class='ocrx_word' id='word_1_276' title='bbox 807 2459 844 2501; x_wconf 85' lang='lat'>7.</span> <span class='ocrx_word' id='word_1_277' title='bbox 876 2461 917 2501; x_wconf 90' lang='lat' dir='ltr'>et</span> <span class='ocrx_word' id='word_1_278' title='bbox 946 2459 1010 2511; x_wconf 89' lang='lat'>19,</span> <span class='ocrx_word' id='word_1_279' title='bbox 1039 2459 1075 2501; x_wconf 87' lang='grc'>8.</span> 
     </span>
    </p>

    <p class='ocr_par' dir='ltr' id='par_1_8' title="bbox 118 2529 1691 3014">
     <span class='ocr_line' id='line_1_34' title="bbox 171 2529 1688 2584; baseline -0.001 -10"><span class='ocrx_word' id='word_1_280' title='bbox 171 2530 259 2574; x_wconf 88' lang='lat' dir='ltr'><strong>LII.</strong></span> <span class='ocrx_word' id='word_1_281' title='bbox 289 2530 348 2573; x_wconf 89' lang='lat' dir='ltr'>Et</span> <span class='ocrx_word' id='word_1_282' title='bbox 378 2530 549 2584; x_wconf 87' lang='lat' dir='ltr'>quidem</span> <span class='ocrx_word' id='word_1_283' title='bbox 579 2530 633 2573; x_wconf 93' lang='lat' dir='ltr'>ob</span> <span class='ocrx_word' id='word_1_284' title='bbox 657 2545 814 2572; x_wconf 89' lang='lat' dir='ltr'>novum</span> <span class='ocrx_word' id='word_1_285' title='bbox 838 2530 1207 2573; x_wconf 87' lang='lat' dir='ltr'>recreationis</span> <span class='ocrx_word' id='word_1_286' title='bbox 1233 2532 1284 2571; x_wconf 90' lang='lat' dir='ltr'>et</span> <span class='ocrx_word' id='word_1_287' title='bbox 1308 2529 1688 2583; x_wconf 87' lang='lat' dir='ltr'>reparationis</span> 
     </span>
     <span class='ocr_line' id='line_1_35' title="bbox 120 2600 1691 2657; baseline -0.002 -11"><span class='ocrx_word' id='word_1_288' title='bbox 120 2601 331 2646; x_wconf 82' lang='lat' dir='ltr'>Christi</span> <span class='ocrx_word' id='word_1_289' title='bbox 360 2616 493 2657; x_wconf 92' lang='lat' dir='ltr'>opus</span> <span class='ocrx_word' id='word_1_290' title='bbox 523 2604 573 2644; x_wconf 91' lang='lat' dir='ltr'>et</span> <span class='ocrx_word' id='word_1_291' title='bbox 599 2600 953 2655; x_wconf 84' lang='lat' dir='ltr'>beneficium,</span> <span class='ocrx_word' id='word_1_292' title='bbox 979 2602 1209 2644; x_wconf 88' lang='lat' dir='ltr'>solenniter</span> <span class='ocrx_word' id='word_1_293' title='bbox 1234 2600 1545 2652; x_wconf 89' lang='lat' dir='ltr'>celebrandum,</span> <span class='ocrx_word' id='word_1_294' title='bbox 1572 2615 1691 2654; x_wconf 91' lang='lat' dir='ltr'>prae-</span> 
     </span>
     <span class='ocr_line' id='line_1_36' title="bbox 118 2670 1690 2725; baseline -0.004 -7"><span class='ocrx_word' id='word_1_295' title='bbox 118 2675 248 2718; x_wconf 86' lang='lat' dir='ltr'>terito</span> <span class='ocrx_word' id='word_1_296' title='bbox 287 2673 508 2717; x_wconf 85' lang='lat' dir='ltr'>Sabbatho</span> <span class='ocrx_word' id='word_1_297' title='bbox 539 2672 766 2716; x_wconf 84' lang='lat' dir='ltr'>creationis</span> <span class='ocrx_word' id='word_1_298' title='bbox 794 2675 1069 2715; x_wconf 90' lang='lat' dir='ltr'>monumento</span> <span class='ocrx_word' id='word_1_299' title='bbox 1099 2671 1310 2725; x_wconf 90' lang='lat' dir='ltr'>(quamvis</span> <span class='ocrx_word' id='word_1_300' title='bbox 1339 2685 1388 2712; x_wconf 94' lang='lat' dir='ltr'>eo</span> <span class='ocrx_word' id='word_1_301' title='bbox 1417 2673 1511 2713; x_wconf 90' lang='lat' dir='ltr'>toto</span> <span class='ocrx_word' id='word_1_302' title='bbox 1541 2670 1690 2713; x_wconf 89' lang='lat' dir='ltr'>Domi-</span> 
     </span>
     <span class='ocr_line' id='line_1_37' title="bbox 119 2741 1690 2800; baseline -0.003 -10"><span class='ocrx_word' id='word_1_303' title='bbox 119 2762 199 2790; x_wconf 89' lang='lat' dir='ltr'>nus</span> <span class='ocrx_word' id='word_1_304' title='bbox 248 2747 294 2790; x_wconf 88' lang='lat' dir='ltr'>in</span> <span class='ocrx_word' id='word_1_305' title='bbox 342 2745 535 2800; x_wconf 89' lang='lat' dir='ltr'>sepulcro</span> <span class='ocrx_word' id='word_1_306' title='bbox 588 2743 828 2798; x_wconf 86' lang='lat' dir='ltr'>quievisset,</span> <span class='ocrx_word' id='word_1_307' title='bbox 883 2759 990 2797; x_wconf 90' lang='lat' dir='ltr'>quae</span> <span class='ocrx_word' id='word_1_308' title='bbox 1041 2744 1161 2797; x_wconf 90' lang='lat' dir='ltr'>quies</span> <span class='ocrx_word' id='word_1_309' title='bbox 1203 2741 1423 2785; x_wconf 82' lang='lat' dir='ltr'>Sabbatho</span> <span class='ocrx_word' id='word_1_310' title='bbox 1463 2742 1690 2786; x_wconf 87' lang='lat' dir='ltr'>creationis</span> 
     </span>
     <span class='ocr_line' id='line_1_38' title="bbox 119 2814 1690 2872; baseline -0.002 -11"><span class='ocrx_word' id='word_1_311' title='bbox 119 2818 373 2872; x_wconf 85' lang='lat' dir='ltr'>respondere</span> <span class='ocrx_word' id='word_1_312' title='bbox 417 2815 620 2871; x_wconf 88' lang='lat' dir='ltr'>poterat),</span> <span class='ocrx_word' id='word_1_313' title='bbox 662 2815 1002 2858; x_wconf 86' lang='lat' dir='ltr'>Resurrectionis</span> <span class='ocrx_word' id='word_1_314' title='bbox 1043 2814 1219 2857; x_wconf 90' lang='lat' dir='ltr'>Domini</span> <span class='ocrx_word' id='word_1_315' title='bbox 1262 2814 1372 2856; x_wconf 86' lang='lat' dir='ltr'>diem</span> <span class='ocrx_word' id='word_1_316' title='bbox 1414 2814 1476 2868; x_wconf 92' lang='lat' dir='ltr'>(in</span> <span class='ocrx_word' id='word_1_317' title='bbox 1515 2829 1597 2868; x_wconf 87' lang='lat' dir='ltr'>qua</span> <span class='ocrx_word' id='word_1_318' title='bbox 1626 2818 1690 2858; x_wconf 90' lang='lat' dir='ltr'>est</span> 
     </span>
     <span class='ocr_line' id='line_1_39' title="bbox 119 2886 1688 2944; baseline -0.002 -11"><span class='ocrx_word' id='word_1_319' title='bbox 119 2888 444 2944; x_wconf 82' lang='lat' dir='ltr'>Redemptionis</span> <span class='ocrx_word' id='word_1_320' title='bbox 479 2890 651 2931; x_wconf 90' lang='lat' dir='ltr'>nostrae</span> <span class='ocrx_word' id='word_1_321' title='bbox 687 2888 1008 2938; x_wconf 83' lang='lat' dir='ltr'>consummatio,</span> <span class='ocrx_word' id='word_1_322' title='bbox 1047 2901 1154 2941; x_wconf 90' lang='lat' dir='ltr'>quae</span> <span class='ocrx_word' id='word_1_323' title='bbox 1191 2886 1341 2929; x_wconf 87' lang='lat' dir='ltr'>incidit</span> <span class='ocrx_word' id='word_1_324' title='bbox 1367 2886 1411 2928; x_wconf 93' lang='lat' dir='ltr'>in</span> <span class='ocrx_word' id='word_1_325' title='bbox 1440 2890 1634 2930; x_wconf 87' lang='lat' dir='ltr'>octavam</span> <span class='ocrx_word' id='word_1_326' title='bbox 1664 2903 1688 2930; x_wconf 88' lang='grc'>6</span> 
     </span>
     <span class='ocr_line' id='line_1_40' title="bbox 120 2957 1689 3014; baseline -0.001 -11"><span class='ocrx_word' id='word_1_327' title='bbox 120 2960 347 3014; x_wconf 87' lang='lat' dir='ltr'>creatione,</span> <span class='ocrx_word' id='word_1_328' title='bbox 391 2975 464 3003; x_wconf 88' lang='lat' dir='ltr'>seu</span> <span class='ocrx_word' id='word_1_329' title='bbox 506 2975 645 3010; x_wconf 88' lang='lat' dir='ltr'>unam,</span> <span class='ocrx_word' id='word_1_330' title='bbox 686 2959 731 3002; x_wconf 89' lang='lat' dir='ltr'>id</span> <span class='ocrx_word' id='word_1_331' title='bbox 773 2962 849 3013; x_wconf 75' lang='lat' dir='ltr'>es’t,</span> <span class='ocrx_word' id='word_1_332' title='bbox 892 2959 1119 3013; x_wconf 87' lang='lat' dir='ltr'>primam</span> <span class='ocrx_word' id='word_1_333' title='bbox 1168 2957 1574 3002; x_wconf 83' lang='lat' dir='ltr'>Sabbathorum</span> <span class='ocrx_word' id='word_1_334' title='bbox 1616 2974 1689 3002; x_wconf 92' lang='lat' dir='ltr'>seu</span> 
     </span>
    </p>
   </div>
  </div>
 </body>
</html>
