1931 3224
515 117 578 160 DE
606 116 760 159 Varum
786 131 833 160 Er
862 117 978 161 Novo
1011 118 1285 162 TESTAMENTO.
1605 123 1683 165 213

120 256 201 296 que
250 243 516 285 sentiendum
565 243 633 295 sit,
685 241 822 295 quivis
867 243 1089 296 judicabit,
1144 244 1210 286 cui
1253 247 1356 286 nota
1404 246 1485 287 erit
1528 248 1681 288 natura

120 330 261 358 rerum
299 315 349 358 de
387 315 540 368 quibus
577 316 622 357 in
657 329 916 368 unoquoque
954 315 1108 368 agitur,
1147 317 1189 357 et
1229 330 1373 357 earum
1401 316 1514 358 inter
1544 331 1587 359 se
1615 317 1683 359 vel

122 385 417 441 discrepantia,
445 387 512 429 vel
541 385 776 428 harmonia.

173 456 226 499 X.
255 457 358 500 Late
386 460 557 511 sumpto
589 456 801 507 Διαθήκης
830 458 1052 510 vocabulo,
1083 458 1457 513 comprehenditur
1492 474 1586 501 cum
1614 460 1686 502 ad-

121 528 282 572 ditione
325 531 528 577 παλαιέις,
569 529 655 572 Lex
697 545 773 583 per
810 529 974 571 Mosem
1009 529 1121 581 data,
1156 529 1206 571 de
1236 544 1320 582 qua
1349 530 1509 572 dictum
1538 533 1612 584 est,
1644 533 1686 572 et

119 600 345 654 promissio
371 601 421 642 de
445 601 603 643 semine
630 601 818 643 mulieris
840 601 1006 643 Adamo
1032 600 1158 653 facta,
1185 601 1414 654 eademque
1436 601 1692 644 Abrahamo·

118 671 164 713 in
192 672 350 714 semine
379 686 454 714 suo
482 672 678 725 repetita,
708 673 752 714 in
784 687 868 725 quo
893 672 1203 715 benedicendae
1230 675 1350 714 erant
1376 687 1520 715 omnes
1544 674 1684 716 natio-

118 757 203 785 nes.
242 743 365 785 Hanc
404 745 731 797 promissionem
759 744 914 786 diserte
944 744 1178 798 Apostolus
1209 744 1299 786 Gal.
1330 746 1367 797 3,
1398 745 1460 786 17.
1491 743 1686 793 διαθήκην

119 815 464 868 προκεκυρωμένην,
504 816 912 858 Testamentum
952 818 1076 857 ante
1105 816 1379 857 sancitum
1408 831 1481 858 seu
1508 819 1685 859 ratum

118 884 366 927 habitum
395 886 595 939 appellat,
627 888 669 927 et
698 887 750 928 ad
774 885 885 940 Eph.
909 888 946 938 2,
974 888 1035 928 12.
1066 886 1271 934 διαθήκας
1302 891 1372 935 τῆς
1404 888 1682 939 ἐπαγγελίαις,

118 956 343 999 foedera
371 957 776 1011 promissionis.
803 956 885 999 Sed
909 958 1045 1000 eidem
1070 958 1344 1012 promissioni
1358 946 1556 1012 jungitur
1581 959 1685 1002 Lex

120 1043 213 1082 per
241 1027 440 1070 Mosem
470 1028 616 1080 data,
648 1030 856 1080 quatenus
884 1029 962 1070 sub
991 1028 1141 1070 Veteri
1169 1029 1442 1072 Testamento
1472 1030 1685 1083 significa—

116 1100 236 1141 tione
263 1098 351 1140 lata
379 1098 807 1152 comprehenduntur,
837 1102 1011 1141 eatenus
1035 1102 1215 1152 tantum,
1244 1103 1291 1141 ut
1315 1101 1382 1142 lex
1407 1101 1461 1142 sit
1490 1100 1686 1143 Paeda-

119 1185 291 1224 gogus
331 1170 393 1212 ad
430 1169 727 1222 Christum,
763 1169 852 1212 Gal.
882 1172 919 1223 3,
948 1171 1026 1223 24„
1057 1171 1157 1224 quia
1187 1171 1300 1224 quod
1328 1171 1397 1213 lex
1427 1172 1598 1215 moralis
1628 1173 1681 1214 ab

118 1242 305 1284 humano
343 1257 497 1296 genere
529 1242 792 1284 severissime
822 1242 1101 1296 efflagitabat,
1130 1243 1173 1284 id
1202 1242 1246 1284 in
1275 1242 1444 1285 Christo
1475 1245 1612 1286 solum
1643 1247 1685 1286 et

119 1314 325 1357 sacrificio
367 1314 479 1355 illius
522 1314 726 1366 exhiberi,
769 1314 837 1356 lex
877 1315 1167 1357 ceremonialis
1207 1315 1472 1366 clamitabat3
1507 1316 1685 1369 politica

119 1385 290 1440 utrique
318 1386 558 1438 ancillante,
589 1388 631 1428 et
655 1385 847 1427 ordinem
872 1388 1104 1438 externum,
1131 1388 1261 1439 prout
1287 1401 1338 1428 ex
1362 1386 1583 1440 utriusque
1607 1401 1684 1429 usu

120 1460 221 1510 erat,
252 1459 523 1512 procurante.

135 1568 137 1570 ,
172 1528 246 1571 XI.
287 1528 357 1572 Sic
395 1529 525 1571 etiam
560 1528 770 1572 Novum
808 1529 1216 1571 Testamentum
1252 1529 1339 1572 late
1375 1531 1568 1584 sumitur,
1603 1546 1682 1584 pro

120 1601 314 1644 doctrina
342 1603 434 1642 tum
463 1600 627 1654 gratiae
657 1603 699 1642 et
726 1600 836 1653 fidei,
864 1603 957 1642 tuin
986 1601 1303 1655 resipiscentiae
1328 1604 1370 1644 et
1395 1601 1682 1655 gratitudinis,

120 1672 207 1714 sive
243 1686 378 1714 novae
411 1670 690 1714 obedientiae.
723 1670 832 1721 Quia
861 1671 1086 1725 Evangelii
1113 1687 1196 1714 vox
1226 1674 1300 1724 est,
1339 1672 1682 1726 Resipiscite

121 1746 173 1785 et
202 1744 409 1786 credite
438 1742 764 1796 Evangelio,
794 1742 924 1785 Marc.
956 1743 991 1794 l,
1021 1743 1084 1785 15.
1114 1758 1162 1785 ao
1190 1743 1368 1796 proinde
1391 1744 1518 1786 fidem
1541 1744 1682 1787 Evan-

120 1814 220 1868 gelii
249 1817 290 1856 et
318 1814 656 1868 resipiscentiam
684 1814 889 1868 postulat,
920 1829 1028 1867 quae
1058 1815 1140 1856 duo
1169 1828 1312 1856 secum
1335 1816 1571 1858 necessario
1596 1818 1682 1858 tra-

119 1885 228 1928 hunt
269 1900 424 1928 novam
467 1885 763 1938 obedientiam,
809 1901 893 1939 qua
933 1885 1024 1928 Deo
1063 1886 1192 1939 digne
1228 1887 1398 1929 vivitur.
1437 1887 1529 1938 Quo
1560 1902 1683 1930 sensu

118 1956 402 2010 Evangelium
426 1957 645 2011 accipitur,
675 1972 771 1999 cum
798 1957 1033 2011 Apostolus
1062 1957 1176 2010 dicit,
1208 1972 1260 2000 se
1286 1961 1597 2013 separatum
1622 1960 1683 2002 ad

120 2027 544 2081 praedicandum
580 2028 942 2081 Evangelium
978 2027 1098 2080 Dei,
1137 2028 1260 2071 Rom.
1300 2030 1336 2082 1,
1375 2030 1411 2072 1.
1441 2029 1580 2072 Deum
1604 2032 1681 2084 ju·

122 2098 431 2141 dicaturum
468 2098 756 2141 secundum
792 2098 1154 2153 Evangelium
1191 2115 1359 2154 suum,
1397 2100 1681 2154 Rom.2,16.

121 2174 164 2214 et
191 2172 413 2215 similibus.

173 2242 269 2286 XII.
311 2243 468 2287 Stricte
510 2246 654 2286 autem
692 2245 923 2297 utrumque
965 2243 1158 2296 sumitur,
1200 2243 1246 2285 in
1287 2259 1336 2286 ea
1373 2244 1682 2298 significatione

121 2329 251 2368 quam
278 2313 499 2368 propriam
528 2313 722 2368 diximus,
753 2317 795 2357 et
823 2330 908 2368 qua
930 2315 991 2357 ita
1016 2315 1172 2357 directe
1196 2319 1485 2370 opponuntur,
1510 2318 1558 2358 ut
1582 2331 1681 2359 con-

121 2384 257 2428 ciliari
291 2399 378 2427 non
415 2385 602 2438 possint;
632 2400 681 2428 ac
708 2386 887 2439 proinde
914 2401 1002 2429 non
1030 2401 1137 2441 opus
1165 2390 1228 2429 est
1256 2390 1304 2429 ut
1332 2388 1543 2441 prolixam
1569 2388 1681 2430 inter

121 2470 169 2498 ea
212 2456 484 2498 collationem
519 2456 804 2500 instituamus.
836 2457 950 2501 Nam
979 2459 1059 2501 etsi
1086 2459 1339 2502 conveniant
1367 2459 1555 2512 generali
1584 2473 1681 2500 auc-

110 2529 226 2571 ·toris
267 2530 403 2583 unius,
447 2530 519 2582 qui
561 2529 676 2572 Deus
714 2533 788 2583 est,
827 2530 1175 2583 consideratione,
1216 2531 1289 2583 qui
1326 2531 1465 2584 legem
1491 2531 1603 2583 tulit,
1632 2533 1680 2572 ut

119 2600 352 2654 legislator,
395 2600 691 2655 Evangelium,
734 2604 782 2643 ut
822 2616 976 2655 parens
1017 2602 1277 2652 misericors3
1322 2601 1510 2655 generali
1552 2602 1681 2644 etiam

119 2672 284 2714 ratione
327 2673 542 2725 materiae,
587 2673 686 2725 quia
727 2665 908 2725 utraque
946 2674 1139 2716 doctrina
1170 2673 1371 2714 mandato
1401 2673 1679 2726 obedientiae,

122 2746 163 2785 et
191 2744 547 2786 remunerationis
577 2744 857 2798 promissione
887 2747 1075 2795 constat3
1106 2744 1293 2799 generali
1321 2743 1416 2785 finis
1440 2745 1678 2798 proposito,

120 2830 272 2869 nempe
301 2815 436 2870 gloria
467 2815 699 2871 sapientiae
724 2818 766 2858 et
793 2816 998 2858 bonitatis
1022 2815 1122 2866 Dei3
1147 2816 1251 2857 item
1275 2815 1464 2868 subjecto
1491 2830 1679 2859 commu-

118 2886 230 2928 niter
255 2887 533 2940 considerato,
562 2901 714 2940 nempe
739 2886 961 2929 hominum
984 2900 1159 2940 genere3
1186 2888 1249 2927 est
1271 2888 1416 2928 tamen
1441 2886 1679 2930 differentia

119 2957 305 3000 maxima
346 2958 392 3000 in
428 2957 600 3012 speciali
636 2957 790 3000 horum
809 2957 1022 3001 ’omnium
1059 2960 1267 3011 respectu,
1306 2958 1356 3000 de
1394 2972 1478 3011 qua
1515 2958 1676 3000 dictum
