1931 3224
215 146 291 187 186
802 141 1041 182 DISPUTATIO
1070 137 1185 180 XXI.

212 267 477 311 Sabbathum
520 269 594 319 est,
637 282 661 308 a
705 280 787 318 quo
830 263 984 315 reliqui
1028 262 1115 304 dies
1158 264 1401 313 censentur3
1448 264 1575 305 etiam
1615 264 1772 318 singuli

214 340 300 381 dies
338 354 362 380 a
398 337 617 380 Sabbatho
656 334 992 385 denominantur,
1029 333 1179 386 prima,
1219 333 1413 385 secunda,
1443 336 1519 376 etc.
1551 333 1771 386 Sabbathi,

212 410 255 451 id
284 412 358 461 est,
389 424 412 450 a
442 408 682 457 Sabbath03
714 409 841 458 atque
869 405 914 446 hi
943 404 1181 446 Gentilibus
1212 404 1476 457 quibusdam,
1503 405 1772 458 planetarum

214 482 255 521 et
292 480 515 530 idolorum,
549 480 653 532 puta
687 476 871 527 Saturni,
900 475 1024 527 Solis,
1052 474 1207 527 Lunae,
1238 477 1315 516 etc.
1344 475 1587 517 nominibus
1616 476 1772 530 indigi-

212 554 368 593 tantur.
399 550 457 591 At
486 550 625 603 prisca
655 548 857 598 Ecclesia,
885 547 995 589 forte
1026 549 1074 588 ut
1102 561 1191 588 sese
1221 547 1273 588 ab
1300 546 1505 599 utrisque,
1532 546 1772 589 Gentilibus

213 624 253 664 et
283 621 466 673 Judaeis,
499 621 771 673 disjungeret,
802 617 995 671 singulos
1026 618 1288 671 septimanae
1318 618 1405 660 dies
1428 617 1598 660 ferias
1625 620 1772 672 appel-

212 693 334 734 lavit:
373 691 563 745 quamvis
601 690 789 742 Scaliger
827 689 1061 731 obtinuisse
1098 690 1143 730 id
1180 689 1295 741 velit,
1325 690 1557 743 praecipuo
1588 691 1772 743 quodam

212 763 414 819 principis
461 762 722 815 septimanae
767 759 987 801 Paschatis
1033 760 1170 813 (cujus
1215 761 1303 802 dies
1347 775 1491 803 omnes
1535 761 1771 814 antiquitus

212 834 364 885 feriati,
408 834 515 874 teste
556 831 834 885 Hieronymo,
873 831 1010 884 erant)
1049 831 1252 885 auspicio,
1281 830 1371 873 Lib.
1405 833 1439 874 1.
1471 832 1528 874 de
1558 832 1771 874 Emend.

212 908 526 959 temporum.

263 974 335 1017 lV.
373 974 422 1016 ld
459 977 599 1015 autem
637 973 903 1016 Sabbathum
940 988 1016 1015 suo
1054 974 1218 1016 ambitu
1257 975 1564 1028 complectitur,
1604 978 1774 1030 praeter

211 1047 385 1101 vulgare
420 1046 523 1088 illud
560 1045 1033 1087 Hebdomadarum
1071 1060 1144 1087 seu
1182 1046 1408 1099 dierum,
1449 1046 1563 1099 quod
1599 1048 1773 1102 proprie

212 1118 475 1162 Sabbathum
518 1119 594 1169 est,
639 1118 768 1158 etiam
811 1131 1092 1168 annorum,
1134 1132 1287 1171 nempe
1328 1120 1421 1159 tum
1463 1118 1561 1159 anni
1601 1119 1773 1172 septimi

211 1189 475 1241 recurrentis,
519 1189 632 1242 quod
674 1188 1018 1230 Sabbathum
1059 1190 1239 1231 terrae
1282 1190 1447 1242 dicitur,
1486 1190 1564 1232 Ex.
1600 1190 1663 1242 23,
1695 1191 1772 1243 ll.,

183 1263 311 1315 -quia
351 1276 398 1303 eo
437 1264 550 1303 terra
589 1260 833 1313 quiescebat
869 1261 1042 1312 inculta,
1079 1262 1119 1302 et
1146 1261 1244 1302 inde
1271 1263 1485 1315 prognata
1513 1262 1773 1316 pauperibus

212 1333 426 1385 cedebant,
465 1333 575 1374 unde
613 1334 655 1374 et
690 1332 744 1374 ad
772 1332 1078 1375 desolationem
1106 1335 1246 1375 terrae
1274 1332 1542 1375 Sabbathum
1570 1334 1774 1377 transfer-

210 1408 299 1457 tur3
334 1407 425 1446 tum
464 1404 669 1458 septies
710 1406 922 1458 septem
959 1419 1219 1446 annorum
1254 1405 1617 1458 expletorum,
1651 1407 1774 1460 quin-

211 1476 447 1531 quagesimi
476 1476 648 1527 scilicet,
680 1476 752 1528 qui
780 1475 808 1518 J
819 1476 1092 1528 ubilaeus,
1121 1491 1170 1519 ac
1198 1477 1464 1519 liberationis
1496 1480 1537 1520 et
1561 1475 1773 1520 remissio-

210 1548 274 1590 nis
303 1548 551 1603 appellatur,
583 1548 636 1589 ob
664 1547 876 1590 libertatis
906 1549 1307 1602 possessionumque
1332 1549 1661 1602 restitutionem,
1677 1549 1773 1592 LeV.

210 1621 272 1672 23,
309 1620 370 1661 15.
411 1619 526 1669 Quae
566 1619 736 1672 quidem
776 1620 829 1661 ab
868 1620 1016 1662 eodem
1054 1622 1152 1661 sunt
1181 1620 1406 1674 principio,
1438 1621 1593 1674 quietis
1622 1636 1775 1675 nempe

210 1691 387 1742 divinae,
434 1692 475 1732 et
511 1690 815 1743 synecdochice
853 1691 930 1732 sub
969 1706 1017 1733 ea
1051 1691 1479 1745 comprehenduntur.
1508 1691 1775 1735 Sabbathum

209 1777 307 1804 vero
355 1761 679 1804 Thalmudicum
721 1765 928 1816 septem
970 1763 1430 1816 millenariorum,
1472 1763 1586 1816 quod
1627 1762 1773 1805 mundi

211 1836 376 1886 Vocant,
404 1833 474 1876 hic
501 1834 679 1876 missum
705 1834 894 1876 facimus.

263 1904 315 1947 V.
339 1905 512 1947 Adhaec
538 1906 749 1958 quaelibet
773 1908 967 1961 tempora
992 1921 1112 1948 sacra
1138 1909 1179 1949 et
1204 1906 1369 1959 feriata,
1392 1907 1557 1949 etiamsi
1577 1907 1621 1949 in
1641 1908 1772 1961 septi-

210 1992 326 2019 mum
355 1976 465 2019 diem
492 1991 577 2018 non
606 1977 851 2030 inciderent,
882 1978 1071 2032 generali
1099 1978 1275 2020 notione
1305 1978 1433 2020 etiam
1462 1978 1681 2022 Sabbatha
1710 1979 1773 2021 di-

213 2051 375 2101 cuntur,
424 2051 465 2091 et
507 2049 584 2090 sub
623 2049 696 2091 illo
734 2049 1038 2103 synecdochice
1077 2050 1361 2103 continentur,
1404 2050 1558 2093 Ezech.
1601 2052 1665 2103 20,
1709 2052 1771 2092 22.

213 2123 254 2162 et
282 2121 343 2162 23.
375 2136 465 2175 cap.
499 2123 590 2163 tum
628 2124 978 2175 menstruum,
1018 2124 1066 2164 ut
1102 2121 1402 2165 Neomenia
1439 2138 1511 2165 seu
1548 2122 1772 2165 Novilu—

210 2192 373 2244 nium,
402 2194 494 2234 tum
523 2193 979 2246 anniversarium,
1008 2208 1161 2247 nempe
1184 2193 1268 2235 tria
1290 2193 1400 2236 festa
1424 2194 1607 2236 maxime
1632 2194 1772 2236 solen-

210 2264 302 2313 nia3
332 2267 378 2304 ut
406 2263 575 2306 Pasch
588 2265 714 2316 atis,
745 2265 858 2317 quod
886 2265 1014 2318 primi
1041 2265 1197 2307 mensis
1227 2266 1338 2317 anni,
1369 2268 1410 2307 et
1439 2268 1601 2321 septem
1625 2265 1771 2307 diebus

209 2335 253 2376 in
281 2335 468 2388 Azymis,
500 2335 627 2388 (unde
655 2335 811 2378 festum
834 2336 1232 2378 infermentatorum
1257 2336 1429 2390 dicitur)
1455 2337 1499 2378 in
1523 2336 1772 2379 memoriam

210 2406 414 2448 transitus
456 2407 615 2461 Angeli
656 2407 1005 2461 liberationisque
1052 2423 1102 2449 ex
1144 2407 1361 2462 Aegypto,
1401 2411 1442 2451 et
1478 2409 1531 2451 ad
1566 2423 1771 2451 novarum

209 2477 381 2532 frugum
418 2479 723 2532 gratitudinem
760 2479 1012 2531 testandam,
1050 2479 1355 2533 peragebatur3
1389 2480 1769 2533 Pentecostes,

212 2550 325 2602 quod
362 2550 615 2602 expletionis
653 2553 813 2604 septem
853 2566 877 2592 a
918 2549 1128 2592 Paschate
1170 2551 1517 2604 septimanarum,
1558 2551 1686 2604 (unde
1729 2553 1771 2593 et

211 2620 409 2662 festum
446 2621 917 2664 Hebdomadarum
955 2621 1149 2675 vocatur)
1188 2622 1232 2663 in
1268 2622 1374 2675 legis
1401 2622 1525 2674 latae,
1555 2624 1596 2664 et
1625 2622 1772 2664 messis

212 2691 525 2744 primitivorum
564 2694 691 2747 (unde
732 2697 774 2736 et
811 2694 1197 2736 denominationem
1233 2694 1381 2746 habet)
1421 2693 1770 2744 celebrationem3

214 2762 392 2815 denique
442 2764 904 2819 Scenopegiorum
948 2765 1062 2819 (cum
1104 2780 1188 2818 quo
1232 2765 1600 2819 conjungebantur
1641 2765 1770 2806 etiam

210 2833 320 2875 festa
357 2835 555 2877 tubarum
593 2839 634 2878 et
671 2835 944 2892 expiationis)
987 2837 1100 2889 quod
1128 2836 1283 2878 mensis
1311 2836 1489 2891 septimi·
1509 2851 1533 2878 a
1560 2835 1770 2878 Paschate

214 2907 304 2946 erat
340 2907 381 2946 et
419 2908 513 2947 octo
553 2907 711 2959 diebus,
741 2908 794 2949 ad
820 2907 1063 2949 testandum
1090 2907 1206 2962 ipsos
1234 2908 1279 2950 in
1308 2907 1472 2949 deserto
1501 2906 1548 2949 in‘
1572 2906 1771 2949 taberna-

215 2975 318 3017 culis
347 2975 523 3029 degisse,
553 2980 594 3019 et
622 2979 676 3020 ob
703 2980 867 3021 tructus
890 2978 1077 3031 reliquos
1102 2981 1327 3032 perceptos
1344 2978 1492 3030 (quare
1509 2979 1550 3020 et
1575 2977 1769 3019 collec-
