1931 3224
634 173 698 216 DE
725 173 871 215 LIBERO
900 174 1108 215 Ammo.
1577 176 1651 217 147

147 298 263 340 XIII,
304 298 504 347 Quamvis
541 301 683 340 autem
710 299 772 340 ita
800 298 1027 340 arbitrium
1055 312 1220 350 semper
1250 298 1305 338 sit
1335 300 1376 339 et
1404 301 1574 340 maneat
1602 299 1653 339 li-

95 371 263 420 berum3
302 371 491 411 attamen
529 385 622 412 cum
664 369 847 422 qualitas
887 368 1105 422 potentiae
1142 367 1380 419 inhaerens,
1414 368 1501 410 sive
1529 369 1654 421 bona,

96 441 182 483 sive
218 441 343 493 mala,
380 441 623 494 proximum
654 439 909 495 principium
947 443 988 482 et
1024 455 1148 482 causa
1177 440 1231 481 sit
1255 440 1489 482 voluntatis
1518 443 1559 482 et
1589 456 1657 482 ac-

95 512 272 563 tionum,
302 511 389 554 sive
417 512 637 564 bonarum,
669 511 754 553 sive
783 512 1002 564 malarum,
1031 511 1130 553 hinc
1159 511 1207 553 fit
1236 514 1284 552 ut
1312 511 1427 553 illius
1457 511 1659 565 principii

95 585 292 636 respectu
317 598 413 624 vere
435 583 616 625 liberum
640 583 706 624 vel
728 598 815 625 non
837 583 1018 625 liberum
1042 583 1096 624 sit
1121 586 1162 625 et
1184 586 1403 625 censeatur
1420 583 1657 624 arbitrium.

148 653 262 695 XIV.
291 654 434 707 Atque
462 655 546 696 hoc
573 657 768 708 respectu
797 669 874 707 pro
904 654 1070 696 ratione
1098 654 1302 696 variantis
1333 654 1590 696 conditionis
1615 657 1657 696 et

98 728 233 767 status
282 726 478 778 hominis,
531 726 646 768 varie
696 725 878 767 liberum
927 726 1151 767 arbitrium
1193 726 1543 768 considerandum
1584 729 1660 778 est,

98 811 250 850 nempe
288 796 356 838 vel
392 797 436 837 in
474 798 588 837 statu
628 796 931 838 creationis
970 799 1012 838 et
1043 797 1427 850 integritatis,
1458 797 1523 839 vel
1552 798 1661 851 lap-

99 882 186 909 sus
224 870 266 909 et
305 867 708 921 corruptionis,
749 868 816 909 vel
844 868 1063 920 gratiae
1094 872 1135 909 et
1165 868 1565 921 reparationis,
1597 869 1663 910 vel

101 938 281 991 denique
310 939 526 992 gloriae
555 941 597 981 et
624 938 1005 992 perfectionis.

154 1009 248 1051 XV.
277 1009 336 1053 ‚In
365 1011 512 1052 statu
541 1009 675 1063 igitur
705 1010 1084 1063 integritatis,
1116 1010 1161 1052 in
1191 1026 1274 1064 quo
1304 1010 1419 1052 Deus
1448 1011 1664 1053 hominem

101 1082 154 1123 ad
190 1081 420 1135 imaginem
458 1096 578 1123 suam
607 1084 648 1123 et
678 1081 998 1123 similitudinem
1028 1082 1196 1134 creavit,
1229 1081 1331 1124 Gen.
1363 1083 1397 1124 1.
1429 1098 1513 1135 qua
1542 1083 1663 1125 boni-

100 1156 167 1194 tas
209 1153 405 1195 omnibus
450 1152 654 1195 creaturis
697 1153 945 1205 communis,
990 1153 1090 1195 Gen.
1135 1155 1171 1206 1,
1211 1155 1287 1206 31„
1323 1155 1596 1209 singulariter
1626 1160 1667 1197 et

101 1224 374 1278 peculiariter
401 1224 454 1266 ad
480 1224 697 1266 hominem
725 1224 1013 1278 restringitur,
1046 1240 1182 1278 quem,
1212 1229 1260 1268 ut
1289 1226 1491 1269 Salomon
1515 1226 1667 1279 inquit,

102 1299 266 1338 rectum
302 1296 460 1338 creavit
492 1295 621 1348 Deus,
650 1296 763 1337 Eccl.
793 1297 841 1348 7.‚
873 1298 914 1338 et
944 1298 991 1337 ut
1019 1296 1188 1349 Paulus,
1220 1298 1265 1338 in
1295 1297 1513 1351 sapientia,
1541 1298 1667 1350 justi-

101 1367 163 1409 tia
201 1370 243 1409 et
280 1367 519 1419 sanctitate,
556 1367 668 1420 Eph.
707 1368 745 1420 4,
784 1369 846 1410 24.
886 1367 972 1409 Col.
1003 1368 1039 1419 3,
1072 1369 1133 1409 10.
1166 1368 1209 1409 in
1241 1383 1302 1420 eo,
1333 1369 1521 1421 inquam,
1554 1371 1669 1410 statu

102 1438 328 1492 integritas
364 1439 447 1480 fuit
480 1439 670 1480 omnium
697 1439 853 1481 virium
882 1441 924 1481 et
952 1439 1202 1481 interiorum
1231 1442 1274 1480 et
1303 1440 1575 1492 exteriorum,
1605 1444 1669 1481 at-

105 1526 185 1563 que
226 1514 274 1552 ut
314 1511 483 1553 bonitas
526 1514 568 1552 et
609 1511 819 1553 rectitudo
861 1510 1002 1552 illuxit
1040 1511 1084 1551 in
1122 1513 1276 1562 mente,
1315 1510 1375 1552 ita
1414 1510 1542 1552 etiam
1570 1526 1669 1552 vera

105 1582 293 1634 libertas,
336 1597 423 1624 non
463 1584 632 1624 tantum
672 1582 878 1624 naturalis
920 1582 992 1623 illa
1034 1581 1211 1634 homini,
1251 1597 1334 1635 qua
1372 1582 1415 1624 in
1445 1585 1670 1636 utramque

106 1656 274 1707 partem
302 1669 345 1695 se
372 1654 530 1696 habere
557 1654 713 1707 potuit,
743 1653 814 1695 sed
843 1656 886 1695 et
914 1653 1089 1695 libertas
1117 1668 1191 1695 seu
1220 1654 1409 1695 vacuitas
1439 1670 1463 1695 a
1491 1657 1668 1707 peccato

106 1724 208 1775 fuit3
248 1739 322 1766 seu
358 1724 402 1766 in
441 1724 618 1766 arbitrio
655 1723 737 1765 fuit
776 1724 948 1765 habitus
989 1725 1099 1776 boni,
1143 1724 1336 1776 facultas,
1368 1724 1597 1777 propensio
1631 1727 1672 1766 et

107 1794 289 1836 facilitas
328 1796 380 1837 ad
417 1796 590 1848 bonum,
621 1811 705 1848 qua
731 1796 836 1837 velle
867 1798 909 1836 et
939 1810 1066 1851 agere
1096 1795 1220 1847 bona,
1252 1796 1413 1837 malum
1441 1795 1601 1849 fugere,
1632 1799 1673 1837 et

107 1866 268 1908 bonum
305 1867 505 1920 persequi
541 1870 697 1922 posset,
738 1882 811 1908 seu
850 1869 1068 1920 praestare
1107 1866 1200 1908 Deo
1232 1867 1445 1920 integram
1475 1866 1673 1908 obedien-

107 1938 214 1979 tiam
241 1939 396 1991 potuit.
426 1938 493 1980 Ita
521 1941 568 1980 ut
599 1938 824 1980 arbitrium
851 1938 921 1979 hic
946 1938 1074 1980 fuerit
1099 1953 1196 1980 vere
1223 1938 1416 1990 liberum,
1444 1940 1485 1980 et
1510 1941 1673 1989 natura,

110 2012 150 2051 et
178 2012 355 2052 naturae
384 2010 590 2061 bonitate,
620 2010 672 2051 ad
702 2011 790 2063 ejus
822 2012 1016 2051 sanctum
1046 2009 1306 2051 exercitium.

162 2080 276 2122 XVI.
314 2081 606 2123 Veruntamen
642 2081 741 2123 talis
779 2081 849 2122 hic
891 2081 993 2122 boni
1035 2081 1078 2122 in
1114 2084 1266 2122 natura
1305 2081 1458 2121 insitus
1489 2080 1569 2122 fuit
1598 2081 1675 2122 ha-

110 2153 234 2205 bitus,
273 2156 321 2194 ut
357 2156 499 2195 tamen
536 2153 680 2205 homo,
722 2152 1078 2205 quemadmodum
1108 2154 1261 2193 natura
1291 2152 1552 2205 compositus
1581 2152 1676 2193 fini-

109 2227 263 2277 tusque
306 2227 471 2266 creatus
514 2227 617 2277 erat,
662 2225 723 2266 ita
768 2227 809 2266 et
852 2224 1070 2266 mutabilis
1113 2224 1243 2265 etiam
1282 2224 1504 2266 voluntate
1541 2223 1673 2274 foret3

109 2309 247 2347 neque
275 2295 337 2336 ita
364 2295 586 2337 voluntate
616 2295 891 2348 singulariter
918 2295 1180 2347 confirmata,
1213 2295 1315 2348 quin
1339 2296 1473 2337 libero
1499 2296 1676 2337 arbitrio

111 2365 289 2408 abutens
319 2381 343 2407 a
372 2366 485 2407 bono
516 2381 558 2408 se
589 2369 792 2418 avertere,
823 2369 864 2408 et
894 2367 946 2408 ad
975 2367 1134 2408 malum
1160 2369 1417 2419 convertere,
1444 2367 1547 2408 illud
1572 2367 1677 2409 velle

112 2440 241 2489 atque
280 2437 448 2490 eligere,
489 2452 711 2491 agereque,
752 2438 795 2480 id
834 2441 910 2490 est,
953 2438 1120 2491 objecta
1149 2438 1356 2480 bonitatis
1387 2440 1526 2492 specie
1555 2439 1678 2481 incli-

111 2508 206 2550 nari
233 2508 286 2549 ad
315 2508 603 2560 deficiendum,
636 2512 677 2550 et
704 2509 880 2551 deficere
910 2512 1063 2563 sponte
1094 2512 1136 2551 et
1166 2510 1343 2562 proprio
1367 2512 1487 2551 motu
1511 2512 1677 2563 posset;

112 2581 160 2621 ut
186 2582 228 2621 et
251 2578 343 2621 Deo
368 2579 429 2621 ita
454 2580 727 2633 permittente
751 2580 912 2622 factum
938 2583 1013 2622 est.
1040 2579 1168 2633 Cujus
1194 2580 1483 2622 voluntarium
1498 2581 1677 2634 lapsum,

114 2653 156 2693 et
193 2650 263 2693 lex
299 2649 392 2701 Dei,
432 2653 473 2692 et
505 2651 778 2693 comminatio
808 2651 894 2704 legi
923 2651 1080 2704 addita,
1111 2654 1152 2692 et
1181 2651 1362 2693 historia
1389 2651 1545 2704 lapsus,
1577 2651 1679 2693 Gen.

114 2722 151 2763 2.
181 2724 222 2763 et
250 2722 287 2763 3.
319 2721 436 2764 Eccl.
465 2723 501 2774 5,
532 2723 595 2764 29.
626 2722 793 2764 evincit.

166 2791 303 2834 XVII.
345 2792 463 2846 Ergo
504 2792 575 2834 hic
618 2793 842 2835 arbitrium
884 2809 928 2835 se
965 2794 1117 2835 habuit
1156 2793 1288 2835 libere
1328 2795 1380 2840 εἷς
1426 2793 1470 2835 τὸ
1503 2793 1681 2847 ὁπότερον

115 2864 410 2917 utrimque,
456 2865 585 2906 etiam
625 2865 855 2907 secundum
892 2865 1105 2907 rationem
1142 2864 1346 2918 principii
1385 2866 1426 2905 et
1462 2864 1680 2919 potentiae

117 2935 350 2988 proximae.
389 2934 589 2977 Liberum
627 2935 796 2988 quidem
834 2935 916 2977 fuit
954 2951 978 2977 a
1006 2937 1195 2989 peccato,
1227 2934 1299 2976 sed
1327 2949 1413 2976 non
1444 2950 1468 2976 a
1495 2936 1681 2977 mutabi-

114 3006 238 3048 litate
279 3007 391 3059 boni,
422 3009 463 3048 et
492 3006 780 3060 possibilitate
808 3007 985 3060 peccati,
1012 3022 1059 3048 ac
1084 3007 1128 3048 in
1152 3007 1359 3048 utrumvis
1382 3007 1534 3048 flexile.
1559 3006 1682 3048 Unde
