1931 3224
751 127 814 170 DE
843 128 1052 172 EccnsssiA.
1603 134 1681 177 437

125 253 299 294 diversis
337 253 442 295 locis
482 268 530 295 ac
567 253 844 296 dissitissiinis
873 254 1137 307 praefectum
1166 255 1326 297 volunt.
1356 256 1395 298 S.
1426 259 1532 310 puta
1560 257 1688 300 Jaco-

123 323 225 365 bum
254 323 470 377 Hispanis,
497 324 749 378 degentibus
774 325 818 367 in
845 326 1031 379 Europa,
1057 326 1176 368 India
1201 329 1242 369 et
1257 327 1464 370 America.
1481 328 1522 371 S.
1538 328 1689 370 Domi-

122 394 276 445 nicum,
319 393 353 435 F
356 396 603 447 ranciscum,
648 398 725 437 etc.
771 397 966 438 omnibus
1010 412 1155 439 eorum
1199 399 1413 440 coenobiis
1453 401 1546 440 toto
1586 400 1688 441 orbe

123 465 334 518 dispersis.
374 465 553 507 Beatam
590 481 689 508 vero
729 467 954 521 Virginem
993 469 1099 510 coeli
1133 469 1339 522 reginam,
1369 473 1508 512 terrae
1538 470 1688 513 Domi-

121 550 233 587 nam,
272 551 321 577 ac
357 537 485 578 maris
525 537 715 590 Stellam,
756 538 854 590 (etsi
882 539 1026 593 inepte
1054 554 1131 594 pro
1161 542 1289 582 maris
1319 541 1452 593 stilla)
1484 542 1686 593 vocitant,

122 609 199 648 etc.
238 621 333 648 cum
371 607 450 649 soli
489 606 579 649 Deo
620 609 844 650 conveniat
883 624 904 651 e
944 611 1115 652 coelis
1154 611 1365 654 intueri
1406 627 1462 653 ac
1499 613 1686 655 videre

123 692 300 720 omnes
351 678 515 730 fili-os
564 679 859 732 hominum,
913 696 934 722 e
976 682 1095 723 loco
1139 682 1518 725 habitationis
1561 699 1685 726 suae

120 749 438 803 prospicere
510 749 560 790 in
645 764 825 792 omnes
880 751 1229 795 habitatores
1283 757 1482 807 terrae,
1538 755 1683 798 Psalm

120 821 184 872 33,
215 821 276 862 13.
309 821 370 862 14.

173 891 287 934 XXI.
319 891 590 947 Quapropter
620 908 667 935 ea
697 908 804 946 quae
833 893 955 935 Matt.
987 895 1050 946 24,
1079 895 1143 936 47.
1173 896 1223 938 de
1252 897 1519 949 praefectura
1548 898 1685 940 fidelis

120 964 230 1006 servi
259 979 385 1017 super
415 964 556 1005 omnia
586 963 761 1006 Domini
791 964 901 1006 bona
931 965 1143 1017 dicuntur,
1169 967 1218 1008 de
1242 968 1537 1020 spiritualibus
1560 970 1685 1011 bonis

119 1035 398 1088 intelligenda
441 1037 551 1086 sunt,
591 1037 638 1076 ut
674 1034 797 1076 Rom.
837 1035 873 1086 8,
914 1036 975 1076 17.
1017 1036 1246 1078 dicimur
1283 1038 1546 1081 haeredes
1584 1040 1685 1082 Dei

120 1109 171 1147 et
222 1107 550 1148 cohaeredes
602 1105 824 1147 Christi.
868 1105 976 1148 Item
1020 1121 1126 1159 quae
1170 1109 1219 1149 de
1261 1110 1450 1152 rectione
1492 1111 1684 1164 gentium

118 1178 162 1219 in
199 1178 322 1232 virga
354 1178 491 1220 ferrea
520 1181 561 1219 et
590 1177 776 1220 sessione
804 1178 848 1219 in
876 1178 1033 1220 throno
1063 1178 1143 1220 Dei
1174 1179 1382 1232 dicuntur,
1411 1180 1546 1234 Apoc.
1576 1183 1613 1223 2.
1643 1185 1684 1224 et

117 1250 154 1291 3.
197 1250 433 1291 necessario
477 1249 704 1302 allegorice
745 1250 1022 1303 intelligenda
1064 1252 1172 1299 sunt,
1211 1251 1261 1292 de
1298 1251 1426 1304 plena
1464 1253 1605 1306 gloria
1643 1257 1684 1295 et

119 1321 306 1363 dominio
347 1321 546 1363 adversus
585 1320 801 1372 Satanam,
831 1321 1034 1362 mundum
1064 1324 1105 1363 et
1135 1337 1320 1373 carnem3
1350 1325 1398 1364 ut
1428 1323 1583 1365 Paulus
1613 1340 1684 1366 ex-

116 1391 250 1443 ponit,
281 1392 302 1432 1
336 1390 429 1433 Cor.
461 1391 523 1443 15,
554 1392 617 1433 56.
649 1394 690 1433 et
719 1391 953 1444 johannes,
982 1392 1118 1446 Apoc.
1149 1394 1185 1444 5,
1218 1394 1279 1434 10.
1310 1396 1352 1435 et
1380 1395 1441 1443 21,
1470 1396 1507 1437 9.

171 1462 309 1506 XXII.
339 1463 579 1517 Explicatis
608 1464 659 1505 iis
684 1464 869 1506 breviter
895 1479 1002 1517 quae
1026 1466 1195 1517 partem
1214 1464 1330 1507 illam
1344 1465 1559 1508 Ecclesiae
1575 1482 1682 1520 quae

97 1534 162 1575 rin
194 1535 320 1577 coelis
349 1534 601 1587 triumphat,
628 1537 898 1586 concernunt,
925 1535 1226 1578 descendamus
1250 1537 1302 1578 ad
1326 1537 1445 1578 illam
1469 1537 1682 1580 Ecclesiae

117 1608 296 1658 partem,
327 1621 434 1658 quae
459 1605 656 1647 adversus
674 1621 851 1659 carnem,
867 1607 1073 1649 mundum
1088 1610 1130 1649 et
1145 1607 1349 1650 Satanan]
1365 1609 1501 1651 adhuc
1516 1614 1682 1663 pugnat

116 1691 188 1718 seu
226 1676 398 1728 militat,
439 1677 796 1729 quemadmodum
824 1677 982 1719 Paulus
1014 1678 1216 1731 loquitur,
1247 1679 1335 1721 Gal.
1366 1681 1403 1732 5,
1435 1681 1496 1722 17.
1528 1681 1549 1721 1
1580 1680 1678 1723 Joh.

116 1748 152 1799 5,
182 1748 220 1788 4.
250 1747 361 1801 Eph.
391 1749 427 1799 6,
460 1749 520 1790 12.

169 1818 325 1860 XXIII.
363 1819 598 1861 Ecclesiam
636 1835 802 1874 semper
839 1820 1029 1874 aliquam
1066 1822 1111 1863 in
1147 1823 1272 1864 terris
1304 1822 1445 1875 fuisse,
1476 1826 1517 1865 et
1546 1838 1679 1877 usque

115 1891 168 1932 ad
208 1890 336 1931 finem
376 1891 522 1931 mundi
558 1891 759 1943 futuram,
801 1892 1000 1933 evincunt
1037 1893 1339 1945 promissiones
1378 1893 1589 1946 plurimae
1629 1896 1678 1938 de

115 1962 203 2014 ejus
239 1962 595 2016 perseveratione,
626 1963 770 2015 quales
799 1966 967 2005 exstant
995 1963 1150 2006 Jerem.
1180 1965 1245 2016 31,
1275 1965 1338 2006 36.
1367 1964 1492 2007 Matt.
1524 1967 1583 2016 16,
1614 1968 1676 2009 29.

114 2030 237 2073 Matt.
268 2033 331 2084 28,
360 2034 423 2074 29.
455 2036 531 2074 etc.
560 2033 731 2076 Evincit
762 2034 950 2076 officium
980 2034 1137 2077 Christi
1167 2036 1239 2088 qui
1265 2038 1461 2078 aeternus
1487 2040 1550 2079 est
1572 2038 1676 2091 Rex,

114 2102 316 2156 Sponsus,
346 2104 512 2155 Pastor,
538 2119 586 2146 ac
610 2108 739 2159 caput
762 2105 977 2148 Ecclesiae
1002 2122 1112 2159 suae,
1139 2108 1212 2160 qui
1236 2108 1326 2149 sine
1346 2123 1491 2162 regno,
1508 2124 1676 2163 sponsa,

115 2189 257 2228 grege,
297 2177 340 2216 et
378 2190 556 2229 corpore
593 2177 708 2229 quod
744 2177 814 2219 1110
851 2178 1049 2230 vivificat,
1091 2193 1179 2220 esse
1207 2193 1294 2220 non
1322 2181 1476 2232 potest.
1506 2181 1678 2223 Evincit

114 2246 295 2299 denique
322 2247 509 2288 officium
538 2248 726 2290 011111111111
754 2249 1065 2301 salvandorum,
1095 2249 1196 2302 quia
1217 2265 1342 2292 nemo
1367 2254 1512 2306 potest
1535 2252 1676 2294 Deum

113 2318 270 2360 habere
299 2334 377 2372 pro
408 2318 548 2372 Patre,
579 2320 653 2373 qui
675 2335 761 2362 non
784 2321 914 2362 habet
937 2321 1173 2363 Ecclesiam
1193 2337 1272 2375 pro
1289 2322 1440 2374 Matre,
1456 2325 1504 2364 ut
1519 2323 1676 2365 Paulus

112 2391 307 2442 testatur,
338 2389 475 2432 Galat.
504 2391 542 2442 4,
573 2392 635 2433 26.

166 2461 323 2504 XXIV.
353 2461 443 2504 Nec
471 2477 571 2504 vero
601 2462 757 2505 sufficit
786 2464 1142 2516 quemadmodum
1166 2464 1375 2507 Libertini
1400 2465 1673 2517 contendunt,

115 2535 160 2574 ut
182 2533 373 2575 membra
395 2534 520 2587 hujus
545 2533 704 2576 Christi
728 2535 942 2577 Ecclesiae
967 2535 1133 2589 singula
1159 2537 1390 2590 separatim
1407 2537 1675 2589 spiritualem

114 2620 208 2647 cum
222 2606 374 2660 ignota
389 2607 577 2648 Ecclesia
593 2607 933 2649 communionem
949 2608 1091 2649 dicant
1107 2622 1149 2649 se
1167 2608 1315 2660 colere,
1332 2607 1498 2649 etiamsi
1514 2608 1674 2650 extrin-

113 2691 232 2719 secus
278 2677 346 2719 vel
387 2677 548 2720 nullam
592 2693 686 2720 cum
728 2678 814 2720 ullo
860 2681 983 2720 coetu
1026 2680 1366 2721 communionem
1410 2679 1564 2731 colant,
1606 2681 1673 2723 vel

115 2749 242 2790 etiam
286 2763 381 2791 cum
418 2749 610 2790 coetibus
647 2749 928 2792 idololatricis
967 2752 1008 2792 et
1046 2750 1293 2804 apostaticis
1332 2751 1672 2794 communionem

114 2834 157 2861 se
196 2820 333 2862 colere
371 2820 582 2862 simulent.
613 2819 695 2862 Sed
724 2821 776 2862 ad
805 2836 948 2863 veram
978 2821 1212 2863 Ecclesiam
1242 2821 1575 2875 consituendam,
1606 2837 1671 2864 as-

114 2890 290 2932 serimus
342 2892 628 2933 necessarium
669 2906 770 2944 esse,
813 2894 861 2933 ut
903 2892 1047 2933 fideles
1089 2892 1200 2933 inter
1243 2907 1285 2934 se
1328 2893 1669 2935 communionem

114 2961 268 3013 colant,
307 2965 348 3004 et
386 2962 553 3004 vinculo
592 2962 725 3005 Verbi
764 2965 805 3005 et
844 2962 1215 3006 Sacramentorum
1253 2964 1482 3006 secundum
1512 2964 1668 3007 Christi
