1931 3224
310 132 373 174 DE
403 132 583 182 Qqum:
613 132 754 174 FALSIS
784 131 1094 174 PONTIFICIORUM
1125 131 1411 174 SACRAMENTIS.
1561 134 1639 174 573

79 258 142 299 31.
183 272 222 310 q.
262 258 298 298 1.
328 271 360 298 c.
390 259 426 299 9.
457 272 615 300 causa
643 259 707 300 32.
739 273 778 310 q.
808 259 845 299 2.
876 272 984 311 cap.
1014 257 1078 299 13.
1110 256 1218 299 Item
1247 256 1497 309 Godfredus,
1526 256 1638 298 Hos-

78 328 239 381 tiensis,
275 328 528 380 Bernardus,
567 344 590 370 a
618 328 821 371 Durando
853 329 993 379 citati3
1023 329 1115 383 ipse
1148 329 1276 370 etiam
1303 327 1566 370 Lombardus
1594 329 1637 369 in

77 399 114 441 4.
144 399 267 441 dist.
298 401 334 441 2.
364 400 437 441 ubi
464 400 555 441 vult
582 400 902 442 matrimonium
927 415 1017 442 esse
1040 402 1209 442 tantum
1234 399 1466 442 remedium
1490 402 1639 442 contra

76 473 310 525 peccatum,
341 471 455 523 quod
484 473 581 512 ante
613 470 771 513 Christi
800 471 1026 513 adventum
1053 471 1251 522 habebat,
1278 474 1319 513 et
1341 486 1427 513 non
1450 471 1638 513 tribuere

78 542 282 595 gratiam;
321 542 431 583 unde
466 542 669 594 sequitur,
698 557 785 585 non
814 558 904 585 esse
932 543 1109 585 univoce
1140 542 1471 584 Sacramentum.
1502 542 1638 592 Quam

78 612 332 654 sententiam
356 628 467 655 nunc
492 628 571 667 pro
595 614 812 656 haeretica
835 614 994 656 habent
1018 614 1119 656 novi
1144 613 1373 665 Pontificii,
1390 615 1636 664 statuenteS,

75 684 395 725 matrimonium
421 699 510 727 esse
533 700 629 727 vere
655 688 696 728 et
720 686 894 739 proprie
920 688 1239 737 sacramentum,
1263 685 1308 726 in
1334 699 1382 726 eo
1398 687 1542 726 tamen
1557 684 1641 726 dis-

76 755 269 807 sidentes,
309 757 423 808 quod
459 757 664 808 nonnulli,
702 760 751 798 ut
788 756 941 799 Petrus
979 756 1083 799 Soto
1120 756 1342 798 lection.
1381 756 1417 797 2.
1449 756 1507 797 de
1537 755 1638 797 Ma-

72 826 211 868 trim.
250 829 291 868 et
328 827 457 881 Alph.
497 827 546 870 de
587 827 736 870 Castro
777 830 969 870 contra
1007 828 1206 870 haeret.
1247 828 1413 869 verbo
1443 827 1633 880 nuptiae,

75 896 278 940 haeres.
318 898 355 940 3.
393 899 537 951 velint,
576 899 983 941 matrimonium
1025 913 1129 940 non
1167 900 1220 940 in
1250 898 1403 940 Novo
1434 898 1638 940 demum

75 967 429 1011 Testamento
472 971 720 1023 coepisse
764 985 878 1012 esse
919 969 1347 1022 Sacramentum,
1386 969 1476 1011 sed
1510 970 1639 1023 jam-

75 1039 267 1081 dudum
303 1055 327 1082 a
364 1041 642 1094 primaeva
678 1041 1046 1083 institutione
1085 1042 1199 1083 tale
1238 1040 1424 1082 fuisse.
1464 1040 1586 1090 Quod
1615 1055 1639 1081 a

73 1110 312 1153 Lombardo
355 1111 588 1154 hauserunt
627 1113 665 1153 4.
709 1115 839 1154 sent.
879 1112 998 1153 dist.
1038 1114 1100 1153 26.
1140 1112 1217 1154 Ille
1257 1114 1399 1153 autem
1437 1126 1461 1153 a
1499 1110 1638 1153 Leone

75 1182 96 1223 1
136 1181 309 1236 Epist.
340 1183 402 1224 92.
434 1183 495 1224 ad
524 1182 731 1224 Rustic.
762 1182 852 1224 Alii
881 1186 1037 1235 autem,
1066 1184 1177 1225 inter
1206 1198 1312 1236 quos
1340 1182 1636 1235 Bellarminus,

71 1256 244 1306 negant,
273 1254 485 1295 rationem
514 1253 713 1296 habuisse
743 1254 997 1296 sacramenti
1025 1257 1123 1296 ante
1154 1253 1383 1296 Christum.

125 1323 298 1367 XLVII.
326 1323 418 1367 Nos
444 1324 764 1368 Sacramentum
789 1326 919 1368 fuisse
944 1327 1118 1380 proprie
1143 1326 1314 1379 dictum,
1340 1327 1427 1368 sive
1452 1342 1476 1368 a
1498 1326 1637 1379 prima

71 1395 356 1449 institutione,
399 1396 486 1439 sive
527 1400 627 1450 post
670 1397 886 1439 Christum
929 1397 1179 1450 exhibitum,
1221 1412 1447 1451 negamus3
1488 1397 1637 1440 iisdem

72 1466 311 1509 rationibus
340 1468 460 1520 moti,
492 1468 645 1521 quibus
675 1469 768 1510 aliis
798 1468 894 1510 falsi
922 1469 1105 1510 nominis
1136 1470 1410 1511 sacramentis
1435 1470 1503 1522 jus
1533 1469 1637 1510 illud

73 1538 326 1592 eripuimus:
366 1539 479 1592 quod
516 1554 668 1593 nempe
706 1555 730 1581 a
758 1539 850 1581 Deo
878 1555 965 1582 non
993 1539 1122 1582 fuerit
1149 1540 1393 1582 institutum
1423 1542 1471 1581 ut
1499 1554 1637 1582 sacra-

71 1610 257 1653 mentale
295 1612 458 1665 gratiae
489 1611 762 1664 justificantis
802 1611 985 1664 signum,
1017 1614 1090 1652 aut
1120 1612 1321 1665 sigillum,
1349 1626 1425 1653 nec
1454 1611 1636 1664 promis-

8 1700 10 1702 >
73 1681 191 1724 sione
221 1683 271 1724 de
301 1683 440 1736 gratia
468 1683 543 1725 illa
571 1684 615 1724 in
646 1684 734 1736 ejus
762 1698 841 1724 usu
870 1682 1119 1735 exhibenda,
1150 1683 1382 1732 munitun1;
1412 1698 1489 1725 nec
1520 1685 1634 1724 certa

71 1753 298 1795 verborum
335 1754 473 1796 forma
512 1754 658 1807 (quam
695 1754 911 1796 Pontificii
947 1754 991 1795 in
1029 1753 1311 1796 Sacramentis
1340 1753 1581 1805 requirunt)
1612 1767 1636 1793 a

72 1822 165 1866 Deo
202 1825 295 1879 ipso
332 1825 461 1867 fuerit
498 1825 775 1878 praescripta,
812 1840 889 1867 nec
909 1818 1076 1877 aliquid
1106 1824 1150 1866 in
1179 1824 1517 1866 Christianorum
1545 1839 1635 1866 ma-

71 1894 274 1937 trimonio
300 1896 437 1949 possit
462 1896 757 1948 animadverti,
784 1911 867 1949 quo
892 1896 1078 1938 fidelium
1101 1896 1374 1939 matrimonia
1399 1899 1497 1938 ante
1514 1895 1635 1937 Chri-

72 1968 185 2008 stum
214 1968 446 2019 caruerint;
477 1968 571 2010 ideo
602 1968 730 2010 etiam
758 1968 802 2009 in
831 1983 878 2010 ea
906 1984 963 2020 re,
994 1968 1187 2010 divortiis
1213 1969 1461 2023 opinionum
1485 1967 1635 2010 Ponti-

72 2037 158 2079 ficii
194 2038 307 2080 inter
345 2053 387 2080 se
417 2039 669 2092 discrepant,
700 2042 741 2081 et
772 2040 821 2082 de
850 2043 1042 2094 tempore
1070 2040 1352 2082 institutionis
1381 2055 1465 2082 non
1495 2039 1635 2081 solum

73 2109 341 2161 dissentiunt,
372 2109 443 2151 sed
472 2110 600 2151 etiam
631 2110 681 2152 de
709 2111 901 2162 materia,
926 2126 1050 2163 quam
1078 2110 1323 2152 existimant
1347 2111 1519 2165 quidam
1545 2124 1634 2152 esse

71 2181 235 2222 verba
289 2196 540 2223 consensum
582 2181 873 2236 exprimentia,
919 2185 1127 2235 quatenus
1170 2182 1633 2231 determinantur3

73 2251 158 2304 alii,
196 2252 310 2306 ipsas
347 2267 551 2306 personas
591 2253 902 2305 contrahentes,
942 2256 1015 2295 aut
1053 2255 1282 2307 conjugum
1320 2267 1519 2307 corpora;
1549 2252 1633 2304 alii,

72 2325 121 2364 ut
159 2322 310 2375 Canus,
348 2324 455 2365 ritus
485 2323 582 2365 illos
610 2323 809 2376 visibiles,
839 2324 912 2377 qui
939 2324 983 2366 in
1010 2324 1311 2367 Ecclesiastica
1338 2324 1634 2367 benedictione

74 2394 350 2446 adhibentur;
392 2409 475 2447 quo
513 2395 683 2437 nomine
722 2396 895 2449 vapulat
935 2396 1047 2449 apud
1077 2396 1396 2448 Bellarminum,
1427 2396 1500 2449 qui
1531 2396 1632 2448 vult,

75 2480 278 2519 personas
333 2465 631 2508 contrahentes
673 2481 759 2508 non
801 2467 937 2509 solum
980 2468 1203 2509 materiam
1247 2482 1348 2520 esse,
1391 2467 1464 2508 sed
1506 2467 1634 2508 etiam

72 2550 242 2579 causam
272 2537 561 2579 administram
593 2537 719 2591 hujus
749 2538 1014 2581 sacramenti.
1044 2538 1144 2592 Alii,
1176 2553 1426 2596 consensum
1465 2540 1632 2580 contra-

70 2608 261 2651 hentium
293 2623 372 2662 pro
400 2609 578 2651 materia
606 2612 783 2663 ponunt.
812 2609 913 2662 Alii,
942 2610 1037 2652 alia.

123 2679 317 2722 XLVIII.
347 2680 411 2722 De
434 2680 573 2722 forma
594 2680 742 2723 itidem
767 2681 1039 2734 opinionibus
1064 2685 1239 2724 certant.
1267 2681 1447 2731 Quidam
1469 2681 1631 2732 volunt,

70 2751 201 2793 verba
238 2766 488 2793 consensum
525 2752 797 2804 declarantia,
834 2752 1016 2794 formam
1054 2767 1155 2804 esse,
1185 2768 1292 2806 quae
1322 2767 1416 2794 cum
1443 2767 1632 2806 pronun-

71 2821 236 2864 'cientur
272 2838 297 2864 a
328 2823 580 2877 conjugatis,
611 2823 705 2865 ideo
737 2838 827 2865 esse
855 2823 953 2866 illos
984 2824 1237 2866 sacramenti
1265 2824 1496 2876 ministros,
1526 2826 1567 2866 et
1596 2824 1632 2865 si

72 2893 211 2935 verbis
239 2908 325 2935 non
356 2894 598 2947 exprimant
627 2909 888 2947 consensum,
919 2896 1119 2950 copulam
1148 2895 1358 2938 carnalem
1385 2910 1464 2949 pro
1493 2895 1631 2937 forma

72 2966 114 3006 et
141 2958 264 3018 signo
292 2966 442 3007 haberi
470 2980 616 3019 posse3
645 2967 704 3008 sic
733 2966 977 3009 Bellarmin.
1007 2968 1057 3009 de
1086 2967 1272 3009 Matrim.
1295 2967 1386 3009 Lib.
1413 2967 1449 3009 1.
1476 2981 1565 3020 cap.
1592 2967 1629 3008 6.
