1931 3224
248 127 325 168 502
821 124 1064 166 DisPUTArio
1091 121 1242 165 XLIV.

251 265 420 303 quoque
463 265 580 291 sacer
624 250 699 289 est.
741 247 865 289 Unde
906 247 1095 289 videmus
1133 247 1178 288 in
1217 246 1412 288 omnibus
1451 248 1667 302 exemplis,
1708 263 1814 301 quae

246 321 557 375 Apostolorum
595 320 739 372 praxis
766 319 890 361 nobis
921 318 1180 372 suppeditat,
1210 317 1480 372 Baptismum
1508 319 1816 372 praedicationi

246 392 365 433 verbi
402 391 531 431 fuisse
572 391 665 443 conj
672 392 858 440 unctum,
889 390 975 430 sive
1004 389 1040 430 is
1070 389 1187 431 locus
1216 389 1410 442 publicus
1440 389 1582 440 fuerit,
1613 389 1700 431 sive
1727 390 1815 443 pri—

246 465 441 503 vatorum
480 462 642 512 domus,
676 462 802 503 modo
833 460 1048 502 Ecclesiae
1077 460 1121 501 in
1149 460 1201 501 iis
1232 460 1385 512 aliquis
1416 462 1666 510 conventus3
1696 463 1816 502 extra

246 533 552 587 persecutionis
591 534 734 573 tamen
771 534 940 584 tempus
976 531 1148 584 publica
1186 531 1344 584 potius,
1375 546 1503 584 quam
1530 531 1696 585 privata
1723 531 1817 573 loca

246 604 345 644 huic
374 603 533 644 actioni
564 617 653 643 esse
682 603 944 652 destinanda,
976 617 1027 643 ex
1059 616 1107 643 eo
1139 601 1469 653 demonstratur,
1502 603 1615 654 quod
1643 601 1816 655 Baptis-

246 688 339 714 mus
368 672 530 726 publici
559 673 797 724 ministerii,
827 677 912 714 n'on
937 672 1131 726 privatae
1157 672 1469 715 exhortationis
1497 676 1561 715 est
1589 673 1816 726 appendix·

299 745 408 787 LIV.
450 745 547 787 Etsi
583 758 683 786 vero
721 747 740 785 t
753 759 773 785 e
786 744 861 785 sti
876 759 903 785 u
915 759 957 784 m
997 743 1279 796 singularium
1310 743 1355 784 in
1384 743 1611 797 Baptismo
1639 758 1726 785 non
1754 745 1816 784 est

246 816 441 858 absoluta
478 816 721 867 necessitas,
760 814 973 868 imprimis
1011 814 1054 855 in
1092 813 1297 856 Ecclesiis
1328 829 1436 867 quae
1467 814 1641 868 publica
1669 814 1816 855 fruun-

245 890 315 928 tur
353 887 516 940 quiete3
555 888 699 927 tamen
737 885 909 927 illorum
948 885 1251 938 praesentiam,
1291 887 1417 928 modo
1457 886 1518 940 pii
1547 888 1588 927 et
1615 886 1690 927 fidi
1718 885 1816 938 sint,

246 973 336 1001 esse
373 957 536 1009 utilem,
575 971 661 999 non
695 959 865 998 tantum
894 971 960 999 res
989 957 1084 1010 ipsa
1115 957 1392 1008 demonstrat,
1422 957 1496 999 sed
1526 957 1656 999 etiam
1683 956 1816 998 totius

245 1029 459 1072 Ecclesiae
488 1029 733 1083 primitivae
764 1029 1042 1081 consuetudo,
1073 1044 1180 1082 quae
1203 1029 1326 1071 valde
1350 1029 1566 1082 probabili
1590 1043 1816 1082 argumen-

246 1104 305 1154 to,
344 1117 429 1143 una
467 1116 562 1143 cum
598 1116 623 1142 n
639 1116 662 1143 o
675 1100 781 1142 min
792 1116 819 1141 u
830 1116 874 1142 m
910 1101 977 1142 im
990 1116 1018 1154 p
1031 1115 1053 1142 o
1066 1101 1199 1142 sitio
1210 1116 1238 1142 n
1251 1116 1293 1153 e,
1324 1100 1376 1142 ab
1406 1100 1500 1154 ipso
1531 1100 1816 1142 circumcisio-

246 1174 312 1215 nis
349 1173 437 1214 ritu
476 1173 655 1215 deducta
694 1174 770 1224 est,
809 1172 935 1214 sicuti
973 1173 1062 1225 ejus
1101 1171 1343 1226 exemplum
1381 1173 1521 1213 exstat
1559 1170 1674 1212 Esai.
1712 1169 1749 1223 8,
1778 1170 1816 1211 2.

247 1243 345 1286 Luc.
375 1244 411 1285 1.
443 1244 505 1285 59.

301 1313 389 1357 LV.
419 1314 465 1357 si
485 1315 587 1368 *quis
616 1329 715 1357 vero
745 1315 812 1356 vel
840 1329 891 1356 ex
921 1314 1151 1367 Ecclesiae,
1181 1314 1249 1356 vel
1273 1315 1512 1368 parentum,
1536 1313 1603 1355 vel
1628 1312 1816 1364 testium,

247 1387 314 1429 vel
355 1387 536 1428 aliorum
578 1386 826 1428 testimonio
872 1386 922 1427 de
964 1386 1180 1440 baptismo
1225 1400 1300 1428 suo
1341 1385 1387 1426 in
1423 1384 1604 1426 infantia
1642 1386 1817 1438 accepto

249 1461 387 1500 certus
417 1472 505 1499 esse
534 1472 620 1499 non
652 1458 802 1511 possit,
830 1457 900 1499 vel
929 1472 1015 1499 non
1045 1457 1130 1499 alio
1161 1472 1287 1510 quam
1319 1455 1598 1498 obstetricum
1627 1457 1699 1496 aut
1728 1454 1819 1508 pri-

248 1532 444 1572 vatorum
483 1530 698 1583 baptismo
736 1529 848 1571 forte
886 1529 1046 1571 tinctus
1083 1529 1226 1580 fuerit,
1255 1542 1333 1569 nos
1363 1527 1570 1581 ejusmodi
1597 1526 1830 1582 hominem-

247 1602 337 1643 sine
365 1601 563 1654 scrupulo
592 1600 896 1655 baptizandum
926 1615 1143 1642 censemus
1157 1616 1165 1650 3
1197 1599 1296 1652 quia
1324 1599 1616 1653 posteriorum
1644 1598 1813 1651 baptis-

247 1687 341 1714 mus
377 1672 519 1714 nullus
550 1675 627 1724 est,
657 1678 699 1717 et
726 1672 920 1725 priorum
948 1686 1028 1724 pro
1057 1671 1174 1712 nullo
1205 1670 1424 1713 habendus
1455 1673 1529 1722 est,
1562 1671 1687 1713 sicuti
1718 1685 1817 1712 con-

249 1744 345 1786 cilio
388 1743 717 1797 Carthaginensi
758 1743 794 1785 5.
834 1758 867 1785 6.
904 1744 941 1784 3.
980 1745 1093 1784 recte
1132 1744 1343 1784 statutum
1381 1742 1476 1795 fuit,
1507 1742 1603 1784 Pla
1616 1757 1637 1784 6
1648 1757 1675 1783 11
1686 1742 1729 1783 it
1759 1742 1785 1783 d
1797 1757 1818 1784 e

246 1815 581 1867 infantibus,
647 1815 869 1868 quoties
934 1830 1040 1856 non
1095 1815 1459 1857 inveniuntur
1516 1813 1818 1857 certissimi

247 1889 441 1938 testeS,
495 1887 585 1939 qui
638 1901 728 1928 eos
781 1886 1104 1940 baptizatos
1147 1901 1261 1928 esse
1304 1886 1419 1928 sine
1463 1885 1818 1946 dubitatione

247 1960 551 2010 testentur,
593 1973 766 2011 neque
810 1958 919 2011 ipsi
960 1960 1085 2000 sunt
1127 1973 1222 2011 per
1260 1959 1406 1999 aetat
1423 1972 1498 1999 em
1535 1957 1720 1998 idonei
1758 1956 1817 1997 de

247 2029 478 2070 traditis
518 2029 562 2070 si
578 2029 628 2070 bi
668 2028 1043 2071 Sacramentis
1081 2028 1439 2082 respondere,
1470 2027 1672 2080 absque
1701 2026 1816 2068 ullo

248 2100 509 2153 scrupulo
549 2115 663 2141 esse
701 2099 1097 2153 baptizandos,
1134 2115 1196 2142 ne
1233 2100 1340 2140 ista
1377 2098 1689 2153 trepidatio
1729 2112 1818 2139 eos

247 2171 422 2212 faciat
467 2171 948 2213 Sacramentorum
989 2171 1327 2224 purgatione
1365 2168 1597 2223 privari:
1635 2183 1734 2210 nam
1769 2169 1818 2209 ut

248 2240 333 2282 Leo
371 2243 486 2282 recte
519 2241 649 2294 addit,
680 2242 941 2284 iteratum
970 2242 1079 2284 dici
1108 2257 1213 2284 non
1242 2243 1450 2295 potest,
1480 2240 1620 2294 quod
1648 2239 1818 2281 nesci-

247 2314 337 2353 tur
367 2327 484 2354 esse
512 2312 729 2354 factum.

301 2383 408 2425 LVI.
447 2383 600 2437 Neque
636 2384 730 2426 ideo
761 2384 1002 2438 baptismus
1035 2384 1333 2427 conditionalis
1363 2383 1608 2438 probandus
1639 2385 1714 2434 est,
1745 2383 1819 2436 qui

249 2471 273 2496 a
310 2455 549 2497 Pontificiis
577 2456 622 2497 in
651 2456 857 2508 ejusmodi
887 2471 985 2497 casu
1014 2456 1232 2498 observari
1261 2456 1382 2507 solet,
1411 2455 1456 2497 in
1484 2455 1595 2497 hanc
1623 2454 1817 2507 formam,

248 2525 302 2568 Si
341 2526 663 2580 baptizatus
701 2542 809 2568 non
848 2542 920 2578 es,
961 2543 1058 2580 ego
1097 2530 1148 2569 te
1176 2528 1428 2582 baptizo:
1457 2529 1548 2568 tum
1580 2527 1679 2579 quia
1709 2527 1818 2578 ejus-

248 2599 363 2640 modi
401 2599 641 2651 baptismus
677 2599 870 2652 exemplo
900 2598 1146 2652 Scripturae
1179 2602 1304 2651 caret,
1335 2601 1378 2640 et
1405 2598 1513 2640 form
1520 2613 1586 2639 am
1617 2598 1818 2652 baptismi

250 2685 273 2710 a
303 2669 472 2712 Christo
504 2671 758 2724 praescripti
782 2673 934 2722 mutat,
966 2674 1056 2712 tum
1088 2671 1188 2723 quia
1212 2670 1431 2723 baptizato
1459 2670 1668 2711 incertum
1691 2669 1818 2710 relin-

251 2741 355 2793 quit,
388 2743 484 2783 uter
514 2742 749 2795 baptismus
780 2743 835 2784 sit
865 2757 1001 2792 verus,
1030 2743 1143 2795 quod
1174 2744 1323 2784 contra
1350 2741 1476 2783 finem
1506 2740 1710 2793 baptismi
1742 2743 1817 2792 est,

250 2812 323 2864 qui
350 2813 655 2866 promissiones
685 2813 847 2855 divinas
876 2828 959 2855 non
993 2814 1216 2867 ambiguas
1245 2813 1395 2865 reddit,
1424 2812 1496 2854 sed
1525 2811 1746 2854 confirmat
1776 2814 1817 2854 et

251 2882 462 2936 obsignat.
