1931 3224
223 156 300 197 252
790 151 1030 194 DISPUTATIO
1059 151 1216 194 XXVI.

221 280 351 321 ticam
388 291 519 331 genus
557 278 788 319 humanum
826 291 885 328 ea,
926 289 1054 328 quam
1091 274 1220 317 Thesi
1251 275 1288 317 3.
1319 290 1369 317 ex
1399 274 1527 319 Sacra
1558 277 1779 333 Scriptura

224 349 498 399 definivimus,
525 348 592 389 via
621 363 668 390 ac
697 347 861 389 ratione
892 360 985 387 cum
1014 345 1106 387 Deo
1130 346 1432 388 reconciliandi
1452 350 1583 400 negat
1607 347 1777 391 Christo

225 435 312 463 esse
348 420 606 473 impositam,
646 432 825 471 quarum
862 417 1000 470 prima
1040 417 1092 458 ab
1129 416 1387 458 immutabili
1413 417 1569 472 pendet
1597 418 1679 461 Dei
1708 420 1779 462 de-

226 493 353 543 creto,
404 490 535 531 altera
576 489 628 531 ab
671 487 886 530 infallibili
929 486 1167 528 divinarum
1207 487 1546 542 praedictionum
1586 490 1777 534 veritate.

224 562 348 605 Unde
397 561 513 602 illam
555 557 928 610 immutabilitatis,
970 557 1080 600 hanc
1121 557 1440 602 infallibilitatis
1482 561 1779 604 necessitatem

224 646 527 685 nuncupamus.

277 703 394 746 XIII.
436 703 500 745 De
541 701 777 756 posteriore
819 700 1070 743 necessitate
1113 700 1173 743 sic
1213 701 1405 755 loquitur
1446 702 1639 746 Christus
1679 703 1780 747 Luc.

224 776 287 829 24,
316 776 379 817 25.
408 778 456 816 ut
485 775 537 816 ad
565 774 751 827 priorem
781 788 950 826 quoque
977 773 1189 827 respiciat,
1218 787 1313 815 cum
1337 788 1434 816 suos
1461 773 1690 828 discipulos
1713 775 1780 818 his

225 847 364 888 verbis
392 847 563 888 affatur:
595 845 629 888 O
659 848 895 887 amentes
925 848 974 888 et
1002 846 1153 888 tardi
1181 846 1339 888 corde
1369 847 1430 888 ad
1459 847 1781 889 credendum

227 918 475 960 omnibus
514 932 647 970 quae
683 916 861 958 locuti
898 919 1021 958 sunt
1058 916 1403 970 Prophetae?
1433 917 1622 960 Nonne
1650 918 1781 961 haec

227 988 478 1043 oportuit
501 988 617 1042 pati
643 987 918 1029 Christum
943 990 994 1029 et
1017 988 1254 1030 introire
1283 988 1337 1030 in
1361 989 1596 1042 gloriam
1616 992 1780 1032 suani?

276 1060 390 1103 XIV.
418 1059 547 1101 Nulla
575 1062 718 1101 tamen
748 1061 917 1101 coactus
946 1059 1209 1112 necessitate,
1239 1060 1311 1102 sed
1339 1060 1471 1102 libera
1500 1075 1575 1102 sua
1604 1076 1652 1103 ac
1681 1076 1781 1114 pro-

225 1148 355 1187 pensa
393 1133 445 1174 ad
480 1135 670 1174 nostram
710 1131 889 1173 salutem
917 1134 1059 1173 motus
1088 1131 1310 1173 voluntate
1340 1132 1516 1174 arduum
1544 1132 1649 1174 illud
1676 1147 1782 1186 opus

225 1206 443 1259 amplexus
481 1206 556 1256 est,
593 1205 881 1257 promptaque
911 1217 1012 1256 erga
1040 1202 1180 1244 Deum
1209 1203 1452 1245 obedientia
1481 1204 1525 1246 in
1555 1219 1679 1246 carne
1708 1219 1783 1247 sua

224 1277 409 1331 peregit3
447 1276 569 1317 sicuti
609 1275 656 1316 de
694 1275 788 1328 ipso
828 1276 1009 1316 testatur
1045 1274 1206 1327 Esaias,
1246 1289 1337 1327 cap.
1377 1275 1440 1317 53.
1472 1290 1578 1317 vers.
1610 1276 1672 1317 10.
1702 1275 1730 1318 J
1741 1291 1783 1318 e-

224 1349 362 1391 hova
407 1346 581 1399 (inquit)
629 1347 802 1400 ipsum
840 1347 1127 1387 conterere
1166 1345 1479 1388 delectatus
1519 1348 1620 1399 est,
1660 1361 1783 1400 quo-

224 1420 365 1461 niam
404 1417 742 1460 sacrificium
787 1432 883 1471 pro
921 1419 1079 1459 reatu
1119 1417 1473 1471 semetipsum
1512 1417 1783 1471 exposuit.

225 1491 282 1534 Et
319 1490 552 1543 Apostolus
591 1489 700 1531 Phil.
739 1491 776 1543 2,
815 1490 852 1531 6.
891 1489 1012 1531 Cum
1051 1491 1193 1531 esset
1230 1488 1283 1530 in
1311 1488 1484 1530 forma
1522 1487 1642 1541 Dei,
1681 1503 1785 1530 non

226 1562 378 1603 duxit
415 1561 666 1614 rapinam
694 1575 878 1614 parem
908 1575 1024 1602 esse
1052 1574 1164 1602 cum
1192 1559 1301 1601 Deo
1331 1560 1422 1602 sed
1450 1561 1570 1614 ipse
1600 1574 1651 1601 se
1680 1559 1784 1602 exi-

225 1632 460 1685 nanivit,
496 1633 668 1675 forma
706 1633 849 1675 servi
888 1634 1137 1686 accepta,
1176 1631 1354 1674 factus
1383 1631 1492 1674 Deo
1523 1631 1785 1674 obediens

225 1717 392 1756 usque
421 1704 479 1745 ad
511 1706 737 1747 mortem
767 1704 956 1746 crucis.

278 1773 371 1816 XV.
425 1774 529 1816 Cum
578 1775 724 1829 itaque
765 1775 958 1817 Christus
999 1776 1184 1817 mortem
1225 1774 1343 1816 illam
1385 1773 1520 1817 crucis
1562 1774 1617 1816 ad
1657 1787 1785 1827 quam

225 1845 365 1888 fuerat
393 1847 729 1901 praeordinatus,
761 1850 803 1890 et
830 1846 1080 1900 necessario,
1110 1848 1153 1888 et
1182 1860 1257 1888 sua
1287 1847 1440 1899 sponte
1465 1844 1654 1897 subierit,
1679 1844 1786 1888 falsa

228 1919 292 1958 est
329 1917 434 1960 haec
470 1918 772 1960 nonnullorum
810 1919 969 1973 opinio,
1008 1918 1122 1973 quod
1159 1917 1460 1972 praeordinata
1490 1917 1715 1960 necessitas
1744 1918 1785 1959 et

226 1988 458 2030 voluntatis
496 1989 669 2031 libertas
705 1990 749 2031 in
788 1991 936 2032 eodem
974 1990 1164 2043 subjecto
1194 1989 1246 2031 ad
1273 1989 1385 2031 idem
1415 2003 1522 2042 opus
1549 1989 1785 2042 producen-

229 2059 329 2101 dum
370 2075 616 2104 concurrere
657 2064 883 2115 nequeant,
929 2061 1001 2104 sed
1040 2076 1126 2103 una
1167 2076 1311 2104 earum
1353 2060 1609 2113 introducta,
1653 2060 1785 2102 altera

228 2145 402 2183 prorsus
431 2133 678 2186 expellatur.

282 2202 396 2245 XVI.
437 2203 635 2252 Quamvis
671 2205 741 2247 hic
770 2205 798 2248 J
801 2220 893 2247 esus
923 2204 1115 2247 Christus
1157 2204 1372 2246 communi
1398 2202 1532 2245 totius
1561 2201 1786 2244 Trinitatis

231 2275 411 2325 decreto,
441 2277 585 2316 noster
612 2275 824 2317 Mediator
855 2276 910 2317 sit
939 2276 1209 2327 constitutus,
1234 2274 1366 2329 ipsius
1390 2276 1534 2316 tamen
1557 2273 1610 2315 ad
1633 2288 1787 2314 munus

230 2361 352 2387 suum
390 2346 703 2398 exsequendum
740 2346 862 2388 nobis
892 2347 980 2388 dati
1009 2361 1056 2388 ac
1084 2346 1202 2388 missi
1232 2345 1506 2397 consecratio,
1532 2344 1624 2386 Deo
1655 2344 1785 2397 Patri,

232 2417 390 2459 ordinis
427 2420 634 2470 respectu,
665 2418 716 2459 ab
745 2418 837 2471 ipse
865 2428 958 2461 nom-⁹
984 2418 1141 2472 ἐξοχὴν,
1167 2433 1216 2460 ac
1237 2417 1509 2471 peculiariter
1525 2415 1786 2468 attribuitur,

230 2488 328 2531 Luc.
358 2490 394 2541 2,
421 2489 486 2531 49.
515 2489 614 2531 Joh.
644 2489 680 2542 5,
711 2490 773 2530 30.
805 2492 845 2531 et
874 2491 910 2542 6,
940 2491 1003 2532 27.
1035 2492 1077 2532 et
1107 2491 1144 2543 8,
1172 2491 1237 2532 42.
1268 2492 1308 2532 et
1340 2489 1402 2542 10,
1432 2489 1496 2531 27.
1527 2487 1663 2538 Quam
1688 2502 1787 2529 con-

231 2560 509 2602 secrationem
537 2559 665 2612 Deus,
694 2562 786 2601 tum
816 2575 904 2612 suo,
933 2564 1026 2603 tum
1053 2562 1296 2614 legatorum
1324 2575 1498 2602 suorum
1526 2558 1787 2611 testimonio,

231 2631 307 2672 sub
336 2633 517 2684 utroque
558 2631 727 2674 foedere
755 2632 916 2674 sancire
943 2633 1099 2675 voluit:
1129 2632 1228 2685 Suo,
1257 2632 1326 2675 Ps.
1354 2632 1442 2685 110,
1466 2632 1503 2673 4.
1528 2630 1788 2684 Legatorum

232 2717 414 2756 suorum,
444 2718 609 2757 nempe,
639 2703 965 2756 Prophetarum,
996 2704 1068 2745 Es.
1098 2704 1160 2746 53.
1192 2707 1233 2746 et
1262 2703 1384 2745 Zach.
1415 2703 1478 2745 12.
1507 2701 1786 2755 Angelorum,

231 2772 329 2816 Luc.
360 2774 395 2826 1,
425 2775 488 2816 31.
517 2775 581 2816 32.
611 2776 653 2816 et
681 2775 717 2826 2,
745 2774 808 2816 10.
834 2774 894 2815 11.
921 2773 1129 2817 Johannis
1153 2775 1377 2829 Baptistae
1402 2776 1444 2817 et
1466 2772 1785 2827 Apostolorum,

231 2844 327 2886 Act.
356 2845 419 2897 IO,
448 2846 511 2887 38.
541 2847 604 2888 39.

286 2914 421 2957 XVII.
459 2917 577 2958 Haec
613 2918 716 2961 Jesu
753 2917 909 2958 Christi
939 2917 1213 2970 consecratio,
1242 2917 1308 2959 vel
1337 2916 1565 2959 secundum
1588 2916 1787 2957 naturam

233 2986 367 3039 ipsius
406 2986 602 3039 divinam,
639 2988 706 3029 vel
743 2987 971 3030 secundum
1001 2987 1231 3030 humanam
1261 2986 1534 3041 expendenda
1563 2987 1638 3028 est.
1668 2984 1787 3027 Illius
