1931 3224
237 147 314 189 218
790 143 1032 185 DISPUTATIO
1061 143 1220 186 XXIII.

234 285 314 323 que
364 270 512 323 legem,
554 271 643 311 tam
685 271 869 311 veterem
913 281 1040 320 quam
1081 282 1248 320 novam,
1293 282 1419 322 quam
1461 270 1505 312 in
1547 273 1786 326 praeceptis

233 341 507 392 constituunt,
550 340 742 393 justitiae
788 338 982 392 regulam
1027 340 1239 390 statuant3
1283 338 1472 382 fatentur
1509 343 1664 395 tamen,
1701 358 1787 385 non

230 415 397 454 tantum
425 412 704 454 necessariam
728 425 815 452 esse
840 410 1024 463 gratiam
1048 409 1317 452 revelationis
1342 413 1540 454 externae
1563 428 1641 467 per
1663 428 1786 467 prae-

233 483 496 536 dicationem,
536 483 608 525 sed
647 483 773 524 etiam
811 481 1071 534 operationis
1109 481 1312 534 internae,
1352 483 1469 536 cujus
1498 486 1615 526 actus
1642 487 1786 528 tamen

231 570 255 596 a
282 555 503 596 voluntate
531 555 717 595 humana
746 551 1056 605 suspendantur
1085 554 1159 593 aut
1188 552 1534 596 determinentur.

282 624 416 666 XXV.
458 624 507 666 In
551 639 634 677 quo
676 638 761 665 non
804 623 936 664 solum
981 622 1200 675 falluntur,
1239 624 1353 677 quod
1387 625 1567 667 nimium
1605 627 1784 670 arbitrio

229 696 413 738 humano
451 696 653 747 tribuant,
692 695 764 736 sed
800 694 914 747 quod
945 694 1263 747 justificationis
1302 695 1487 749 gratiani
1516 711 1602 738 non
1628 697 1785 740 intelli-

229 770 344 822 gant,
383 768 485 809 duas
521 769 689 819 matres,
728 766 955 808 liberam
985 768 1026 808 et
1054 780 1283 819 servam,
1316 767 1586 821 confundant,
1617 785 1784 813 carnem

229 842 271 881 et
320 839 644 892 promissionem
694 852 772 891 pro
825 837 973 879 eodem
1017 837 1216 889 habeant,
1258 837 1416 891 Legem
1460 854 1637 893 operum
1690 856 1784 884 cum

226 910 461 963 Evangelio
492 911 761 964 componant,
799 910 846 950 ut
870 923 948 961 res,
975 909 1115 962 quoad
1139 909 1422 951 substantiam
1449 911 1626 964 easdem,
1651 912 1783 955 diver-

226 994 292 1021 sas
333 982 501 1022 tantum
542 979 770 1022 secundum
810 978 947 1033 inagis
987 982 1028 1021 et
1064 980 1215 1033 minus,
1256 981 1322 1022 vel
1358 982 1679 1034 perspicuitatis
1718 984 1784 1026 vel

225 1051 508 1105 perfectionis,
557 1054 630 1092 aut
673 1051 938 1093 assistentiae
983 1051 1171 1104 spiritus,
1216 1067 1311 1094 cum
1351 1054 1505 1095 natura
1547 1056 1589 1095 et
1631 1069 1784 1108 genere

226 1122 331 1163 duae
357 1137 423 1164 res
453 1122 549 1173 sint,
580 1137 688 1174 quae
714 1122 760 1163 in
788 1122 963 1176 negotio
989 1123 1310 1175 justificationis
1340 1125 1539 1178 componi
1568 1140 1656 1168 non
1683 1141 1783 1180 pos-

165 1224 169 1225 .
225 1195 335 1235 sunt.
375 1192 487 1234 Nam
530 1194 619 1246 qui
663 1196 788 1235 sunt
830 1188 924 1236 sub
962 1194 1103 1248 lege,
1140 1209 1245 1237 non
1284 1198 1407 1238 sunt
1445 1196 1540 1238 sub
1578 1198 1781 1251 gratia,

223 1262 346 1305 Rom.
383 1264 420 1315 6,
461 1264 522 1305 14.
562 1263 754 1306 Christus
793 1265 927 1319 igitur
958 1265 1030 1319 qui
1059 1266 1243 1319 gratiam
1271 1267 1429 1315 attulit,
1459 1283 1614 1310 novam
1644 1270 1783 1326 legem

222 1349 307 1377 non
337 1335 534 1382 condidit,
564 1338 613 1377 ut
640 1336 684 1377 in
713 1337 802 1389 ejus
832 1336 1128 1379 observatione
1151 1337 1363 1391 justitiam
1394 1339 1675 1383 constituerit.

275 1406 431 1449 XXVI.
469 1405 621 1460 Neque
660 1409 804 1449 tamen
833 1408 1022 1461 dicimus,
1054 1409 1167 1461 quod
1196 1409 1258 1450 illi
1287 1410 1610 1464 calumniantur,
1641 1411 1783 1455 Chris-

222 1479 314 1520 tum
349 1493 425 1532 per
460 1478 746 1533 Evangelium
783 1480 922 1533 legem
959 1481 1165 1522 moralem
1202 1481 1441 1532 sustulisse3
1472 1497 1549 1524 nec
1576 1497 1781 1537 negamus

222 1549 395 1592 eandem
431 1550 569 1604 legem
610 1550 828 1593 Christum
865 1551 1104 1605 perfecisse,
1144 1567 1231 1595 non
1269 1553 1405 1595 solum
1434 1553 1650 1608 implendo
1681 1556 1782 1598 obe—

221 1620 380 1662 dientia
415 1621 614 1676 perfecta,
655 1623 728 1664 sed
769 1622 898 1665 etiam
934 1623 1103 1665 nativae
1132 1638 1231 1666 suae
1258 1624 1511 1677 perfectioni
1540 1640 1632 1667 eam
1659 1626 1782 1669 resti·-

219 1692 389 1744 tuendo,
420 1695 462 1735 et
490 1708 514 1734 a
537 1694 790 1747 corruptelis
814 1694 1027 1736 seniorum
1049 1695 1315 1748 vindicando,
1339 1710 1425 1737 non
1448 1696 1532 1738 alia
1555 1699 1782 1752 praecepta

219 1764 375 1818 legalia
412 1765 616 1817 addendo,
652 1768 726 1807 aut
758 1767 848 1818 jam
886 1766 984 1808 data
1013 1767 1291 1821 prolatando:
1316 1768 1431 1820 quod
1458 1767 1619 1810 factum
1647 1769 1699 1810 ab
1729 1784 1778 1811 eo

217 1834 358 1887 fuisse,
401 1835 557 1878 frustra
600 1851 650 1878 ex
692 1851 783 1890 cap.
825 1837 862 1879 5.
905 1837 942 1879 6.
987 1839 1028 1879 et
1057 1838 1093 1880 7.
1122 1837 1277 1880 Matth.
1307 1838 1491 1892 probare
1519 1840 1780 1883 contendunt

218 1905 433 1949 Pontificii
463 1910 503 1950 et
534 1907 760 1951 Sociniani.

271 1976 448 2020 XXVII.
489 1977 640 2032 Neque
670 1980 798 2022 etiam
826 1980 1078 2033 inficiamur,
1107 1979 1233 2023 Novo
1264 1981 1538 2025 Testamento
1570 1983 1778 2026 contineri

219 2048 453 2092 doctrinam
493 2065 670 2104 operum
709 2054 751 2093 et
790 2052 908 2094 varia
945 2052 1159 2104 mandata,
1197 2052 1284 2095 imo
1313 2053 1458 2106 urgeri
1487 2054 1630 2096 omnia
1657 2069 1776 2097 man-

219 2119 318 2161 data
353 2120 477 2174 Legis
506 2122 690 2175 moralis,
720 2137 870 2178 nempe
898 2125 1118 2176 tamquam
1145 2124 1383 2166 necessaria
1411 2125 1464 2167 ad
1491 2139 1646 2167 novam
1675 2126 1776 2168 obe-

218 2191 420 2233 dientiam
460 2195 501 2234 et
544 2194 892 2237 sanctificationis
932 2194 1152 2245 exercitia3
1194 2195 1265 2237 sed
1302 2194 1385 2236 hoc
1413 2210 1633 2249 negamus,
1662 2196 1776 2249 quod

215 2263 276 2304 illi
314 2264 474 2316 volunt,
511 2264 684 2308 Novum
723 2265 1044 2309 Testamentum
1072 2267 1245 2321 proprie
1275 2266 1445 2319 dictum,
1476 2269 1683 2320 quatenus
1711 2269 1775 2309 est

217 2334 512 2387 promissionis
549 2337 713 2389 gratiae
750 2338 795 2379 in
821 2337 990 2380 Christo
1023 2338 1145 2380 datae.
1176 2338 1382 2390 doctrina,
1411 2338 1627 2391 requirere
1657 2353 1774 2380 con-

219 2404 483 2447 ditionem
507 2408 683 2449 totius
708 2408 847 2462 legis
873 2409 1202 2462 implendae,
1230 2411 1344 2463 quod
1367 2410 1771 2463 vultBellarminus,

215 2475 279 2517 De
305 2477 442 2529 justif.
471 2477 561 2520 Lib.
591 2480 628 2521 4.
659 2494 748 2533 cap.
779 2481 816 2521 2.
846 2482 919 2521 aut
943 2480 1094 2532 justos,
1123 2495 1209 2522 non
1240 2495 1329 2523 esse
1359 2481 1514 2524 liberos
1544 2482 1596 2524 ab
1628 2482 1772 2525 obser-

215 2548 384 2590 vatione
422 2549 529 2603 legis
568 2551 748 2603 divinae,
788 2553 995 2604 quatenus
1024 2551 1099 2594 illa
1130 2553 1264 2606 exigit
1293 2553 1579 2596 obedientiam
1607 2554 1771 2608 perfec-

213 2621 313 2671 tam,
345 2635 428 2673 qua
457 2635 507 2663 ex
537 2621 679 2663 debito
704 2623 845 2675 justus
874 2623 1028 2676 aliquis
1057 2624 1377 2676 pronunciatur.

267 2689 464 2733 XXVIII.
502 2691 615 2734 Nam
655 2708 758 2746 quas
787 2696 1011 2747 opponunt
1039 2695 1162 2736 nobis
1192 2695 1456 2738 conditiones
1480 2696 1697 2740 Pontificii
1724 2698 1769 2740 in

214 2758 339 2802 Novo
368 2761 641 2805 Testamento
671 2764 722 2806 ad
748 2764 881 2806 vitam
909 2765 1147 2818 requisitaS,
1177 2769 1236 2818 ut,
1265 2767 1373 2808 nisi
1401 2767 1769 2811 abundaverit

210 2830 437 2881 justitia
474 2837 657 2877 vestra
686 2836 807 2888 plus
838 2850 991 2888 quam
1020 2835 1334 2879 Scribarum
1365 2840 1415 2880 et
1443 2838 1767 2882 Pharisaeo-

214 2913 344 2952 rum,
374 2904 449 2944 etc.
478 2903 581 2946 Mat.
611 2905 648 2958 5,
674 2907 737 2949 20.
761 2907 877 2958 item,
902 2906 945 2948 si
969 2907 1049 2949 vis
1072 2908 1136 2949 ad
1159 2908 1327 2951 vitam
1349 2909 1588 2963 ingredi,
1613 2924 1768 2954 serva

214 2972 487 3026 mandata,
525 2974 628 3017 Mat.
668 2978 729 3030 19,
762 2978 823 3030 17,
853 2980 952 3020 sunt
983 2978 1332 3023 comminationes
1361 2982 1435 3023 aut
1462 2980 1765 3034 promissiones
