1931 3224
271 143 349 186 506
852 138 1093 181 DISPUTATIO
1121 137 1250 180 XLV.

271 267 357 309 suis
393 267 531 321 magis
570 264 894 315 commendaret,
926 263 1116 316 adeoque
1142 262 1223 304 hac
1253 264 1443 304 extrema
1472 276 1603 304 coena
1630 261 1832 306 Foederis

272 342 314 381 et
352 336 626 387 Testamenti,
665 338 802 377 morte
839 334 970 387 paulo
1006 336 1104 387 post
1133 333 1360 385 sanciendi,
1393 335 1716 375 monumentum
1746 336 1832 375 sta-

271 411 435 453 biliret:
473 409 664 461 locoque,
694 410 798 462 puta
825 406 870 447 in
900 406 1132 447 civitate
1160 404 1489 456 Jerusalem,
1522 404 1754 446 diversorio
1784 419 1833 447 ac

271 480 526 522 triclinio
564 493 777 532 magno,
817 479 997 519 strato
1038 491 1093 518 ac
1131 478 1351 530 parato,
1390 476 1435 518 in
1473 490 1557 528 quo
1598 478 1639 518 et
1668 475 1833 518 Pascha

273 554 469 605 paratum
500 550 594 591 fuit.

324 622 376 663 X.
406 622 464 663 Et
492 621 663 674 quidem
700 622 986 674 postquam
1021 620 1326 669 coenasset,
1361 617 1459 660 Luc.
1486 617 1549 669 22,
1579 618 1642 659 20.
1672 617 1834 660 scilicet

271 693 373 747 agni
397 692 616 734 Paschalis
641 706 816 733 coenam
837 691 1019 744 legalem
1043 704 1139 732 cum
1153 688 1387 742 Discipulis
1411 688 1511 740 suis,
1526 688 1654 741 idque
1668 703 1756 731 non
1770 703 1834 730 se-

272 764 456 806 cundum
492 763 716 805 Judaicam
753 762 1042 812 traditionem,
1082 760 1154 802 sed
1190 760 1297 813 legis
1337 760 1386 801 de
1425 774 1474 801 ea
1510 759 1833 813 praescriptum,

270 836 400 878 Marc.
440 836 501 886 14,
545 836 605 876 12.
644 834 741 875 Luc.
783 835 845 885 22,
876 833 912 875 7.
943 847 1051 885 quae
1081 834 1211 885 typus
1241 831 1323 872 fuit
1352 830 1524 881 Christi,
1554 831 1574 872 1
1607 830 1699 872 Gor.
1729 831 1767 882 5,
1798 831 1833 873 7.

273 909 314 949 et
355 907 480 960 hujus
523 905 773 948 Dominicae
816 920 971 947 coenae
1010 904 1266 957 antitypum,
1305 905 1353 944 ut
1393 917 1501 955 quae
1539 904 1580 944 et
1618 901 1836 944 Christum

272 993 430 1032 agnum
471 978 591 1019 illum
632 977 724 1029 Dei,
769 979 810 1019 et
853 977 930 1018 sub
973 975 1241 1017 liberationis
1284 973 1579 1028 Aegyptiacae
1618 973 1835 1026 memoria,

272 1049 538 1103 spiritualem
577 1048 841 1101 designabat,
881 1048 902 1089 1
942 1046 1034 1088 Cor.
1065 1046 1100 1096 5,
1130 1047 1166 1088 7.
1192 1045 1358 1100 Nempe
1389 1048 1434 1086 ut
1462 1045 1523 1087 ita
1551 1045 1836 1098 complemen-

271 1123 363 1162 tum
401 1120 555 1162 veteris
593 1119 857 1162 Sacramenti
894 1118 994 1160 novi
1034 1118 1297 1160 successione
1337 1117 1608 1159 indicaretur.
1648 1115 1740 1165 Quo
1770 1130 1837 1158 re-

273 1194 422 1246 spectu
444 1191 585 1244 inquit
606 1191 810 1242 Christus,
839 1189 1131 1232 Desiderio
1163 1188 1477 1230 desideravi
1506 1187 1604 1230 hoc
1629 1186 1838 1229 Pascha

272 1263 419 1305 vesci
447 1263 730 1305 vobiscum
758 1264 1050 1314 antequam
1078 1260 1276 1314 patiar.

325 1334 398 1377 XI.
440 1334 530 1377 Imo
574 1334 758 1388 praevia,
802 1335 850 1375 ut
891 1332 1131 1385 complures
1173 1331 1334 1382 volunt,
1378 1330 1567 1385 pedum
1610 1330 1837 1372 lotione.

274 1406 416 1449 Coena
454 1406 564 1448 enim
602 1405 728 1456 facta,
767 1404 865 1446 Joh.
906 1404 966 1453 13,
1004 1404 1041 1444 2.
1081 1417 1258 1456 surgens
1297 1418 1321 1443 a
1350 1401 1503 1453 Coena,
1532 1416 1638 1443 vers.
1668 1401 1703 1442 4.
1733 1400 1839 1442 lavit

273 1493 446 1520 suorum
485 1478 625 1531 pedes,
657 1491 708 1518 ex
737 1478 938 1518 consueto
970 1474 1252 1517 Orientalium
1280 1487 1412 1523 more,
1440 1471 1537 1514 Luc.
1568 1473 1604 1524 7,
1635 1472 1698 1513 44.
1727 1471 1840 1514 scili-

275 1551 354 1600 cet,
384 1551 432 1590 ut
460 1549 574 1590 facto
606 1548 885 1601 exemploque
915 1560 991 1588 suo
1016 1545 1121 1599 ipsis
1146 1545 1333 1598 praeiret
1357 1544 1410 1585 ad
1434 1543 1682 1585 modestiam
1712 1545 1839 1596 atque

277 1621 510 1672 caritatem,
554 1619 978 1670 benevolentiamque
1022 1632 1123 1670 erga
1165 1631 1264 1658 suos
1307 1617 1558 1665 testaretur3
1603 1629 1646 1656 se
1688 1629 1840 1668 nempe

273 1706 361 1734 esse
400 1691 473 1745 qui
511 1705 609 1732 suos
638 1690 751 1732 lavet
782 1705 805 1731 a
834 1688 1030 1731 sordibus
1061 1688 1159 1740 suis,
1189 1687 1290 1729 joh.
1321 1687 1383 1739 13,
1413 1687 1449 1728 8.
1478 1687 1516 1729 9.
1547 1687 1611 1729 10.
1643 1687 1704 1728 14.
1734 1701 1839 1740 qua-

272 1763 435 1815 lesque'
457 1762 509 1803 ad
547 1760 676 1803 Sacra
713 1761 819 1803 haec
858 1760 1055 1802 accedere
1085 1761 1296 1813 oporteat,
1327 1758 1617 1810 similitudine,
1649 1773 1733 1800 non
1764 1757 1840 1800 Sa-

274 1836 502 1885 cramento,
549 1833 756 1875 edoceret.
803 1831 1004 1882 Quamvis
1048 1830 1223 1872 occidua
1260 1829 1451 1872 Ecclesia
1488 1829 1607 1871 illam
1644 1828 1759 1881 alibi,
1799 1830 1841 1870 et

274 1904 502 1957 aliquando
531 1918 618 1946 non
647 1903 737 1945 sine
766 1903 912 1954 abusu,
943 1917 1021 1956 pro
1051 1901 1325 1944 Sacramento
1356 1900 1586 1955 usurparit.

327 1975 422 2018 XII.
476 1975 588 2025 Quin
640 1974 811 2017 Christo
853 1975 1056 2016 iterum
1101 1973 1455 2015 accumbente
1497 1987 1570 2014 seu
1614 1972 1840 2013 discum-

273 2048 458 2100 bente,
495 2047 593 2089 Joh.
627 2048 689 2099 13,
720 2047 783 2088 20.
813 2047 867 2087 ad
896 2060 1063 2088 morem
1090 2045 1135 2087 in
1164 2045 1323 2099 populo
1352 2044 1435 2086 Dei
1462 2046 1555 2085 tum
1583 2044 1839 2095 susceptum,

275 2122 322 2161 ut
352 2119 425 2173 qui
451 2134 537 2161 non
566 2119 772 2169 sedentes,
803 2117 875 2159 sed
904 2117 1201 2158 accumbentes
1230 2116 1274 2157 in
1303 2115 1469 2157 lectulis
1493 2113 1723 2168 (capitibus
1747 2112 1840 2166 qui-

275 2191 371 2233 dem
394 2191 640 2241 introrsum,
669 2189 849 2243 pedibus
877 2203 977 2231 vero
1008 2190 1249 2230 extrorsum
1281 2186 1492 2240 repositis,
1522 2186 1584 2227 ita
1611 2187 1660 2226 ut
1683 2184 1727 2226 in
1751 2184 1841 2238 pri-

277 2277 398 2304 orum
437 2263 575 2304 sinum
603 2262 790 2316 proximi
818 2261 906 2303 fere
935 2261 1242 2312 recumberent,
1271 2259 1371 2302 Joh.
1403 2259 1465 2310 13,
1494 2259 1558 2309 23,
1588 2257 1670 2309 25.)
1700 2257 1841 2300 cibum

276 2334 521 2376 sumebant:
559 2349 712 2387 nempe
750 2336 798 2375 ut
835 2333 1076 2375 convivium
1116 2331 1440 2386 significaretur,
1475 2344 1560 2371 non
1588 2328 1841 2371 sacrificium

277 2404 345 2458 (ut
385 2405 603 2447 Pontificii
642 2405 803 2456 volunt,
834 2405 907 2457 qui
936 2404 1088 2446 altaria
1116 2404 1375 2445 induxerunt
1403 2401 1583 2444 Judaica
1612 2402 1654 2442 et
1683 2399 1842 2442 Gentili

278 2476 522 2533 κακοζηλίᾳ)
555 2477 666 2530 quod
697 2477 802 2518 alias
831 2479 948 2518 stans
978 2476 1032 2517 ad
1061 2476 1192 2516 altare
1221 2474 1468 2528 peregisset.

332 2549 449 2591 XIII.
494 2548 551 2590 Et
596 2548 767 2601 quidem
811 2562 905 2589 cum
947 2546 1254 2600 Discipulis
1293 2560 1367 2586 seu
1403 2543 1696 2598 Apostolis
1736 2543 1840 2584 duo-

282 2621 418 2663 decim
481 2634 745 2662 communem
803 2619 1106 2672 vulgaremque
1162 2617 1347 2659 Coenam
1403 2619 1496 2658 tum
1551 2614 1840 2657 edentibus

281 2707 354 2734 seu
393 2691 784 2741 coenantibus,
822 2693 870 2731 ut
906 2689 1035 2731 habet
1066 2689 1117 2731 V.
1149 2688 1388 2742 Interpres:
1417 2690 1466 2729 ut
1492 2686 1712 2742 publicum
1742 2701 1841 2728 con-

280 2764 452 2813 vivium,
491 2777 577 2804 non
617 2763 810 2816 privatus
848 2764 995 2814 pastus
1031 2760 1250 2802 indicetur.
1290 2759 1406 2809 Quae
1442 2761 1586 2800 tamen
1620 2756 1841 2799 fractionis

280 2836 415 2889 panis,
453 2835 625 2887 vinique
663 2832 971 2875 benedictionis
1000 2832 1142 2883 ritum,
1171 2830 1215 2872 in
1244 2829 1493 2872 memoriam
1520 2827 1841 2882 Redemptionis

281 2907 585 2961 Aegyptiacae,
624 2906 869 2959 adjunctum
904 2902 1070 2953 habuit,
1108 2901 1206 2944 Luc.
1244 2902 1308 2953 22,
1348 2901 1410 2943 17.
1440 2902 1489 2942 ut
1517 2914 1568 2941 ex
1596 2898 1841 2940 Ritualibus

281 2978 542 3020 Judaeorum
589 2977 708 3019 libris
746 2978 879 3031 patet,
918 2974 985 3017 cui
1022 2974 1217 3027 equidem
1254 2972 1441 3026 Agape
1480 2973 1522 3013 et
1560 2969 1701 3013 Coena
1738 2969 1840 3012 haec
