1931 3224
277 147 356 188 624
902 140 1145 182 DISPUTATIO
1173 138 1217 179 L.

276 269 396 322 tagio
438 268 630 321 ipsorum
672 264 804 307 veluti
844 263 1088 318 γάγγραινα,
1118 263 1164 304 in
1205 262 1398 314 ipsorum
1439 259 1675 313 Republica
1711 259 1839 301 latius

278 342 433 394 serpat.
465 338 556 387 Qua
583 337 628 378 in
656 351 701 378 re
730 334 1057 378 Constantinum
1085 333 1291 387 Magnum
1320 334 1362 374 et
1386 330 1674 373 Theodosium
1698 330 1840 372 imita-

278 412 448 462 buntur,
479 423 661 462 quorum
687 408 759 449 ille
788 407 973 458 Arrium,
1003 405 1073 447 liic
1110 404 1419 458 Apollinarem,
1455 405 1497 444 et
1525 402 1785 455 Nestorium,
1816 417 1840 444 a

278 481 450 535 Synodo
480 480 598 534 prius
628 480 863 530 damnatos,
893 477 1018 520 exilio
1049 476 1285 518 mulctavit.

331 550 461 594 LVII.
499 550 653 604 Excipi
689 550 760 592 liic
792 551 972 604 possunt
1001 563 1025 590 a
1053 548 1126 600 pio
1158 549 1199 589 et
1228 546 1437 600 prudente
1468 545 1734 599 magistratu,
1763 544 1841 587 ho-

277 624 410 665 mines
439 637 613 677 prorsus
643 621 758 664 athei
789 636 836 663 ac
864 635 1025 662 summe
1054 618 1306 673 blasphemi,
1337 617 1407 670 qui
1432 616 1571 659 Deum
1595 617 1749 671 ipsum,
1775 617 1843 658 vel

279 694 592 748 providentiam
618 694 707 746 ejus
730 693 774 734 in
797 693 922 734 rebus
947 691 1145 733 humanis
1169 689 1530 743 irreligiosissime
1544 692 1841 743 pernegantes,

280 781 547 808 communem
569 764 787 807 Ecclesiae
812 762 972 805 Christi
996 761 1259 815 religionem,
1284 760 1508 802 horrendis
1532 760 1618 801 suis
1642 759 1843 813 blasphe-

278 837 374 879 miis
403 838 666 890 pervertunt,
701 850 749 877 ac
776 834 910 877 totius
940 832 1217 886 Reipublicae
1241 846 1388 886 pacem
1413 830 1769 883 concordiamque
1794 844 1844 872 ex

278 924 384 963 pura
422 910 739 962 ἐπιχαιρεκακιᾳ
775 908 904 959 atque
942 904 1072 946 animi
1108 903 1377 957 malignitate
1412 901 1643 944 insanabili
1677 902 1845 955 pertur-

278 981 395 1032 bant,
424 979 626 1032 nulloque
656 978 740 1020 alio
771 977 1055 1020 commodiore
1085 991 1133 1018 ac
1156 976 1325 1018 mitiore
1349 974 1549 1028 politicae
1576 972 1844 1016 coercitionis

279 1052 432 1103 medio,
462 1053 535 1092 aut
564 1049 765 1101 remedio,
795 1048 1007 1102 compesci
1036 1050 1228 1102 possunt.

333 1122 486 1165 LVIII.
515 1122 721 1172 Quocirca
746 1121 905 1163 dictum
928 1120 1036 1162 illud
1061 1118 1294 1173 Augustini
1312 1121 1461 1161 contra
1477 1117 1687 1160 Crescent.
1704 1115 1845 1159 Gram.

281 1194 352 1236 lib.
388 1195 425 1236 3.
455 1194 518 1236 50.
548 1192 736 1235 Nullis
766 1193 951 1246 placet
980 1192 1081 1234 hoc
1108 1192 1163 1233 in
1192 1190 1442 1233 Ecclesia
1471 1188 1773 1241 Catholica,
1803 1188 1847 1230 si

282 1282 448 1319 usque
490 1266 551 1308 ad
592 1267 819 1308 mortem
861 1264 913 1306 in
955 1278 1287 1317 quemquam,
1324 1262 1458 1303 licet
1494 1260 1846 1313 haereticum,

281 1338 575 1380 saeviatur.
605 1337 664 1378 Et
693 1337 746 1379 ad
773 1336 930 1378 Donat.
960 1335 1099 1389 Epist.
1128 1335 1219 1376 128.
1257 1334 1332 1376 Ex
1371 1334 1660 1376 occasione
1688 1331 1848 1374 terri-

279 1409 475 1451 bilium
500 1409 743 1462 judicum
772 1422 830 1450 ac
856 1407 1048 1461 legum,
1086 1421 1147 1448 ne
1177 1405 1388 1447 aeterni
1414 1404 1615 1457 judicii
1643 1417 1848 1457 poenas

280 1481 550 1533 incedant,
568 1479 777 1533 corrigi
796 1477 1113 1520 haereticos
1138 1477 1394 1531 cupimus,
1414 1490 1520 1518 non
1542 1474 1736 1527 necari,
1753 1488 1848 1516 nec

282 1552 632 1607 disciplinam
671 1554 864 1594 contra
913 1565 1000 1593 eos
1042 1549 1253 1604 negligi
1294 1549 1554 1600 volumus,
1596 1561 1691 1589 nec
1731 1561 1847 1600 sup-

280 1623 483 1677 pliciis,
520 1624 717 1676 quibus
748 1622 900 1676 digni
929 1624 1065 1673 suut,
1104 1620 1372 1663 exerceri:
1402 1620 1480 1662 sic
1509 1633 1636 1673 ergo
1668 1632 1849 1660 eorum

280 1698 509 1748 peccata
534 1697 896 1750 compesce,ut
921 1695 1030 1736 sint
1055 1708 1178 1747 quos
1205 1692 1494 1746 poeniteat
1512 1690 1847 1746 peccavisse:

282 1767 333 1808 de
363 1767 657 1808 communibus
686 1768 856 1808 tantum
882 1764 1108 1807 haereticis
1137 1763 1434 1817 accipiendum
1463 1778 1552 1806 esse
1581 1762 1780 1805 arbitror.

333 1837 442 1880 LIX.
481 1838 665 1880 Etiamsi
702 1837 985 1894 Magistratus
1021 1837 1165 1890 legum
1195 1850 1369 1878 suarum
1401 1835 1619 1889 repagulis
1656 1833 1848 1876 subditos

283 1925 381 1952 suos
420 1924 611 1952 coercere
641 1909 806 1961 debeat,
835 1924 887 1951 ne
916 1908 1144 1962 Religioni,
1175 1922 1303 1960 quam
1333 1907 1559 1960 approbat,
1586 1908 1732 1959 aperte
1757 1919 1848 1947 ma-

282 1982 478 2033 ledicant,
522 1996 674 2036 cogere
717 1996 787 2024 eos
828 1984 972 2023 tamen
1014 1994 1099 2021 non
1142 1981 1285 2034 potest
1326 1979 1379 2021 ad
1415 1978 1554 2030 fidem,
1602 1992 1686 2030 qua
1722 1977 1848 2019 istam

282 2055 478 2106 receptae
516 2052 754 2106 Religionis
791 2052 974 2094 formam
1003 2050 1257 2104 approbent,
1288 2050 1461 2103 ejusque
1490 2048 1848 2103 approbationem

282 2124 425 2178 palam
478 2139 621 2166 corani
662 2123 906 2166 hominibus
944 2121 1240 2176 profiteantur.
1283 2119 1408 2163 Fides
1450 2120 1562 2162 enim
1603 2120 1849 2173 persuaderi

282 2195 384 2248 vult,
413 2210 499 2237 non
529 2195 638 2249 cogi,
669 2209 718 2236 ac
745 2194 853 2236 nihil
880 2196 971 2235 tam
997 2192 1285 2234 voluntarium
1315 2203 1403 2234 esse
1434 2191 1570 2243 debet,
1600 2205 1730 2244 quam
1764 2190 1848 2233 Re-

282 2266 386 2320 ligio
420 2282 468 2308 ac
503 2266 639 2309 cultus
669 2266 750 2307 Dei
777 2266 982 2316 internus,
1012 2263 1120 2305 nihil
1148 2265 1237 2304 tam
1266 2278 1289 2304 a
1317 2262 1576 2316 Magistratu
1605 2262 1847 2305 Christiano

281 2338 420 2392 magis
459 2338 655 2391 alienum,
686 2351 813 2390 quam
841 2337 1120 2391 praepostera
1148 2337 1276 2388 atque
1303 2333 1605 2389 intempestiva
1632 2333 1848 2386 severitas,

283 2424 366 2463 qua
394 2409 587 2452 homines
616 2408 865 2463 hypocritas
894 2407 1056 2459 reddat,
1086 2420 1243 2459 eosque
1268 2420 1340 2448 ore
1360 2405 1554 2448 confiteri
1570 2407 1707 2459 cogat,
1735 2403 1849 2458 quod

285 2480 410 2523 corde
436 2496 524 2523 non
552 2480 739 2522 credunt.

338 2551 423 2594 LX.
452 2551 509 2594 Iis
537 2554 681 2593 tamen
712 2565 799 2593 non
832 2549 1124 2603 astipulamur,
1155 2548 1227 2601 qui
1252 2547 1378 2590 sicuti
1402 2547 1624 2590 hominum
1650 2547 1848 2601 cogitati-

286 2638 387 2666 ones
432 2622 590 2680 liberas
635 2637 724 2665 esse
761 2622 892 2675 ajunt,
930 2621 991 2662 ita
1030 2619 1318 2673 quorumlibet
1355 2619 1405 2661 de
1443 2618 1526 2660 fide
1563 2619 1786 2672 opiniones
1824 2633 1848 2660 a

284 2694 542 2748 Magistratu
577 2693 818 2736 tolerandas
858 2707 946 2734 esse
983 2691 1257 2733 arbitrantur.
1289 2689 1490 2740 Quamvis
1520 2689 1631 2733 enini
1658 2689 1846 2731 internas

286 2765 507 2808 hominum
559 2765 780 2819 opiniones
830 2779 916 2806 non
967 2778 1056 2805 esse
1108 2763 1342 2817 puniendas
1383 2762 1629 2818 largiamur,
1670 2760 1848 2813 impiam

286 2839 429 2880 tamen
480 2852 528 2879 ac
578 2836 858 2890 Reipublicae
910 2835 1123 2877 exitialem
1175 2833 1415 2887 Religionis
1465 2830 1772 2887 professionem
1823 2846 1848 2872 a

286 2907 545 2960 Magistratu
598 2907 859 2962 quibuslibet
909 2906 1070 2948 civibus
1123 2919 1212 2947 esse
1260 2904 1589 2958 permittendam
1630 2916 1846 2956 negamus.

340 2977 446 3020 LXI.
489 2978 690 3021 Fateniur
732 2979 913 3031 quidem,
953 2977 1157 3020 falsorum
1197 2976 1419 3019 doctorum
1460 2974 1545 3017 tela
1588 2973 1843 3028 spiritualia,

1928 893 1931 911 -„
1922 570 1931 870 ᾼ.-.μ-»ε..ι..ι-.«.,.,.,,μ,.,.;
1923 466 1931 547 „nemu

1923 2171 1931 2286 „4...——2.
1925 2073 1931 2163 *A—
1926 2031 1931 2062 ,..
1928 1998 1931 2018 Α..
1928 1970 1931 1990 ..

1924 2290 1931 2343 -ᾲᾲκ
