1931 3224
276 150 352 191 128
866 147 1108 213 DispnrArio
1139 145 1234 187 XV.

273 272 581 322 αὐτοσύστοιτον,
641 272 713 314 8οᾶ
758 271 1048 324 πκροικείμενον
1094 270 1162 312 καὶ
1209 270 1368 311 ἐνοικοῦν
1413 269 1481 311 καὶ
1529 269 1827 322 εὐπερίστατον,

272 344 394 386 Rom.
424 345 460 396 7,
490 345 552 386 20.
581 345 644 386 21.
675 344 782 386 Heb.
812 343 873 395 12,
905 342 940 383 1.
973 341 1096 390 Quod
1125 342 1169 383 in
1197 340 1371 382 homine
1399 339 1546 381 haeret
1574 339 1690 382 velut
1718 341 1828 383 acci-

273 416 372 457 dens
401 416 445 457 in
473 416 686 468 subjecto;
717 429 824 467 quae
853 414 933 455 etsi
961 414 1006 454 in
1033 413 1206 454 homine
1235 413 1437 465 corrupto
1465 426 1552 454 non
1581 412 1667 454 sint
1697 411 1828 454 divel-

272 487 405 539 lenda,
444 487 742 541 distinguenda
780 489 922 528 tamen
959 486 1195 527 asserimus.
1229 483 1343 526 Nam
1371 483 1709 526 substantiarum
1738 498 1828 525 om-

271 559 388 600 nium
425 558 599 600 Creator
634 558 749 600 Deus
777 559 852 609 est,
882 558 1104 610 peccatum
1133 557 1275 597 autem
1302 570 1439 608 neque
1469 571 1493 597 a
1520 555 1612 598 Deo
1641 558 1829 597 creatum

272 632 347 681 est,
384 644 521 682 neque
559 629 730 671 omnino
771 630 964 670 creatura
1002 630 1075 669 aut
1105 627 1287 669 essentia
1316 629 1393 668 est.
1423 626 1482 668 Et
1509 627 1698 669 Adamus
1728 629 1829 681 post

270 704 493 753 peccatum
530 701 703 743 eandem
738 701 915 741 naturae
955 714 1055 741 suae
1094 698 1321 740 essentiam
1359 698 1536 740 retinuit
1574 713 1701 751 quam
1730 701 1828 740 ante

269 772 431 822 habuit,
468 773 663 824 idemque
700 771 829 813 homo
866 770 960 812 fuit.
988 769 1152 812 Nostra
1181 772 1323 812 autem
1352 770 1536 811 essentia
1563 784 1702 823 neque
1729 784 1828 823 pec-

270 847 378 896 cato,
407 858 543 896 neque
573 843 725 896 gratia,
754 843 798 884 in
828 843 955 884 aliam
982 844 1174 883 mutatur
1204 842 1444 894 essentiam,
1474 842 1641 883 etiamsi
1669 841 1735 883 vel
1762 842 1828 884 in-

268 914 436 956 ficiatur
462 915 587 967 malo,
616 915 683 957 vel
711 915 955 968 perficiatur
982 914 1108 956 bono.

321 985 475 1028 XXIV.
512 986 668 1028 Forma
706 987 871 1039 peccati
909 985 1129 1038 originalis
1168 984 1365 1028 consistit
1400 985 1446 1027 in
1487 984 1634 1040 οένομίᾳ
1674 985 1748 1027 illa
1785 987 1828 1028 et

267 1057 565 1107 inobedientia,
614 1072 698 1110 qua
741 1072 835 1099 cum
871 1056 1036 1099 Adamo
1077 1060 1361 1110 peccaverunt
1401 1071 1545 1099 omnes
1586 1056 1660 1110 qui
1695 1056 1740 1098 in
1777 1071 1826 1098 eo

267 1128 437 1170 fuerunt
469 1128 696 1170 secundum
723 1128 944 1180 rationem,
973 1131 1021 1170 ut
1048 1130 1216 1180 vocant,
1248 1128 1514 1179 seminalem;
1545 1143 1653 1181 quae
1679 1128 1827 1170 inobe-

268 1199 428 1242 dientia
472 1203 513 1242 et
555 1200 678 1253 c‘ulpa
722 1215 816 1242 cum
853 1202 974 1242 reatu
1013 1202 1310 1253 consequente,
1345 1200 1459 1253 juste
1498 1214 1522 1241 a
1559 1198 1650 1241 Deo
1685 1199 1827 1252 judice

269 1272 465 1314 omnibus
511 1271 666 1314 Adami
711 1272 810 1314 filiis
851 1273 1103 1325 imputatur,
1144 1274 1352 1325 quatenus
1393 1285 1538 1313 omnes
1575 1271 1747 1312 fuerunt
1786 1273 1828 1312 et

267 1346 365 1384 sunt
393 1358 500 1385 unus
531 1359 625 1385 cum
653 1358 714 1385 eo.
745 1343 790 1385 Si
818 1358 918 1385 vero
944 1344 1233 1386 consideretur
1256 1343 1300 1385 id
1325 1343 1438 1396 quod
1462 1343 1503 1385 in
1530 1342 1703 1385 homine
1727 1345 1828 1396 post

268 1417 409 1455 actum
446 1418 636 1456 remanet
666 1417 707 1456 et
736 1430 879 1457 veram
907 1415 1076 1468 peccati
1102 1415 1314 1457 rationem
1342 1414 1484 1466 habet,
1512 1414 1623 1456 unde
1652 1415 1828 1467 proprie

269 1488 310 1526 et
346 1485 582 1527 formaliter
619 1485 748 1528 1101110
790 1486 944 1528 dicitur
981 1488 1194 1539 peccator,
1223 1486 1333 1527 nihil
1362 1488 1426 1527 est
1455 1485 1569 1527 aliud
1599 1500 1727 1539 quam
1756 1485 1827 1527 de-

268 1558 462 1610 pravatio
501 1557 575 1598 illa
613 1560 653 1599 et
692 1557 939 1600 deformitas
977 1559 1111 1600 totius
1139 1557 1351 1599 humanae
1379 1560 1569 1610 naturae,
1601 1573 1697 1611 qua,
1727 1572 1827 1600 con-

265 1627 483 1670 formitate
519 1644 614 1670 011111
649 1628 740 1671 Deo
780 1630 948 1682 amissa,
986 1630 1103 1672 labes
1143 1632 1186 1672 et
1228 1628 1474 1672 foedissima
1517 1631 1707 1672 omnium
1747 1630 1826 1672 ho-

265 1700 391 1742 minis
420 1700 608 1752 partium
637 1701 868 1754 corruptio,
897 1701 1111 1743 successit.

318 1770 452 1813 XXV.
490 1771 590 1813 Non
628 1772 763 1826 igitur
802 1772 1094 1826 significanter
1116 1773 1238 1815 satis
1277 1772 1364 1814 vim
1402 1773 1529 1826 hujus
1561 1774 1726 1826 peccati
1756 1789 1827 1817 ex-

267 1846 520 1896 presserunt,
573 1844 646 1896 qui
696 1859 788 1885 eam
839 1846 1009 1886 tantum
1051 1845 1095 1886 in
1132 1845 1328 1899 justitiae
1371 1845 1593 1899 originalis
1637 1845 1827 1887 carentia

267 1914 598 1964 constituerunt,
639 1915 737 1968 quia
775 1930 851 1968 per
891 1916 1009 1968 illud,
1046 1919 1201 1958 natura
1237 1919 1385 1958 nostra
1413 1931 1499 1958 non
1526 1918 1696 1958 tantum
1723 1918 1826 1960 boni

265 1985 390 2038 inops
428 1988 502 2037 est,
542 1986 615 2028 sed
652 1987 779 2029 etiam
816 1988 1027 2030 malorum
1064 1989 1252 2031 omnium
1289 1989 1393 2031 adeo
1430 1989 1585 2031 fertilis
1623 1991 1665 2031 et
1693 1988 1825 2041 ferax,

266 2058 313 2097 ut
342 2057 480 2098 otiosa
508 2072 597 2098 esse
625 2072 711 2099 non
740 2059 889 2111 possit.
913 2058 1065 2113 Itaque
1089 2060 1376 2113 corruptionis
1399 2060 1526 2113 hujus
1551 2060 1655 2101 duas
1680 2063 1824 2113 partes

266 2142 361 2169 cum
411 2127 631 2180 Scriptura
681 2130 964 2183 agnoscimus,
1006 2145 1161 2185 nempe
1203 2131 1413 2173 defectum
1455 2133 1497 2173 et
1539 2132 1824 2184 privationem

264 2199 378 2251 boni,
418 2202 460 2241 et
496 2215 673 2253 pravam
701 2201 753 2242 ad
791 2202 946 2244 malum
985 2203 1327 2254 inclinationem3
1368 2218 1463 2245 cum
1502 2205 1672 2256 praeter
1698 2204 1824 2256 igno-

265 2270 448 2311 rantiam
484 2271 528 2311 in
563 2274 716 2324 mente,
757 2275 798 2314 et
837 2275 1099 2317 aversionem
1138 2290 1162 2316 a
1199 2274 1291 2317 Deo
1330 2275 1374 2316 in
1413 2275 1548 2327 corde,
1577 2274 1752 2316 haereat
1777 2274 1822 2316 in

266 2340 461 2382 omnibus
504 2342 696 2394 pronitas
741 2343 793 2384 ad
834 2346 1083 2398 sapiendum
1125 2348 1166 2388 et
1206 2346 1446 2388 faciendum
1489 2361 1537 2388 ea
1580 2362 1687 2400 quae
1727 2346 1822 2400 lege

265 2411 346 2454 Dei
383 2413 678 2466 prohibentur.
717 2413 829 2456 Hinc
868 2416 1039 2468 quidam
1069 2431 1090 2458 e
1118 2417 1290 2469 nostris,
1320 2417 1513 2459 fomitem
1543 2417 1708 2470 peccati
1735 2431 1822 2458 non

265 2498 354 2525 esse
393 2483 553 2536 absque
592 2484 748 2526 actuali
785 2489 974 2538 peccato,
1013 2488 1099 2530 imo
1141 2490 1364 2541 peccatum
1393 2488 1558 2530 actuale
1587 2503 1676 2530 esse
1704 2487 1821 2530 dixe-

264 2557 385 2605 runt;
424 2555 537 2607 quod
577 2555 724 2609 οὶκύρως
757 2557 927 2609 quidem
965 2559 1139 2611 dictum,
1176 2560 1221 2601 in
1259 2560 1519 2603 calumniam
1556 2562 1700 2602 tamen
1734 2575 1821 2602 non

265 2625 410 2667 debuit
452 2626 504 2668 ab
548 2627 798 2670 adversariis
839 2628 966 2681 trahi,
1011 2645 1106 2672 cum
1147 2631 1256 2673 nihil
1300 2631 1413 2673 aliud
1449 2631 1663 2674 voluerint
1692 2646 1820 2684 quam

264 2699 486 2748 peccatum
514 2698 596 2740 hoc
625 2701 666 2740 et
695 2714 784 2741 esse
813 2702 922 2751 actu,
954 2703 994 2742 et
1025 2704 1245 2745 actuosum
1273 2704 1402 2745 etiam
1431 2705 1473 2745 et
1502 2718 1742 2756 operosum,
1772 2705 1820 2744 ut

263 2781 316 2808 ne
343 2767 387 2808 in
416 2770 603 2821 parvulis
633 2771 804 2823 quidem
833 2772 1034 2824 quiescat,
1065 2774 1167 2826 quin
1196 2775 1375 2817 vitiosos
1402 2777 1545 2832 motus
1575 2775 1743 2817 excitet.

318 2838 472 2882 XXVI.
510 2841 730 2896 Scriptura
769 2846 882 2885 certe
919 2845 1086 2897 quoties
1114 2849 1337 2899 peccatum
1367 2846 1574 2900 originale
1601 2845 1725 2887 nobis
1753 2845 1818 2886 in-

264 2911 416 2963 sinuat,
446 2927 531 2954 non
558 2929 718 2956 meram
746 2915 1043 2968 privationem,
1073 2918 1146 2959 sed
1175 2918 1337 2972 aliquid
1366 2917 1676 2972 quodammodo
1702 2917 1818 2970 posi-

263 2982 409 3035 tivum,
447 2983 490 3025 id
518 2987 593 3037 est,
619 2985 932 3038 affirmativum,
957 2987 1064 3029 solet
1087 2989 1312 3042 inculcare,
1336 2990 1536 3032 nimirum
1556 2989 1645 3032 tale
1667 2989 1819 3032 vitium
