1931 3224
660 151 724 193 DE
754 150 885 194 Comi
913 151 1076 194 Domm.
1559 151 1637 194 529

0 320 2 322 ,
75 277 440 330 praegustaverat,
478 278 708 329 antequam
746 291 794 318 ea
833 276 1052 318 exhiberet
1088 275 1186 317 suis.
1224 273 1375 316 Voluit
1404 274 1515 316 enim
1543 274 1635 327 ipse

75 348 137 389 ita
181 346 502 390 Sacramentum
543 347 637 400 1100,
680 350 728 389 ut
769 349 867 389 ante
909 347 1191 400 Baptismum,
1228 346 1273 388 in
1311 361 1354 388 se
1385 345 1554 387 initiare
1598 347 1639 387 et

77 433 334 460 consecrare.
375 417 497 467 Quod
528 421 569 460 et
598 418 871 471 singularem,
899 420 1004 471 puta
1031 417 1193 469 mortis,
1223 417 1267 458 in
1297 431 1346 458 eo
1375 416 1526 458 habuit
1553 416 1639 468 sig-

76 489 378 540 nificationem,
420 488 544 530 Matt.
588 489 650 540 20,
695 490 758 530 22.
802 491 843 531 et
880 490 943 541 26,
983 489 1047 530 39.
1077 488 1177 531 Joh.
1208 488 1269 541 18,
1301 488 1364 530 11.
1395 486 1641 529 Terminum

77 560 226 602 deinde
264 560 388 613 ponit
427 549 712 603 abstinentiae
748 560 875 612 illius,
916 560 1015 602 dum
1054 560 1126 612 ait,
1162 560 1215 601 ab
1244 559 1344 601 hoc
1372 562 1640 613 tempore,

77 646 150 673 seu
179 632 426 685 amplius.
456 631 575 674 Bibit
605 632 776 685 quidem
800 634 901 686 post
925 631 1277 674 resurrectionem
1293 646 1389 674 cum
1404 630 1640 685 Apostolis,

77 703 174 746 Act.
208 704 244 755 1,
272 704 310 745 4.
341 706 383 746 et
412 704 475 756 10,
504 704 568 746 41.
599 706 643 745 at
675 705 928 755 οἰκονομικῶς,
958 718 1043 745 11011
1073 705 1274 745 consueto
1303 703 1415 745 vitae
1443 717 1642 756 praesen·-

76 774 133 816 tis
170 788 300 826 more,
341 775 414 816 sed
455 775 507 816 ad
544 775 671 817 fidem
707 775 1009 817 resurrectioni
1047 774 1295 817 faciendam.
1325 774 1643 829 Repetitionem

77 860 175 888 vero
201 846 372 897 indicat,
399 846 498 887 dum
521 847 675 899 inquit,
703 861 880 900 usque
910 847 1026 888 dum
1054 847 1236 888 bibam
1263 846 1402 888 illud
1429 860 1640 898 novum,

77 917 122 958 id
159 919 234 969 est,
274 917 398 959 aliud.
440 916 509 960 Sic
547 917 721 971 linguae
758 933 893 960 novae
930 917 1059 959 Marc.
1090 918 1154 964 16,
1183 918 1246 959 17.
1277 916 1414 959 Lucae
1444 917 1551 959 aliae
1581 917 1644 958 di-

79 991 244 1040 cuntur,
283 1003 357 1030 seu
395 988 585 1030 diversae
626 1004 650 1030 a
680 990 903 1031 consuetis.
935 988 1200 1042 Intelligitur
1229 991 1370 1030 autem
1399 988 1462 1029 illi
1493 988 1644 1040 simile,

79 1062 121 1101 et
159 1075 183 1101 a
219 1059 394 1114 proprio
435 1060 487 1101 ad
523 1059 869 1112 Metaphoricum
903 1060 1071 1111 transit,
1102 1059 1162 1101 ita
1190 1062 1237 1101 ut
1267 1060 1322 1101 sit
1349 1060 1461 1102 idem
1489 1063 1531 1102 et
1558 1055 1662 1102 non'

79 1131 202 1182 idem,
233 1131 416 1183 qualiter
445 1146 570 1184 saepe
594 1131 697 1172 facit
727 1131 921 1172 Christus
949 1129 977 1172 J
981 1131 1049 1172 oh.
1078 1132 1115 1182 3,
1147 1131 1209 1172 13.
1242 1134 1283 1172 et
1311 1130 1412 1173 Joh.
1437 1132 1474 1180 6,
1499 1132 1562 1174 27.
1579 1133 1643 1173 32.

81 1205 158 1244 etc.
197 1202 383 1244 Additur
419 1201 724 1254 vobiscum,
762 1202 847 1243 illis
890 1201 1032 1243 ascitis
1070 1201 1115 1242 in
1154 1202 1329 1244 eandem
1358 1203 1646 1245 conditionem

81 1276 123 1315 et
150 1273 400 1315 fruitionem
428 1273 718 1325 beatitudinis,
748 1273 958 1315 bibitione
988 1273 1273 1326 significatae:
1302 1274 1430 1326 idque
1457 1274 1502 1316 in
1531 1289 1646 1328 reg-

79 1359 144 1387 no
181 1345 369 1387 Patris
407 1345 528 1397 mei,
569 1360 593 1386 a
630 1359 763 1398 regno
802 1345 967 1398 gratiae
994 1345 1092 1386 illos
1121 1345 1357 1386 subducens
1385 1345 1438 1386 ad
1465 1359 1646 1398 regnum

81 1418 257 1472 gloriae,
301 1420 343 1459 et
385 1417 568 1459 Finem
608 1416 871 1459 Sacramenti
910 1416 1038 1468 hujus
1079 1419 1377 1458 extremum
1417 1416 1645 1469 declarans,

79 1487 177 1531 Luc.
206 1489 270 1541 22,
300 1489 363 1530 29.
395 1489 459 1531 30.

134 1559 368 1602 LXXXVI.
392 1559 587 1613 Denique
612 1560 853 1602 subtexitur
877 1560 1114 1613 gratiarum
1138 1560 1262 1612 actio,
1288 1562 1338 1601 et
1365 1575 1424 1602 cu
1435 1575 1478 1602 m
1505 1559 1646 1615 hym-

80 1647 200 1674 num
239 1632 556 1683 cecinisset,
587 1631 881 1673 abiverunt
910 1631 963 1672 in
992 1633 1227 1673 montem
1257 1630 1486 1674 Oliveti:
1516 1631 1647 1674 Intel-

79 1703 165 1757 lige
203 1703 373 1745 Christo
412 1703 685 1757 praecinente
724 1706 765 1745 et
802 1703 1023 1757 Apostolis
1061 1703 1393 1745 concinentibus.
1435 1703 1537 1753 Quis
1575 1704 1646 1745 ille

79 1774 265 1828 hymnus
302 1774 444 1826 fuerit,
482 1789 568 1817 non
607 1774 800 1817 refertur.
840 1774 1073 1827 Burgensis
1111 1777 1234 1816 notat
1271 1774 1402 1816 fuisse
1430 1774 1648 1816 Psalmum

83 1845 172 1887 113.
203 1860 297 1887 cum
325 1845 362 1887 5.
392 1860 509 1899 seqq.
541 1846 615 1899 qui
641 1848 849 1888 vocantur
879 1845 931 1886 ab
960 1844 1169 1887 Hebraeis
1200 1844 1329 1887 etiam
1357 1845 1498 1897 hodie,
1527 1860 1648 1899 mag-

81 1932 184 1959 num
225 1917 453 1970 Halleluja,
495 1917 539 1959 id
582 1920 658 1969 est,
699 1917 884 1971 hymnus
925 1931 1118 1970 magnus,
1159 1931 1285 1969 quem
1322 1917 1366 1958 in
1403 1917 1648 1959 solennibus

0 2037 4 2040 ,
81 1989 212 2041 festis,
242 1989 451 2042 imprimis
486 1989 688 2041 Paschae,
716 1989 760 2030 in
787 1988 1035 2030 memoriam
1064 1988 1357 2042 Aegyptiacae
1384 1988 1650 2030 liberationis

84 2064 254 2103 cantare
282 2061 488 2103 solebant.
521 2060 633 2110 Quid
662 2061 698 2102 si
727 2061 780 2102 ad
808 2060 1069 2114 praeclaram
1094 2059 1213 2101 illam
1236 2061 1526 2114 precationem
1549 2059 1649 2103 Joh.

85 2132 148 2174 17.
185 2132 446 2174 referamus?
485 2131 607 2174 Certe
647 2131 841 2173 Christus
884 2134 925 2172 et
959 2130 1163 2185 incipiens
1193 2131 1234 2171 et
1263 2129 1412 2172 finiens
1442 2130 1553 2173 hanc
1583 2146 1649 2173 sa-

85 2217 199 2244 cram
235 2204 461 2256 actionem,
500 2203 735 2257 gratiarum
773 2203 952 2254 actione,
983 2201 1226 2255 exemplum
1256 2200 1472 2244 Ecclesiae
1501 2203 1545 2244 in
1574 2201 1650 2245 Sa-

84 2274 289 2316 cramenti
316 2274 445 2327 hujus
474 2275 598 2328 praxi
627 2289 699 2316 seu
727 2289 806 2316 usu
834 2273 1021 2326 reliquit.

137 2344 394 2387 LXXXVII.
436 2345 580 2397 Atque
622 2344 728 2386 haec
768 2346 917 2385 nostra
959 2344 1009 2385 de
1048 2342 1188 2386 Coena
1224 2343 1401 2386 Domini
1440 2359 1491 2386 ex
1519 2345 1650 2387 verbo

83 2415 166 2458 Dei
193 2416 322 2469 plana
352 2418 393 2458 et
421 2416 549 2469 plena
578 2415 790 2457 sententia
819 2417 903 2457 est:
935 2430 1018 2468 qua
1042 2415 1337 2469 integritatem
1362 2419 1403 2458 et
1428 2417 1652 2459 veritatem

85 2487 306 2540 signorum
344 2488 386 2528 et
423 2486 486 2527 rei
523 2486 800 2540 significatae,
832 2501 978 2528 eorum
1008 2487 1352 2540 conjunctionem
1382 2490 1423 2529 et
1451 2488 1652 2531 unionem

11 2563 20 2567 ’
85 2558 287 2612 σχετικήν,
319 2572 442 2599 11311111
479 2558 583 2599 item
620 2561 662 2599 et
703 2557 946 2610 efficaciam,
987 2558 1264 2611 explicuimus
1303 2562 1345 2601 et
1381 2560 1650 2602 asseruimus.

4 2643 9 2647 “
87 2628 203 2679 Quae
241 2630 444 2672 modestis
482 2630 665 2683 ingeniis
702 2630 906 2682 sufficere,
945 2630 1229 2672 consolationi
1265 2630 1451 2672 fidelium
1481 2631 1651 2683 servire,

88 2702 488 2754 controversiaeque
516 2701 627 2743 inter
653 2701 806 2743 fratres
837 2702 1011 2743 modum
1039 2716 1198 2755 ponere
1228 2704 1447 2755 poterunt,
1477 2702 1512 2743 si
1541 2703 1652 2744 absit

7 2782 10 2785 “
86 2773 391 2827 praejudicium
435 2775 476 2815 et
519 2772 799 2814 contendendi
838 2772 1039 2823 studium,
1078 2787 1186 2825 quae
1223 2771 1413 2814 Ecclesia
1449 2772 1532 2815 Dei
1566 2788 1652 2815 non

87 2841 230 2895 habet,
263 2844 283 2885 1
314 2842 407 2886 Cor.
438 2843 501 2895 11,
532 2843 595 2885 16.
625 2845 668 2884 et
695 2843 790 2896 pios
818 2857 905 2885 non
934 2843 1096 2895 decent,
1126 2842 1237 2885 Phil.
1268 2844 1303 2896 2,
1334 2844 1371 2884 3.

1478 3060 1514 3085 34
