1931 3224
243 114 320 156 138
829 107 1070 149 D1sx¹urA⁷r1o
1097 102 1212 145 XVI.

297 234 433 278 XXII.
469 234 628 276 Reatus
666 233 736 274 ille
772 245 859 273 non
895 229 1004 271 male
1041 243 1066 270 a
1105 226 1370 280 quibusdam,
1403 226 1448 268 in
1477 227 1593 268 omni
1623 229 1799 281 peccato

245 323 293 350 ac
333 305 510 361 proinde
553 307 594 347 et
639 303 806 355 actuali,
850 301 1007 354 duplex
1050 298 1337 350 constituitur,
1381 313 1534 352 nempe
1571 297 1720 351 eulpae
1759 300 1801 340 et

244 393 417 433 poenae.
457 377 617 419 Reatus
656 375 803 428 culpae
842 375 904 414 est
940 373 1034 425 ipsa
1069 371 1236 412 interna
1273 369 1437 423 peccati
1465 368 1699 423 indignitas
1727 383 1802 410 seu

245 448 551 500 damnabilitas,
591 461 674 500 qua
711 446 907 499 peccator
945 458 995 484 ex
1033 457 1078 484 se
1116 441 1196 483 Dei
1235 455 1379 483 amore
1417 442 1458 482 et
1485 440 1631 482 favore
1658 440 1709 482 fit
1736 441 1802 482 in-

245 522 410 575 dignus,
458 517 810 572 quemadmodum
853 529 904 556 ex
942 512 1010 554 Ps.
1047 513 1084 565 5,
1123 513 1159 554 5.
1198 511 1268 553 Es.
1309 512 1372 561 59,
1411 512 1448 553 2.
1488 513 1530 552 et
1567 511 1660 553 aliis
1697 510 1802 553 locis

245 592 486 645 Scripturae
514 590 654 631 videre
683 590 758 629 est.
787 586 946 628 Reatus
973 599 1137 639 poenae
1166 586 1230 625 est
1257 583 1349 638 ipsa
1374 582 1426 624 ad
1448 582 1562 625 hunc
1585 584 1660 624 aut
1682 582 1803 624 illum

243 677 405 718 poenae
435 661 613 716 gradum
644 657 820 700 actualis
851 656 1063 698 ordinatio
1092 657 1221 708 atque
1252 653 1474 707 obligatio.

294 731 450 775 XXIII.
490 730 707 772 Posterior
743 743 820 782 per
857 727 1148 769 remissionem
1177 727 1451 779 peccatorum
1481 727 1523 766 et
1550 724 1803 779 imputatio-

242 819 339 847 nem
375 802 567 856 justitiae
610 799 767 842 Christi
808 800 853 840 in
895 798 1099 851 regenitis
1143 799 1184 839 et
1222 796 1417 838 fidelibus
1456 796 1584 849 plane
1622 796 1802 838 tollitur.

244 875 368 917 Prior
405 888 518 925 ver0‚
557 873 629 926 qui
666 872 711 913 in
747 870 937 923 reliquiis
977 869 1113 911 carnis
1152 869 1345 922 ipsorum
1374 867 1512 910 adhuc
1540 867 1699 920 haeret,
1729 883 1805 922 per

240 946 454 1000 justitiam
491 947 532 986 et
573 943 845 986 sanctitatem
887 941 1046 983 Christi
1085 940 1256 994 quidem
1295 940 1471 993 tegitur,
1504 942 1545 982 et
1574 939 1805 993 impeditur

246 1032 329 1071 quo
370 1017 508 1058 minus
550 1015 774 1056 ulteriores
817 1028 915 1055 suos
962 1012 1135 1054 effectus
1177 1011 1399 1065 producat,
1439 1010 1492 1052 ab
1531 1010 1626 1065 ipso
1662 1013 1806 1052 tamen

244 1089 417 1142 peccato
446 1101 532 1129 non
556 1085 638 1128 nisi
665 1100 759 1127 cum
782 1085 876 1138 ipso
903 1085 1078 1137 peccato
1103 1082 1199 1124 tolli
1223 1084 1381 1136 potest,
1405 1096 1493 1124 non
1516 1082 1653 1136 magis
1678 1097 1806 1135 quam

246 1159 360 1201 calor
388 1159 440 1200 ab
470 1159 581 1211 igne,
612 1159 684 1198 aut
712 1156 873 1198 risibile
905 1155 957 1197 ab
986 1154 1172 1197 homine.

298 1230 453 1273 XXIV.
494 1228 777 1278 Quamobrem
816 1229 857 1269 et
893 1226 1130 1281 Apostolus
1168 1225 1340 1278 Paulus,
1368 1225 1492 1267 Rom.
1524 1226 1561 1277 8,
1591 1226 1627 1268 1.
1657 1227 1808 1268 asserit

247 1302 428 1356 quidem,
470 1301 673 1342 nullam
714 1314 847 1341 nunc
889 1312 1006 1340 esse
1050 1297 1560 1347 condemnationem
1601 1298 1673 1339 iis
1717 1299 1807 1351 qui

245 1376 371 1417 sunt
408 1374 461 1415 in
499 1372 716 1414 Christo
753 1371 901 1423 Jesu,
942 1370 1032 1424 qui
1070 1385 1175 1413 non
1204 1369 1483 1411 ambulant
1513 1368 1808 1411 secundum

245 1459 476 1497 carnem,
516 1443 608 1485 sed
647 1442 938 1484 secundum
976 1441 1265 1495 Spiritum3
1305 1456 1392 1483 non
1429 1443 1573 1483 tamen
1613 1440 1673 1482 ait
1701 1440 1810 1482 nihil

245 1517 290 1559 in
331 1516 383 1558 iis
428 1530 515 1558 esse
559 1514 891 1565 condemnabile‚
937 1515 1084 1556 contra
1127 1527 1226 1555 vero
1271 1514 1455 1555 testatur
1492 1512 1533 1555 S.
1574 1512 1807 1567 Scriptura,

244 1587 387 1630 fideles
427 1587 463 1629 si
502 1586 545 1628 in
583 1601 626 1628 se
668 1585 769 1628 solis
807 1585 1092 1639 respiciantur
1127 1587 1257 1638 prout
1295 1586 1392 1626 actu
1428 1586 1537 1636 sunt,
1568 1599 1654 1626 non
1682 1598 1809 1638 posse

245 1674 388 1702 coram
424 1658 515 1700 Deo
555 1660 628 1699 aut
668 1658 755 1710 ejus
789 1656 950 1710 judicio
984 1657 1124 1710 justos
1163 1671 1252 1698 esse
1293 1658 1367 1697 aut
1405 1656 1648 1708 consistere,
1692 1655 1808 1697 Hiob

243 1731 280 1783 9,
309 1731 346 1772 2.
374 1729 443 1771 Ps.
473 1730 562 1781 130,
592 1729 628 1770 3.
657 1728 761 1770 item
787 1728 880 1780 143,
911 1728 947 1769 2.
978 1727 1086 1769 Dan.
1117 1727 1154 1779 9,
1185 1727 1221 1769 7.
1251 1728 1287 1769 9.
1318 1727 1380 1769 10.
1412 1729 1454 1768 et
1478 1726 1531 1769 ad
1557 1725 1681 1769 Rom.
1706 1726 1745 1779 4,
1774 1727 1809 1769 1.

247 1804 288 1844 et
317 1801 606 1855 sequentibus.

296 1870 432 1914 XXV.
463 1871 607 1914 Poena
636 1872 820 1926 peccatis
848 1871 990 1913 debita
1015 1876 1079 1914 est
1103 1871 1271 1925 duplex,
1297 1869 1366 1912 vel
1391 1870 1534 1912 damni
1558 1870 1625 1912 vel
1651 1884 1810 1913 sensus.

245 1943 433 1986 Poenam
470 1943 614 1985 damni
652 1943 720 1985 hic
759 1958 958 1986 vocamus
999 1943 1099 1997 (etsi
1137 1943 1310 1996 quidam
1347 1942 1459 1984 hanc
1496 1956 1644 1984 vocem
1681 1942 1811 1996 paulo

247 2014 370 2056 aliter
407 2013 593 2067 sumant)
632 2029 788 2056 noxam
827 2014 956 2067 illam,
989 2029 1117 2067 quam
1146 2013 1288 2056 anima
1317 2012 1535 2066 peccatrix
1569 2028 1620 2055 ex
1649 2013 1815 2068 peccati

246 2088 344 2128 actu
381 2085 633 2128 intrinsecus
666 2085 894 2138 contrahit,
924 2100 1077 2140 nempe
1106 2085 1367 2127 ablationem
1397 2086 1604 2138 majorem
1633 2088 1706 2127 aut
1734 2085 1814 2128 mi-

244 2171 392 2199 norem
430 2156 595 2199 divinae
635 2157 812 2210 gratiae,
851 2159 979 2212 prout
1016 2156 1183 2211 peccati
1219 2155 1456 2213 indignitas
1485 2156 1553 2198 vel
1581 2157 1719 2210 major
1748 2157 1815 2198 vel

245 2230 383 2273 minor
426 2232 510 2280 est3
554 2230 658 2271 item
699 2228 920 2280 maculam,
961 2230 1009 2270 ut
1046 2230 1213 2280 vocant,
1256 2229 1297 2269 et
1335 2227 1486 2279 labem,
1524 2242 1632 2281 quae
1662 2242 1713 2270 ex
1740 2228 1815 2270 illa

245 2301 463 2343 aversione
504 2301 548 2342 in
589 2300 730 2342 anima
771 2300 942 2350 haeret;
987 2299 1344 2353 quemadmodum
1391 2314 1439 2341 eo
1484 2299 1631 2342 referri
1669 2302 1814 2353 potest

246 2372 359 2426 quod
389 2371 580 2414 Christus
608 2371 710 2414 Mat.
741 2372 803 2425 15,
834 2372 897 2413 11.
927 2371 1008 2413 ait:
1038 2386 1143 2413 non
1173 2371 1313 2424 quod
1340 2371 1516 2414 intrat
1538 2371 1593 2413 in
1619 2386 1696 2424 os,
1723 2372 1812 2415 sed

246 2444 387 2498 quod
425 2443 537 2486 exit
576 2459 635 2486 ex
676 2458 784 2495 ore,
813 2443 954 2485 illud
985 2448 1162 2492 κοινοῖ,
1204 2442 1496 2497 profanum
1526 2442 1615 2485 vel
1643 2442 1812 2497 impu-

244 2530 357 2558 rum
393 2515 577 2558 reddit
614 2515 679 2557 ho
695 2515 907 2566 minem;
945 2515 1049 2558 item
1087 2515 1201 2568 quod
1238 2514 1476 2568 Apostolus
1514 2513 1639 2556 Rom.
1679 2515 1715 2566 1,
1745 2514 1810 2555 24.

245 2587 439 2639 testatur,
478 2586 591 2639 quod
629 2585 743 2628 Deus
781 2586 888 2635 illos,
928 2587 1018 2639 qui
1064 2588 1417 2628 mutaverunt
1465 2585 1701 2639 gloriam
1737 2585 1811 2627 in-

248 2657 637 2710 corruptibilis
688 2657 788 2699 Dei
835 2657 888 2698 in
937 2657 1366 2700 similitudinem
1402 2657 1664 2711 imaginis
1704 2671 1813 2699 cor-

247 2728 540 2781 ruptibilis
568 2728 830 2781 hominis,
859 2728 1171 2771 tradiderit
1200 2727 1679 2783 concupiscentiis
1702 2742 1813 2770 cor-

250 2798 393 2840 dium
422 2813 640 2841 suorum
671 2800 733 2841 ad
760 2800 1151 2854 impuritatem.

304 2868 460 2911 XXVI.
500 2869 645 2912 Poena
683 2885 830 2913 sensus
869 2870 1029 2925 partim
1069 2871 1113 2912 in
1148 2871 1430 2913 conscientiae
1459 2868 1689 2923 angoribus
1719 2884 1819 2911 con-

252 2940 379 2993 sistit,
419 2941 577 2994 partim
612 2942 656 2983 in
684 2942 776 2983 aliis
809 2942 1064 2985 cruciatibus
1093 2942 1236 2995 animi,
1267 2945 1341 2985 aut
1370 2940 1581 2995 corporis3
1613 2954 1719 2994 quos
1748 2941 1814 2984 vel
