<?xml version="1.0" encoding="UTF-8"?>
<!DOCTYPE html PUBLIC "-//W3C//DTD XHTML 1.0 Transitional//EN"
    "http://www.w3.org/TR/xhtml1/DTD/xhtml1-transitional.dtd">
<html xmlns="http://www.w3.org/1999/xhtml" xml:lang="en" lang="en">
 <head>
  <title>
</title>
<meta http-equiv="Content-Type" content="text/html;charset=utf-8" />
  <meta name='ocr-system' content='tesseract 3.04.00' />
  <meta name='ocr-capabilities' content='ocr_page ocr_carea ocr_par ocr_line ocrx_word'/>
</head>
<body>
  <div class='ocr_page' id='page_1' title='image "./synopsispurioris00poly_0275.png"; bbox 0 0 1931 3224; ppageno 0'>
   <div class='ocr_carea' id='block_1_1' title="bbox 666 113 1672 161">
    <p class='ocr_par' dir='ltr' id='par_1_1' title="bbox 666 113 1672 161">
     <span class='ocr_line' id='line_1_1' title="bbox 666 113 1672 161; baseline 0.001 -6"><span class='ocrx_word' id='word_1_1' title='bbox 666 114 730 157; x_wconf 67' lang='lat' dir='ltr'>DE</span> <span class='ocrx_word' id='word_1_2' title='bbox 760 114 919 157; x_wconf 77' lang='lat' dir='ltr'><strong>OFFIOIO</strong></span> <span class='ocrx_word' id='word_1_3' title='bbox 947 113 1122 161; x_wconf 65' lang='lat' dir='ltr'>Camsri.</span> <span class='ocrx_word' id='word_1_4' title='bbox 1594 115 1672 156; x_wconf 83' lang='lat'>253</span> 
     </span>
    </p>
   </div>
   <div class='ocr_carea' id='block_1_2' title="bbox 108 238 1684 2999">
    <p class='ocr_par' dir='ltr' id='par_1_2' title="bbox 109 238 1673 506">
     <span class='ocr_line' id='line_1_2' title="bbox 109 238 1672 293; baseline 0 -13"><span class='ocrx_word' id='word_1_5' title='bbox 109 241 314 293; x_wconf 85' lang='lat' dir='ltr'>respectu,</span> <span class='ocrx_word' id='word_1_6' title='bbox 355 239 563 292; x_wconf 88' lang='lat' dir='ltr'>quatenus</span> <span class='ocrx_word' id='word_1_7' title='bbox 600 240 663 280; x_wconf 86' lang='lat' dir='ltr'>est</span> <span class='ocrx_word' id='word_1_8' title='bbox 703 253 840 281; x_wconf 86' lang='lat' dir='ltr'>sermo</span> <span class='ocrx_word' id='word_1_9' title='bbox 878 238 1000 282; x_wconf 85' lang='lat' dir='ltr'>Patri</span> <span class='ocrx_word' id='word_1_10' title='bbox 1037 253 1112 281; x_wconf 88' lang='lat' dir='ltr'>suo</span> <span class='ocrx_word' id='word_1_11' title='bbox 1151 241 1408 288; x_wconf 86' lang='lat' dir='ltr'>coaeternus,</span> <span class='ocrx_word' id='word_1_12' title='bbox 1439 239 1492 281; x_wconf 87' lang='lat' dir='ltr'>ad</span> <span class='ocrx_word' id='word_1_13' title='bbox 1519 253 1672 280; x_wconf 85' lang='lat' dir='ltr'>munus</span> 
     </span>
     <span class='ocr_line' id='line_1_3' title="bbox 109 309 1669 364; baseline 0 -13"><span class='ocrx_word' id='word_1_14' title='bbox 109 309 408 351; x_wconf 87' lang='lat' dir='ltr'>mediatorium</span> <span class='ocrx_word' id='word_1_15' title='bbox 458 309 704 352; x_wconf 87' lang='lat' dir='ltr'>destinatus.</span> <span class='ocrx_word' id='word_1_16' title='bbox 755 309 894 363; x_wconf 86' lang='lat' dir='ltr'>Hujus</span> <span class='ocrx_word' id='word_1_17' title='bbox 937 312 1141 364; x_wconf 80' lang='lat' dir='ltr'>respectu,</span> <span class='ocrx_word' id='word_1_18' title='bbox 1183 313 1391 363; x_wconf 84' lang='lat' dir='ltr'>quatenus</span> <span class='ocrx_word' id='word_1_19' title='bbox 1434 313 1496 352; x_wconf 90' lang='lat' dir='ltr'>est</span> <span class='ocrx_word' id='word_1_20' title='bbox 1539 310 1669 352; x_wconf 91' lang='lat' dir='ltr'>homo</span> 
     </span>
     <span class='ocr_line' id='line_1_4' title="bbox 109 380 1673 435; baseline 0 -13"><span class='ocrx_word' id='word_1_21' title='bbox 109 380 233 423; x_wconf 85' lang='lat' dir='ltr'>nobis</span> <span class='ocrx_word' id='word_1_22' title='bbox 262 380 493 423; x_wconf 87' lang='lat' dir='ltr'>consimilis</span> <span class='ocrx_word' id='word_1_23' title='bbox 521 380 672 433; x_wconf 85' lang='lat' dir='ltr'>factus,</span> <span class='ocrx_word' id='word_1_24' title='bbox 701 380 754 422; x_wconf 88' lang='lat' dir='ltr'>ad</span> <span class='ocrx_word' id='word_1_25' title='bbox 780 381 892 423; x_wconf 90' lang='lat' dir='ltr'>idem</span> <span class='ocrx_word' id='word_1_26' title='bbox 922 395 1075 423; x_wconf 90' lang='lat' dir='ltr'>munus</span> <span class='ocrx_word' id='word_1_27' title='bbox 1103 380 1147 422; x_wconf 90' lang='lat' dir='ltr'>in</span> <span class='ocrx_word' id='word_1_28' title='bbox 1175 381 1438 434; x_wconf 85' lang='lat' dir='ltr'>plenitudine</span> <span class='ocrx_word' id='word_1_29' title='bbox 1466 381 1673 435; x_wconf 88' lang='lat' dir='ltr'>temporis</span> 
     </span>
     <span class='ocr_line' id='line_1_5' title="bbox 111 451 1482 506; baseline 0 -12"><span class='ocrx_word' id='word_1_30' title='bbox 111 467 135 493; x_wconf 87' lang='lat' dir='ltr'>a</span> <span class='ocrx_word' id='word_1_31' title='bbox 162 451 255 494; x_wconf 90' lang='lat' dir='ltr'>Deo</span> <span class='ocrx_word' id='word_1_32' title='bbox 283 452 528 506; x_wconf 85' lang='lat' dir='ltr'>praestituti</span> <span class='ocrx_word' id='word_1_33' title='bbox 557 452 845 494; x_wconf 86' lang='lat' dir='ltr'>sanctificatus</span> <span class='ocrx_word' id='word_1_34' title='bbox 876 452 1075 494; x_wconf 89' lang='lat' dir='ltr'>unctione</span> <span class='ocrx_word' id='word_1_35' title='bbox 1104 451 1291 506; x_wconf 82' lang='lat' dir='ltr'>Spiritus</span> <span class='ocrx_word' id='word_1_36' title='bbox 1324 451 1482 495; x_wconf 80' lang='lat' dir='ltr'>Sancti.</span> 
     </span>
    </p>

    <p class='ocr_par' dir='ltr' id='par_1_3' title="bbox 110 522 1675 1078">
     <span class='ocr_line' id='line_1_6' title="bbox 163 522 1663 577; baseline 0.001 -12"><span class='ocrx_word' id='word_1_37' title='bbox 163 522 310 565; x_wconf 88' lang='lat' dir='ltr'>XVIII</span> <span class='ocrx_word' id='word_1_38' title='bbox 351 523 400 565; x_wconf 92' lang='lat' dir='ltr'>In</span> <span class='ocrx_word' id='word_1_39' title='bbox 438 538 579 577; x_wconf 90' lang='lat' dir='ltr'>opere,</span> <span class='ocrx_word' id='word_1_40' title='bbox 619 524 732 577; x_wconf 83' lang='lat' dir='ltr'>quod</span> <span class='ocrx_word' id='word_1_41' title='bbox 771 538 821 566; x_wconf 83' lang='lat' dir='ltr'>ex</span> <span class='ocrx_word' id='word_1_42' title='bbox 857 524 1043 566; x_wconf 87' lang='lat' dir='ltr'>muneris</span> <span class='ocrx_word' id='word_1_43' title='bbox 1080 523 1193 565; x_wconf 87' lang='lat' dir='ltr'>illius</span> <span class='ocrx_word' id='word_1_44' title='bbox 1228 523 1446 566; x_wconf 85' lang='lat' dir='ltr'>functione</span> <span class='ocrx_word' id='word_1_45' title='bbox 1485 525 1663 577; x_wconf 86' lang='lat' dir='ltr'>exsistit,</span> 
     </span>
     <span class='ocr_line' id='line_1_7' title="bbox 110 593 1673 649; baseline 0.001 -15"><span class='ocrx_word' id='word_1_46' title='bbox 110 596 290 647; x_wconf 86' lang='lat' dir='ltr'>utraque</span> <span class='ocrx_word' id='word_1_47' title='bbox 336 593 493 636; x_wconf 88' lang='lat' dir='ltr'>Christi</span> <span class='ocrx_word' id='word_1_48' title='bbox 534 597 688 636; x_wconf 90' lang='lat' dir='ltr'>natura</span> <span class='ocrx_word' id='word_1_49' title='bbox 729 597 873 649; x_wconf 87' lang='lat' dir='ltr'>partes</span> <span class='ocrx_word' id='word_1_50' title='bbox 917 610 1012 636; x_wconf 89' lang='lat' dir='ltr'>suas</span> <span class='ocrx_word' id='word_1_51' title='bbox 1053 595 1156 649; x_wconf 86' lang='lat' dir='ltr'>agit,</span> <span class='ocrx_word' id='word_1_52' title='bbox 1193 610 1280 638; x_wconf 94' lang='lat' dir='ltr'>non</span> <span class='ocrx_word' id='word_1_53' title='bbox 1317 595 1561 649; x_wconf 87' lang='lat' dir='ltr'>separatim,</span> <span class='ocrx_word' id='word_1_54' title='bbox 1600 595 1673 636; x_wconf 87' lang='lat' dir='ltr'>sed</span> 
     </span>
     <span class='ocr_line' id='line_1_8' title="bbox 112 665 1673 719; baseline 0.001 -12"><span class='ocrx_word' id='word_1_55' title='bbox 112 665 381 718; x_wconf 83' lang='lat' dir='ltr'>conjunctim,</span> <span class='ocrx_word' id='word_1_56' title='bbox 425 679 503 707; x_wconf 87' lang='lat' dir='ltr'>nec</span> <span class='ocrx_word' id='word_1_57' title='bbox 547 665 729 719; x_wconf 89' lang='lat' dir='ltr'>confuse,</span> <span class='ocrx_word' id='word_1_58' title='bbox 773 666 846 708; x_wconf 85' lang='lat' dir='ltr'>sed</span> <span class='ocrx_word' id='word_1_59' title='bbox 887 666 1096 708; x_wconf 87' lang='lat' dir='ltr'>distincte.</span> <span class='ocrx_word' id='word_1_60' title='bbox 1140 667 1209 708; x_wconf 91' lang='lat' dir='ltr'>Ad</span> <span class='ocrx_word' id='word_1_61' title='bbox 1252 682 1474 709; x_wconf 91' lang='lat' dir='ltr'>commune</span> <span class='ocrx_word' id='word_1_62' title='bbox 1517 667 1673 708; x_wconf 86' lang='lat' dir='ltr'>etenim</span> 
     </span>
     <span class='ocr_line' id='line_1_9' title="bbox 112 737 1674 791; baseline 0.001 -12"><span class='ocrx_word' id='word_1_63' title='bbox 112 737 385 788; x_wconf 60' lang='grc' dir='ltr'><em>ἀποτέλεσμα</em></span> <span class='ocrx_word' id='word_1_64' title='bbox 423 738 639 790; x_wconf 69' lang='grc' dir='ltr'>θεαινδρικὸν</span> <span class='ocrx_word' id='word_1_65' title='bbox 670 737 1000 791; x_wconf 85' lang='lat' dir='ltr'>producendum,</span> <span class='ocrx_word' id='word_1_66' title='bbox 1031 738 1160 780; x_wconf 83' lang='lat' dir='ltr'>talem</span> <span class='ocrx_word' id='word_1_67' title='bbox 1190 738 1331 780; x_wconf 80' lang='lat' dir='ltr'>divina</span> <span class='ocrx_word' id='word_1_68' title='bbox 1360 741 1514 780; x_wconf 87' lang='lat' dir='ltr'>natura</span> <span class='ocrx_word' id='word_1_69' title='bbox 1544 738 1674 780; x_wconf 89' lang='lat' dir='ltr'>socie-</span> 
     </span>
     <span class='ocr_line' id='line_1_10' title="bbox 111 808 1673 862; baseline 0.001 -14"><span class='ocrx_word' id='word_1_70' title='bbox 111 809 245 849; x_wconf 89' lang='lat' dir='ltr'>tatem</span> <span class='ocrx_word' id='word_1_71' title='bbox 279 808 361 850; x_wconf 90' lang='lat' dir='ltr'>init</span> <span class='ocrx_word' id='word_1_72' title='bbox 397 822 491 850; x_wconf 89' lang='lat' dir='ltr'>cum</span> <span class='ocrx_word' id='word_1_73' title='bbox 519 808 717 861; x_wconf 89' lang='lat' dir='ltr'>humana,</span> <span class='ocrx_word' id='word_1_74' title='bbox 750 811 797 851; x_wconf 90' lang='lat' dir='ltr'>ut</span> <span class='ocrx_word' id='word_1_75' title='bbox 827 810 1181 862; x_wconf 82' lang='lat' dir='ltr'>quemadmodum</span> <span class='ocrx_word' id='word_1_76' title='bbox 1210 809 1350 852; x_wconf 89' lang='lat' dir='ltr'>anima</span> <span class='ocrx_word' id='word_1_77' title='bbox 1378 809 1421 850; x_wconf 88' lang='lat' dir='ltr'>in</span> <span class='ocrx_word' id='word_1_78' title='bbox 1451 809 1564 851; x_wconf 87' lang='lat' dir='ltr'>nudo</span> <span class='ocrx_word' id='word_1_79' title='bbox 1594 808 1673 850; x_wconf 86' lang='lat' dir='ltr'>ho-</span> 
     </span>
     <span class='ocr_line' id='line_1_11' title="bbox 111 879 1674 935; baseline 0.001 -15"><span class='ocrx_word' id='word_1_80' title='bbox 111 879 224 921; x_wconf 87' lang='lat' dir='ltr'>mine</span> <span class='ocrx_word' id='word_1_81' title='bbox 263 880 353 933; x_wconf 81' lang='lat' dir='ltr'>agit</span> <span class='ocrx_word' id='word_1_82' title='bbox 390 880 693 934; x_wconf 85' lang='lat' dir='ltr'>principaliter,</span> <span class='ocrx_word' id='word_1_83' title='bbox 733 895 886 935; x_wconf 86' lang='lat' dir='ltr'>corpus</span> <span class='ocrx_word' id='word_1_84' title='bbox 923 881 1315 933; x_wconf 84' lang='lat' dir='ltr'>instrumentaliter,</span> <span class='ocrx_word' id='word_1_85' title='bbox 1346 883 1406 924; x_wconf 90' lang='lat' dir='ltr'>sic</span> <span class='ocrx_word' id='word_1_86' title='bbox 1433 881 1478 922; x_wconf 86' lang='lat' dir='ltr'>in</span> <span class='ocrx_word' id='word_1_87' title='bbox 1506 880 1674 922; x_wconf 86' lang='lat' dir='ltr'>actione</span> 
     </span>
     <span class='ocr_line' id='line_1_12' title="bbox 113 950 1675 1007; baseline 0.001 -16"><span class='ocrx_word' id='word_1_88' title='bbox 113 950 270 992; x_wconf 88' lang='lat' dir='ltr'>Christi</span> <span class='ocrx_word' id='word_1_89' title='bbox 315 953 568 1004; x_wconf 67' lang='grc' dir='ltr'>Θεοινθρώπου</span> <span class='ocrx_word' id='word_1_90' title='bbox 611 952 752 994; x_wconf 84' lang='lat' dir='ltr'>divina</span> <span class='ocrx_word' id='word_1_91' title='bbox 792 955 946 994; x_wconf 88' lang='lat' dir='ltr'>natura</span> <span class='ocrx_word' id='word_1_92' title='bbox 992 968 1140 995; x_wconf 85' lang='lat' dir='ltr'>causae</span> <span class='ocrx_word' id='word_1_93' title='bbox 1183 952 1444 1007; x_wconf 84' lang='lat' dir='ltr'>principalis,</span> <span class='ocrx_word' id='word_1_94' title='bbox 1486 952 1675 994; x_wconf 88' lang='lat' dir='ltr'>humana</span> 
     </span>
     <span class='ocr_line' id='line_1_13' title="bbox 113 1023 1460 1078; baseline 0.001 -15"><span class='ocrx_word' id='word_1_95' title='bbox 113 1025 254 1064; x_wconf 89' lang='lat' dir='ltr'>autem</span> <span class='ocrx_word' id='word_1_96' title='bbox 283 1023 421 1065; x_wconf 90' lang='lat' dir='ltr'>minus</span> <span class='ocrx_word' id='word_1_97' title='bbox 450 1023 699 1078; x_wconf 84' lang='lat' dir='ltr'>principalis</span> <span class='ocrx_word' id='word_1_98' title='bbox 729 1039 777 1066; x_wconf 91' lang='lat' dir='ltr'>ac</span> <span class='ocrx_word' id='word_1_99' title='bbox 806 1024 1025 1066; x_wconf 72' lang='lat' dir='ltr'>ministrae</span> <span class='ocrx_word' id='word_1_100' title='bbox 1054 1025 1263 1066; x_wconf 82' lang='lat' dir='ltr'>rationem</span> <span class='ocrx_word' id='word_1_101' title='bbox 1292 1024 1460 1066; x_wconf 84' lang='lat' dir='ltr'>habeat.</span> 
     </span>
    </p>

    <p class='ocr_par' dir='ltr' id='par_1_4' title="bbox 113 1093 1681 2135">
     <span class='ocr_line' id='line_1_14' title="bbox 165 1093 1674 1150; baseline 0 -15"><span class='ocrx_word' id='word_1_102' title='bbox 165 1093 280 1136; x_wconf 89' lang='lat' dir='ltr'>XIX.</span> <span class='ocrx_word' id='word_1_103' title='bbox 318 1094 422 1137; x_wconf 90' lang='lat' dir='ltr'>Inde</span> <span class='ocrx_word' id='word_1_104' title='bbox 461 1097 535 1147; x_wconf 89' lang='lat' dir='ltr'>est,</span> <span class='ocrx_word' id='word_1_105' title='bbox 576 1096 690 1149; x_wconf 86' lang='lat' dir='ltr'>quod</span> <span class='ocrx_word' id='word_1_106' title='bbox 726 1095 839 1138; x_wconf 85' lang='lat' dir='ltr'>idem</span> <span class='ocrx_word' id='word_1_107' title='bbox 876 1111 995 1150; x_wconf 90' lang='lat' dir='ltr'>opus,</span> <span class='ocrx_word' id='word_1_108' title='bbox 1035 1096 1087 1138; x_wconf 87' lang='lat' dir='ltr'>ad</span> <span class='ocrx_word' id='word_1_109' title='bbox 1125 1096 1238 1148; x_wconf 86' lang='lat' dir='ltr'>quod</span> <span class='ocrx_word' id='word_1_110' title='bbox 1278 1096 1384 1138; x_wconf 90' lang='lat' dir='ltr'>duae</span> <span class='ocrx_word' id='word_1_111' title='bbox 1422 1095 1465 1136; x_wconf 94' lang='lat' dir='ltr'>in</span> <span class='ocrx_word' id='word_1_112' title='bbox 1506 1094 1674 1136; x_wconf 86' lang='lat' dir='ltr'>Christo</span> 
     </span>
     <span class='ocr_line' id='line_1_15' title="bbox 113 1166 1676 1221; baseline 0.001 -14"><span class='ocrx_word' id='word_1_113' title='bbox 113 1167 289 1218; x_wconf 87' lang='lat' dir='ltr'>naturae</span> <span class='ocrx_word' id='word_1_114' title='bbox 315 1169 583 1219; x_wconf 90' lang='lat' dir='ltr'>concurrunt,</span> <span class='ocrx_word' id='word_1_115' title='bbox 610 1167 693 1209; x_wconf 91' lang='lat' dir='ltr'>toti</span> <span class='ocrx_word' id='word_1_116' title='bbox 716 1167 884 1210; x_wconf 89' lang='lat' dir='ltr'>Christo</span> <span class='ocrx_word' id='word_1_117' title='bbox 910 1167 1038 1209; x_wconf 81' lang='lat' dir='ltr'>Sacra</span> <span class='ocrx_word' id='word_1_118' title='bbox 1062 1166 1283 1221; x_wconf 80' lang='lat' dir='ltr'>Scriptura</span> <span class='ocrx_word' id='word_1_119' title='bbox 1306 1168 1366 1209; x_wconf 87' lang='lat' dir='ltr'>ita</span> <span class='ocrx_word' id='word_1_120' title='bbox 1392 1167 1613 1218; x_wconf 86' lang='lat' dir='ltr'>attribuat,</span> <span class='ocrx_word' id='word_1_121' title='bbox 1629 1168 1676 1208; x_wconf 91' lang='lat' dir='ltr'>ut</span> 
     </span>
     <span class='ocr_line' id='line_1_16' title="bbox 113 1236 1676 1291; baseline 0 -13"><span class='ocrx_word' id='word_1_122' title='bbox 113 1237 323 1279; x_wconf 86' lang='lat' dir='ltr'>infinitam</span> <span class='ocrx_word' id='word_1_123' title='bbox 358 1237 488 1280; x_wconf 87' lang='lat' dir='ltr'>officii</span> <span class='ocrx_word' id='word_1_124' title='bbox 517 1238 759 1280; x_wconf 87' lang='lat' dir='ltr'>mediatorii</span> <span class='ocrx_word' id='word_1_125' title='bbox 789 1239 1044 1291; x_wconf 86' lang='lat' dir='ltr'>dignitatem</span> <span class='ocrx_word' id='word_1_126' title='bbox 1075 1241 1117 1280; x_wconf 91' lang='lat' dir='ltr'>et</span> <span class='ocrx_word' id='word_1_127' title='bbox 1148 1237 1381 1280; x_wconf 85' lang='lat' dir='ltr'>efficaciam</span> <span class='ocrx_word' id='word_1_128' title='bbox 1402 1237 1551 1279; x_wconf 84' lang='lat' dir='ltr'>virtuti</span> <span class='ocrx_word' id='word_1_129' title='bbox 1574 1236 1676 1278; x_wconf 91' lang='lat' dir='ltr'>Dei-</span> 
     </span>
     <span class='ocr_line' id='line_1_17' title="bbox 113 1308 1676 1363; baseline 0.001 -14"><span class='ocrx_word' id='word_1_130' title='bbox 113 1308 216 1349; x_wconf 85' lang='lat' dir='ltr'>tatis</span> <span class='ocrx_word' id='word_1_131' title='bbox 244 1308 289 1349; x_wconf 88' lang='lat' dir='ltr'>in</span> <span class='ocrx_word' id='word_1_132' title='bbox 317 1309 411 1362; x_wconf 82' lang='lat' dir='ltr'>ipso</span> <span class='ocrx_word' id='word_1_133' title='bbox 441 1309 725 1363; x_wconf 69' lang='lat' dir='ltr'>corporaliter</span> <span class='ocrx_word' id='word_1_134' title='bbox 753 1309 1001 1362; x_wconf 85' lang='lat' dir='ltr'>habitantis,</span> <span class='ocrx_word' id='word_1_135' title='bbox 1032 1325 1159 1363; x_wconf 87' lang='lat' dir='ltr'>quam</span> <span class='ocrx_word' id='word_1_136' title='bbox 1189 1309 1360 1351; x_wconf 85' lang='lat' dir='ltr'>nomine</span> <span class='ocrx_word' id='word_1_137' title='bbox 1390 1308 1576 1362; x_wconf 81' lang='lat' dir='ltr'>Spiritus</span> <span class='ocrx_word' id='word_1_138' title='bbox 1605 1308 1676 1350; x_wconf 88' lang='lat' dir='ltr'>de-</span> 
     </span>
     <span class='ocr_line' id='line_1_18' title="bbox 115 1379 1677 1433; baseline 0.001 -13"><span class='ocrx_word' id='word_1_139' title='bbox 115 1381 249 1432; x_wconf 90' lang='lat' dir='ltr'>notat,</span> <span class='ocrx_word' id='word_1_140' title='bbox 289 1381 458 1433; x_wconf 89' lang='lat' dir='ltr'>penitus</span> <span class='ocrx_word' id='word_1_141' title='bbox 496 1381 716 1433; x_wconf 87' lang='lat' dir='ltr'>attribuat,</span> <span class='ocrx_word' id='word_1_142' title='bbox 747 1383 795 1422; x_wconf 93' lang='lat' dir='ltr'>ut</span> <span class='ocrx_word' id='word_1_143' title='bbox 825 1396 919 1423; x_wconf 91' lang='lat' dir='ltr'>cum</span> <span class='ocrx_word' id='word_1_144' title='bbox 946 1380 1069 1423; x_wconf 85' lang='lat' dir='ltr'>Rom.</span> <span class='ocrx_word' id='word_1_145' title='bbox 1102 1382 1137 1433; x_wconf 83' lang='lat'>1,</span> <span class='ocrx_word' id='word_1_146' title='bbox 1168 1381 1205 1422; x_wconf 80' lang='lat'>3.</span> <span class='ocrx_word' id='word_1_147' title='bbox 1234 1381 1271 1422; x_wconf 81' lang='lat'>4.</span> <span class='ocrx_word' id='word_1_148' title='bbox 1302 1381 1468 1432; x_wconf 87' lang='lat' dir='ltr'>dicitur,</span> <span class='ocrx_word' id='word_1_149' title='bbox 1499 1379 1677 1421; x_wconf 85' lang='lat' dir='ltr'>Chris-</span> 
     </span>
     <span class='ocr_line' id='line_1_19' title="bbox 115 1451 1677 1507; baseline -0.001 -15"><span class='ocrx_word' id='word_1_150' title='bbox 115 1454 225 1492; x_wconf 89' lang='lat' dir='ltr'>tum</span> <span class='ocrx_word' id='word_1_151' title='bbox 249 1452 536 1494; x_wconf 89' lang='lat' dir='ltr'>secundum</span> <span class='ocrx_word' id='word_1_152' title='bbox 561 1451 831 1507; x_wconf 80' lang='lat' dir='ltr'>Spiritum</span> <span class='ocrx_word' id='word_1_153' title='bbox 854 1452 1334 1495; x_wconf 76' lang='lat' dir='ltr'>sanctificationis</span> <span class='ocrx_word' id='word_1_154' title='bbox 1359 1452 1677 1493; x_wconf 87' lang='lat' dir='ltr'>declaratum</span> 
     </span>
     <span class='ocr_line' id='line_1_20' title="bbox 116 1522 1676 1577; baseline 0 -13"><span class='ocrx_word' id='word_1_155' title='bbox 116 1522 288 1565; x_wconf 84' lang='lat' dir='ltr'>fuisse</span> <span class='ocrx_word' id='word_1_156' title='bbox 326 1526 586 1577; x_wconf 89' lang='lat' dir='ltr'>potenter</span> <span class='ocrx_word' id='word_1_157' title='bbox 623 1523 821 1565; x_wconf 82' lang='lat' dir='ltr'>Filium</span> <span class='ocrx_word' id='word_1_158' title='bbox 857 1523 958 1565; x_wconf 91' lang='lat' dir='ltr'>Dei</span> <span class='ocrx_word' id='word_1_159' title='bbox 995 1538 1088 1577; x_wconf 89' lang='lat' dir='ltr'>per</span> <span class='ocrx_word' id='word_1_160' title='bbox 1116 1523 1587 1565; x_wconf 78' lang='lat' dir='ltr'>resurrectionem</span> <span class='ocrx_word' id='word_1_161' title='bbox 1618 1537 1676 1564; x_wconf 88' lang='lat' dir='ltr'>ex</span> 
     </span>
     <span class='ocr_line' id='line_1_21' title="bbox 116 1593 1675 1648; baseline -0.001 -12"><span class='ocrx_word' id='word_1_162' title='bbox 116 1595 359 1636; x_wconf 76' lang='lat' dir='ltr'>mortuis.</span> <span class='ocrx_word' id='word_1_163' title='bbox 404 1595 462 1637; x_wconf 89' lang='lat' dir='ltr'>Et</span> <span class='ocrx_word' id='word_1_164' title='bbox 504 1596 526 1636; x_wconf 83' lang='lat'>1</span> <span class='ocrx_word' id='word_1_165' title='bbox 565 1594 658 1637; x_wconf 89' lang='lat' dir='ltr'>Pet.</span> <span class='ocrx_word' id='word_1_166' title='bbox 696 1596 733 1647; x_wconf 82' lang='lat'>3,</span> <span class='ocrx_word' id='word_1_167' title='bbox 772 1595 834 1636; x_wconf 81' lang='lat'>18.</span> <span class='ocrx_word' id='word_1_168' title='bbox 874 1594 1003 1636; x_wconf 82' lang='lat' dir='ltr'>Eum</span> <span class='ocrx_word' id='word_1_169' title='bbox 1042 1593 1260 1648; x_wconf 77' lang='lat' dir='ltr'>Spiritu</span> <span class='ocrx_word' id='word_1_170' title='bbox 1296 1593 1675 1644; x_wconf 80' lang='lat' dir='ltr'>vivificatum,</span> 
     </span>
     <span class='ocr_line' id='line_1_22' title="bbox 117 1663 1678 1720; baseline -0.003 -11"><span class='ocrx_word' id='word_1_171' title='bbox 117 1682 210 1720; x_wconf 88' lang='lat' dir='ltr'>per</span> <span class='ocrx_word' id='word_1_172' title='bbox 257 1666 526 1720; x_wconf 82' lang='lat' dir='ltr'>Spiritum</span> <span class='ocrx_word' id='word_1_173' title='bbox 576 1666 704 1707; x_wconf 83' lang='lat' dir='ltr'>olim</span> <span class='ocrx_word' id='word_1_174' title='bbox 750 1665 1061 1719; x_wconf 83' lang='lat' dir='ltr'>profectum</span> <span class='ocrx_word' id='word_1_175' title='bbox 1104 1664 1402 1720; x_wconf 84' lang='lat' dir='ltr'>spiritibus</span> <span class='ocrx_word' id='word_1_176' title='bbox 1444 1663 1678 1705; x_wconf 89' lang='lat' dir='ltr'>immori-</span> 
     </span>
     <span class='ocr_line' id='line_1_23' title="bbox 118 1735 1677 1791; baseline -0.002 -12"><span class='ocrx_word' id='word_1_177' title='bbox 118 1737 263 1790; x_wconf 80' lang='lat' dir='ltr'>geris</span> <span class='ocrx_word' id='word_1_178' title='bbox 302 1737 666 1791; x_wconf 82' lang='lat' dir='ltr'>praedicasse.</span> <span class='ocrx_word' id='word_1_179' title='bbox 704 1735 814 1778; x_wconf 87' lang='lat' dir='ltr'>Item</span> <span class='ocrx_word' id='word_1_180' title='bbox 850 1737 980 1778; x_wconf 89' lang='lat' dir='ltr'>Marc.</span> <span class='ocrx_word' id='word_1_181' title='bbox 1020 1737 1056 1789; x_wconf 81' lang='lat'>2,</span> <span class='ocrx_word' id='word_1_182' title='bbox 1095 1736 1131 1777; x_wconf 78' lang='lat'>8.</span> <span class='ocrx_word' id='word_1_183' title='bbox 1170 1736 1299 1777; x_wconf 86' lang='lat' dir='ltr'>Eum</span> <span class='ocrx_word' id='word_1_184' title='bbox 1337 1735 1555 1789; x_wconf 79' lang='lat' dir='ltr'>Spiritu</span> <span class='ocrx_word' id='word_1_185' title='bbox 1584 1749 1677 1777; x_wconf 91' lang='lat' dir='ltr'>suo</span> 
     </span>
     <span class='ocr_line' id='line_1_24' title="bbox 119 1807 1678 1862; baseline -0.001 -12"><span class='ocrx_word' id='word_1_186' title='bbox 119 1809 441 1862; x_wconf 80' lang='lat' dir='ltr'>cognovisse</span> <span class='ocrx_word' id='word_1_187' title='bbox 485 1809 613 1861; x_wconf 88' lang='lat' dir='ltr'>quid</span> <span class='ocrx_word' id='word_1_188' title='bbox 651 1807 874 1850; x_wconf 81' lang='lat' dir='ltr'>Scribae</span> <span class='ocrx_word' id='word_1_189' title='bbox 912 1808 1051 1862; x_wconf 88' lang='lat' dir='ltr'>apud</span> <span class='ocrx_word' id='word_1_190' title='bbox 1088 1822 1139 1849; x_wconf 89' lang='lat' dir='ltr'>se</span> <span class='ocrx_word' id='word_1_191' title='bbox 1177 1808 1230 1849; x_wconf 89' lang='lat' dir='ltr'>in</span> <span class='ocrx_word' id='word_1_192' title='bbox 1269 1807 1527 1849; x_wconf 86' lang='lat' dir='ltr'>cordibus</span> <span class='ocrx_word' id='word_1_193' title='bbox 1566 1807 1678 1849; x_wconf 88' lang='lat' dir='ltr'>suis</span> 
     </span>
     <span class='ocr_line' id='line_1_25' title="bbox 117 1878 1677 1932; baseline -0.001 -11"><span class='ocrx_word' id='word_1_194' title='bbox 117 1879 605 1922; x_wconf 89' lang='lat' dir='ltr'>ratiocinarentur.</span> <span class='ocrx_word' id='word_1_195' title='bbox 654 1879 712 1921; x_wconf 84' lang='lat' dir='ltr'>Et</span> <span class='ocrx_word' id='word_1_196' title='bbox 755 1879 864 1921; x_wconf 86' lang='lat' dir='ltr'>Heb.</span> <span class='ocrx_word' id='word_1_197' title='bbox 908 1880 943 1921; x_wconf 84' lang='lat'>9.</span> <span class='ocrx_word' id='word_1_198' title='bbox 994 1879 1056 1920; x_wconf 84' lang='lat'>14.</span> <span class='ocrx_word' id='word_1_199' title='bbox 1100 1878 1228 1920; x_wconf 86' lang='lat' dir='ltr'>Eum</span> <span class='ocrx_word' id='word_1_200' title='bbox 1271 1894 1365 1932; x_wconf 88' lang='lat' dir='ltr'>per</span> <span class='ocrx_word' id='word_1_201' title='bbox 1408 1878 1677 1932; x_wconf 80' lang='lat' dir='ltr'>Spiritum</span> 
     </span>
     <span class='ocr_line' id='line_1_26' title="bbox 118 1950 1677 2005; baseline -0.001 -12"><span class='ocrx_word' id='word_1_202' title='bbox 118 1953 399 1993; x_wconf 86' lang='lat' dir='ltr'>aeternum</span> <span class='ocrx_word' id='word_1_203' title='bbox 442 1951 795 2005; x_wconf 87' lang='lat' dir='ltr'>semetipsum</span> <span class='ocrx_word' id='word_1_204' title='bbox 839 1950 948 1992; x_wconf 92' lang='lat' dir='ltr'>Deo</span> <span class='ocrx_word' id='word_1_205' title='bbox 991 1950 1338 2005; x_wconf 88' lang='lat' dir='ltr'>inculpatum</span> <span class='ocrx_word' id='word_1_206' title='bbox 1381 1950 1677 2002; x_wconf 86' lang='lat' dir='ltr'>obtulisse,</span> 
     </span>
     <span class='ocr_line' id='line_1_27' title="bbox 117 2021 1681 2065; baseline -0.001 -2"><span class='ocrx_word' id='word_1_207' title='bbox 117 2024 175 2063; x_wconf 90' lang='lat' dir='ltr'>ut</span> <span class='ocrx_word' id='word_1_208' title='bbox 198 2026 441 2065; x_wconf 86' lang='lat' dir='ltr'>nostram</span> <span class='ocrx_word' id='word_1_209' title='bbox 471 2022 870 2065; x_wconf 83' lang='lat' dir='ltr'>conscientiam</span> <span class='ocrx_word' id='word_1_210' title='bbox 900 2021 1217 2063; x_wconf 87' lang='lat' dir='ltr'>emundaret</span> <span class='ocrx_word' id='word_1_211' title='bbox 1247 2021 1308 2063; x_wconf 91' lang='lat' dir='ltr'>ad</span> <span class='ocrx_word' id='word_1_212' title='bbox 1337 2021 1681 2063; x_wconf 84' lang='lat' dir='ltr'>serviendum</span> 
     </span>
     <span class='ocr_line' id='line_1_28' title="bbox 118 2091 397 2135; baseline 0 -2"><span class='ocrx_word' id='word_1_213' title='bbox 118 2091 157 2133; x_wconf 89' lang='lat' dir='ltr'>D</span> <span class='ocrx_word' id='word_1_214' title='bbox 172 2107 193 2134; x_wconf 89' lang='lat' dir='ltr'>e</span> <span class='ocrx_word' id='word_1_215' title='bbox 206 2107 229 2134; x_wconf 94' lang='lat' dir='ltr'>o</span> <span class='ocrx_word' id='word_1_216' title='bbox 259 2093 348 2134; x_wconf 83' lang='lat' dir='ltr'>viv</span> <span class='ocrx_word' id='word_1_217' title='bbox 360 2107 397 2135; x_wconf 93' lang='lat' dir='ltr'>o.</span> 
     </span>
    </p>

    <p class='ocr_par' dir='ltr' id='par_1_5' title="bbox 172 2163 1679 2218">
     <span class='ocr_line' id='line_1_29' title="bbox 172 2163 1679 2218; baseline 0 -13"><span class='ocrx_word' id='word_1_218' title='bbox 172 2163 264 2205; x_wconf 89' lang='lat' dir='ltr'>XX.</span> <span class='ocrx_word' id='word_1_219' title='bbox 308 2163 467 2205; x_wconf 84' lang='lat' dir='ltr'>Errant</span> <span class='ocrx_word' id='word_1_220' title='bbox 509 2178 610 2217; x_wconf 83' lang='lat' dir='ltr'>ergo</span> <span class='ocrx_word' id='word_1_221' title='bbox 652 2164 850 2207; x_wconf 57' lang='lat' dir='ltr'>&lt;Iudaei</span> <span class='ocrx_word' id='word_1_222' title='bbox 893 2167 943 2206; x_wconf 92' lang='lat' dir='ltr'>et</span> <span class='ocrx_word' id='word_1_223' title='bbox 984 2163 1048 2207; x_wconf 90' lang='grc'>80</span> <span class='ocrx_word' id='word_1_224' title='bbox 1063 2164 1270 2206; x_wconf 87' lang='grc'>011113111</span> <span class='ocrx_word' id='word_1_225' title='bbox 1312 2164 1382 2218; x_wconf 89' lang='lat' dir='ltr'>qui</span> <span class='ocrx_word' id='word_1_226' title='bbox 1425 2165 1470 2206; x_wconf 89' lang='lat' dir='ltr'>in</span> <span class='ocrx_word' id='word_1_227' title='bbox 1511 2163 1679 2206; x_wconf 87' lang='lat' dir='ltr'>Christo</span> 
     </span>
    </p>

    <p class='ocr_par' dir='ltr' id='par_1_6' title="bbox 108 2234 1684 2928">
     <span class='ocr_line' id='line_1_30' title="bbox 119 2234 1681 2290; baseline -0.001 -13"><span class='ocrx_word' id='word_1_228' title='bbox 119 2234 354 2277; x_wconf 86' lang='lat' dir='ltr'>Mediatore</span> <span class='ocrx_word' id='word_1_229' title='bbox 398 2235 583 2277; x_wconf 86' lang='lat' dir='ltr'>divinam</span> <span class='ocrx_word' id='word_1_230' title='bbox 624 2238 822 2278; x_wconf 86' lang='lat' dir='ltr'>naturam</span> <span class='ocrx_word' id='word_1_231' title='bbox 862 2250 948 2277; x_wconf 90' lang='lat' dir='ltr'>non</span> <span class='ocrx_word' id='word_1_232' title='bbox 987 2238 1237 2290; x_wconf 84' lang='lat' dir='ltr'>agnoscunt,</span> <span class='ocrx_word' id='word_1_233' title='bbox 1277 2250 1458 2288; x_wconf 86' lang='lat' dir='ltr'>quorum</span> <span class='ocrx_word' id='word_1_234' title='bbox 1497 2250 1681 2278; x_wconf 90' lang='lat' dir='ltr'>errorem</span> 
     </span>
     <span class='ocr_line' id='line_1_31' title="bbox 121 2306 1613 2363; baseline 0 -16"><span class='ocrx_word' id='word_1_235' title='bbox 121 2306 223 2348; x_wconf 88' lang='lat' dir='ltr'>alibi</span> <span class='ocrx_word' id='word_1_236' title='bbox 251 2306 542 2360; x_wconf 81' lang='lat' dir='ltr'>refutavimus,</span> <span class='ocrx_word' id='word_1_237' title='bbox 584 2306 630 2348; x_wconf 93' lang='lat' dir='ltr'>in</span> <span class='ocrx_word' id='word_1_238' title='bbox 657 2306 958 2362; x_wconf 83' lang='lat' dir='ltr'>Disputatione</span> <span class='ocrx_word' id='word_1_239' title='bbox 988 2308 1038 2349; x_wconf 87' lang='lat' dir='ltr'>de</span> <span class='ocrx_word' id='word_1_240' title='bbox 1068 2307 1280 2349; x_wconf 84' lang='lat' dir='ltr'>Trinitate</span> <span class='ocrx_word' id='word_1_241' title='bbox 1311 2309 1353 2349; x_wconf 92' lang='lat' dir='ltr'>et</span> <span class='ocrx_word' id='word_1_242' title='bbox 1380 2306 1490 2363; x_wconf 86' lang='lat' dir='ltr'>Filio</span> <span class='ocrx_word' id='word_1_243' title='bbox 1519 2306 1613 2348; x_wconf 88' lang='lat' dir='ltr'>Dei.</span> 
     </span>
     <span class='ocr_line' id='line_1_32' title="bbox 108 2376 1681 2436; baseline 0 -18"><span class='ocrx_word' id='word_1_244' title='bbox 108 2433 112 2436; x_wconf 82' lang='lat'>.</span> <span class='ocrx_word' id='word_1_245' title='bbox 172 2376 287 2418; x_wconf 89' lang='lat' dir='ltr'>XXI.</span> <span class='ocrx_word' id='word_1_246' title='bbox 328 2377 473 2430; x_wconf 85' lang='lat' dir='ltr'>Atque</span> <span class='ocrx_word' id='word_1_247' title='bbox 513 2377 618 2420; x_wconf 88' lang='lat' dir='ltr'>haec</span> <span class='ocrx_word' id='word_1_248' title='bbox 662 2392 786 2420; x_wconf 86' lang='grc'>031133</span> <span class='ocrx_word' id='word_1_249' title='bbox 829 2381 904 2431; x_wconf 87' lang='grc'>031,</span> <span class='ocrx_word' id='word_1_250' title='bbox 950 2393 1022 2421; x_wconf 91' lang='lat' dir='ltr'>cur</span> <span class='ocrx_word' id='word_1_251' title='bbox 1059 2378 1087 2420; x_wconf 83' lang='lat' dir='ltr'>J</span> <span class='ocrx_word' id='word_1_252' title='bbox 1089 2378 1212 2420; x_wconf 87' lang='lat' dir='ltr'>udaei</span> <span class='ocrx_word' id='word_1_253' title='bbox 1250 2380 1292 2420; x_wconf 89' lang='lat' dir='ltr'>et</span> <span class='ocrx_word' id='word_1_254' title='bbox 1329 2377 1557 2429; x_wconf 84' lang='lat' dir='ltr'>Sociniani,</span> <span class='ocrx_word' id='word_1_255' title='bbox 1595 2391 1681 2418; x_wconf 92' lang='lat' dir='ltr'>non</span> 
     </span>
     <span class='ocr_line' id='line_1_33' title="bbox 121 2448 1682 2502; baseline -0.001 -11"><span class='ocrx_word' id='word_1_256' title='bbox 121 2449 259 2491; x_wconf 89' lang='lat' dir='ltr'>minus</span> <span class='ocrx_word' id='word_1_257' title='bbox 289 2449 527 2491; x_wconf 87' lang='lat' dir='ltr'>doctrinam</span> <span class='ocrx_word' id='word_1_258' title='bbox 553 2452 743 2491; x_wconf 90' lang='lat' dir='ltr'>nostram</span> <span class='ocrx_word' id='word_1_259' title='bbox 771 2450 820 2492; x_wconf 91' lang='lat' dir='ltr'>de</span> <span class='ocrx_word' id='word_1_260' title='bbox 844 2449 1001 2491; x_wconf 80' lang='lat' dir='ltr'>Christi</span> <span class='ocrx_word' id='word_1_261' title='bbox 1025 2449 1296 2501; x_wconf 83' lang='lat' dir='ltr'>mediatione,</span> <span class='ocrx_word' id='word_1_262' title='bbox 1323 2463 1450 2502; x_wconf 89' lang='lat' dir='ltr'>quam</span> <span class='ocrx_word' id='word_1_263' title='bbox 1473 2448 1523 2490; x_wconf 88' lang='lat' dir='ltr'>de</span> <span class='ocrx_word' id='word_1_264' title='bbox 1547 2448 1682 2501; x_wconf 90' lang='lat' dir='ltr'>ipsius</span> 
     </span>
     <span class='ocr_line' id='line_1_34' title="bbox 121 2519 1684 2574; baseline -0.002 -12"><span class='ocrx_word' id='word_1_265' title='bbox 121 2520 294 2562; x_wconf 85' lang='lat' dir='ltr'>Deitate</span> <span class='ocrx_word' id='word_1_266' title='bbox 333 2522 597 2574; x_wconf 79' lang='lat' dir='ltr'>oppugnent.</span> <span class='ocrx_word' id='word_1_267' title='bbox 640 2520 791 2563; x_wconf 84' lang='lat' dir='ltr'>Judaei</span> <span class='ocrx_word' id='word_1_268' title='bbox 830 2521 942 2563; x_wconf 91' lang='lat' dir='ltr'>enim</span> <span class='ocrx_word' id='word_1_269' title='bbox 979 2519 1196 2562; x_wconf 83' lang='lat' dir='ltr'>Christum</span> <span class='ocrx_word' id='word_1_270' title='bbox 1236 2534 1324 2561; x_wconf 88' lang='lat' dir='ltr'>esse</span> <span class='ocrx_word' id='word_1_271' title='bbox 1351 2519 1552 2561; x_wconf 86' lang='lat' dir='ltr'>Messiam</span> <span class='ocrx_word' id='word_1_272' title='bbox 1581 2519 1684 2560; x_wconf 90' lang='lat' dir='ltr'>olim</span> 
     </span>
     <span class='ocr_line' id='line_1_35' title="bbox 122 2589 1682 2645; baseline -0.001 -12"><span class='ocrx_word' id='word_1_273' title='bbox 122 2591 323 2633; x_wconf 85' lang='lat' dir='ltr'>Patribus</span> <span class='ocrx_word' id='word_1_274' title='bbox 357 2591 443 2633; x_wconf 85' lang='lat' dir='ltr'>suis</span> <span class='ocrx_word' id='word_1_275' title='bbox 483 2591 560 2633; x_wconf 84' lang='lat' dir='ltr'>sub</span> <span class='ocrx_word' id='word_1_276' title='bbox 597 2590 746 2633; x_wconf 86' lang='lat' dir='ltr'>Veteri</span> <span class='ocrx_word' id='word_1_277' title='bbox 784 2591 1058 2634; x_wconf 86' lang='lat' dir='ltr'>Testamento</span> <span class='ocrx_word' id='word_1_278' title='bbox 1095 2590 1352 2645; x_wconf 88' lang='lat' dir='ltr'>promissum</span> <span class='ocrx_word' id='word_1_279' title='bbox 1378 2589 1540 2631; x_wconf 90' lang='lat' dir='ltr'>inficias</span> <span class='ocrx_word' id='word_1_280' title='bbox 1569 2591 1682 2632; x_wconf 85' lang='lat' dir='ltr'>eunt.</span> 
     </span>
     <span class='ocr_line' id='line_1_36' title="bbox 123 2660 1683 2716; baseline -0.002 -12"><span class='ocrx_word' id='word_1_281' title='bbox 123 2661 340 2705; x_wconf 85' lang='grc'>80011113111</span> <span class='ocrx_word' id='word_1_282' title='bbox 376 2677 463 2705; x_wconf 82' lang='grc'>11011</span> <span class='ocrx_word' id='word_1_283' title='bbox 492 2661 663 2715; x_wconf 85' lang='lat' dir='ltr'>quidem</span> <span class='ocrx_word' id='word_1_284' title='bbox 690 2664 780 2704; x_wconf 88' lang='lat' dir='ltr'>tam</span> <span class='ocrx_word' id='word_1_285' title='bbox 808 2665 965 2716; x_wconf 80' lang='lat' dir='ltr'>aperte,</span> <span class='ocrx_word' id='word_1_286' title='bbox 997 2677 1045 2704; x_wconf 91' lang='lat' dir='ltr'>ac</span> <span class='ocrx_word' id='word_1_287' title='bbox 1073 2661 1238 2712; x_wconf 82' lang='lat' dir='ltr'>Judaei,</span> <span class='ocrx_word' id='word_1_288' title='bbox 1269 2660 1505 2702; x_wconf 87' lang='lat' dir='ltr'>sententiae</span> <span class='ocrx_word' id='word_1_289' title='bbox 1534 2660 1683 2702; x_wconf 87' lang='lat' dir='ltr'>ortho-</span> 
     </span>
     <span class='ocr_line' id='line_1_37' title="bbox 124 2731 1683 2778; baseline -0.001 -4"><span class='ocrx_word' id='word_1_290' title='bbox 124 2733 258 2776; x_wconf 85' lang='lat' dir='ltr'>doxae</span> <span class='ocrx_word' id='word_1_291' title='bbox 297 2734 348 2776; x_wconf 91' lang='lat' dir='ltr'>de</span> <span class='ocrx_word' id='word_1_292' title='bbox 377 2733 518 2775; x_wconf 85' lang='lat' dir='ltr'>officio</span> <span class='ocrx_word' id='word_1_293' title='bbox 548 2732 706 2775; x_wconf 84' lang='lat' dir='ltr'>Christi</span> <span class='ocrx_word' id='word_1_294' title='bbox 733 2733 984 2775; x_wconf 87' lang='lat' dir='ltr'>mediatorio</span> <span class='ocrx_word' id='word_1_295' title='bbox 1015 2732 1323 2778; x_wconf 80' lang='lat' dir='ltr'>contradicunt,</span> <span class='ocrx_word' id='word_1_296' title='bbox 1352 2731 1425 2772; x_wconf 86' lang='lat' dir='ltr'>sed</span> <span class='ocrx_word' id='word_1_297' title='bbox 1453 2745 1546 2773; x_wconf 89' lang='lat' dir='ltr'>eam</span> <span class='ocrx_word' id='word_1_298' title='bbox 1576 2731 1683 2773; x_wconf 88' lang='lat' dir='ltr'>obli-</span> 
     </span>
     <span class='ocr_line' id='line_1_38' title="bbox 126 2800 1682 2859; baseline -0.001 -13"><span class='ocrx_word' id='word_1_299' title='bbox 126 2819 207 2857; x_wconf 88' lang='lat' dir='ltr'>que</span> <span class='ocrx_word' id='word_1_300' title='bbox 249 2808 291 2847; x_wconf 91' lang='lat' dir='ltr'>et</span> <span class='ocrx_word' id='word_1_301' title='bbox 331 2820 409 2859; x_wconf 88' lang='lat' dir='ltr'>per</span> <span class='ocrx_word' id='word_1_302' title='bbox 452 2804 667 2846; x_wconf 88' lang='lat' dir='ltr'>cuniculos</span> <span class='ocrx_word' id='word_1_303' title='bbox 710 2806 897 2846; x_wconf 83' lang='lat' dir='ltr'>evertere</span> <span class='ocrx_word' id='word_1_304' title='bbox 940 2806 1158 2854; x_wconf 88' lang='lat' dir='ltr'>conantur,</span> <span class='ocrx_word' id='word_1_305' title='bbox 1201 2816 1296 2844; x_wconf 88' lang='lat' dir='ltr'>cum</span> <span class='ocrx_word' id='word_1_306' title='bbox 1339 2800 1555 2843; x_wconf 89' lang='lat' dir='ltr'>Christum</span> <span class='ocrx_word' id='word_1_307' title='bbox 1595 2816 1682 2844; x_wconf 90' lang='lat' dir='ltr'>non</span> 
     </span>
     <span class='ocr_line' id='line_1_39' title="bbox 126 2873 1560 2928; baseline -0.002 -11"><span class='ocrx_word' id='word_1_308' title='bbox 126 2875 311 2928; x_wconf 86' lang='lat' dir='ltr'>proprie,</span> <span class='ocrx_word' id='word_1_309' title='bbox 342 2875 414 2917; x_wconf 87' lang='lat' dir='ltr'>sed</span> <span class='ocrx_word' id='word_1_310' title='bbox 441 2874 731 2928; x_wconf 88' lang='lat' dir='ltr'>metaphorice</span> <span class='ocrx_word' id='word_1_311' title='bbox 760 2889 802 2916; x_wconf 90' lang='lat' dir='ltr'>se</span> <span class='ocrx_word' id='word_1_312' title='bbox 828 2875 971 2927; x_wconf 84' lang='lat' dir='ltr'>ipsum</span> <span class='ocrx_word' id='word_1_313' title='bbox 997 2873 1089 2916; x_wconf 92' lang='lat' dir='ltr'>Deo</span> <span class='ocrx_word' id='word_1_314' title='bbox 1119 2873 1323 2915; x_wconf 82' lang='lat' dir='ltr'>obtulisse</span> <span class='ocrx_word' id='word_1_315' title='bbox 1353 2875 1560 2915; x_wconf 87' lang='lat' dir='ltr'>asserunt.</span> 
     </span>
    </p>

    <p class='ocr_par' dir='ltr' id='par_1_7' title="bbox 178 2944 1683 2999">
     <span class='ocr_line' id='line_1_40' title="bbox 178 2944 1683 2999; baseline -0.001 -12"><span class='ocrx_word' id='word_1_316' title='bbox 178 2945 315 2989; x_wconf 87' lang='lat' dir='ltr'>XXII.</span> <span class='ocrx_word' id='word_1_317' title='bbox 354 2946 399 2990; x_wconf 91' lang='grc'>81</span> <span class='ocrx_word' id='word_1_318' title='bbox 435 2961 534 2988; x_wconf 88' lang='lat' dir='ltr'>vera</span> <span class='ocrx_word' id='word_1_319' title='bbox 573 2948 636 2987; x_wconf 81' lang='lat' dir='ltr'>est</span> <span class='ocrx_word' id='word_1_320' title='bbox 662 2945 768 2987; x_wconf 89' lang='lat' dir='ltr'>haec</span> <span class='ocrx_word' id='word_1_321' title='bbox 796 2945 1120 2990; x_wconf 80' lang='lat' dir='ltr'>Socinianorum</span> <span class='ocrx_word' id='word_1_322' title='bbox 1148 2944 1336 2996; x_wconf 72' lang='lat' dir='ltr'>assertio,</span> <span class='ocrx_word' id='word_1_323' title='bbox 1368 2958 1470 2998; x_wconf 85' lang='lat' dir='ltr'>ergo</span> <span class='ocrx_word' id='word_1_324' title='bbox 1500 2947 1542 2986; x_wconf 90' lang='lat' dir='ltr'>et</span> <span class='ocrx_word' id='word_1_325' title='bbox 1569 2944 1683 2999; x_wconf 85' lang='lat' dir='ltr'>typi-</span> 
     </span>
    </p>
   </div>
  </div>
 </body>
</html>
