<?xml version="1.0" encoding="UTF-8"?>
<!DOCTYPE html PUBLIC "-//W3C//DTD XHTML 1.0 Transitional//EN"
    "http://www.w3.org/TR/xhtml1/DTD/xhtml1-transitional.dtd">
<html xmlns="http://www.w3.org/1999/xhtml" xml:lang="en" lang="en">
 <head>
  <title>
</title>
<meta http-equiv="Content-Type" content="text/html;charset=utf-8" />
  <meta name='ocr-system' content='tesseract 3.04.00' />
  <meta name='ocr-capabilities' content='ocr_page ocr_carea ocr_par ocr_line ocrx_word'/>
</head>
<body>
  <div class='ocr_page' id='page_1' title='image "./synopsispurioris00poly_0203.png"; bbox 0 0 1931 3224; ppageno 0'>
   <div class='ocr_carea' id='block_1_1' title="bbox 729 117 1684 163">
    <p class='ocr_par' dir='ltr' id='par_1_1' title="bbox 729 117 1684 163">
     <span class='ocr_line' id='line_1_1' title="bbox 729 117 1684 163; baseline 0.002 -3"><span class='ocrx_word' id='word_1_1' title='bbox 729 117 793 160; x_wconf 78' lang='lat' dir='ltr'>Dr:</span> <span class='ocrx_word' id='word_1_2' title='bbox 822 118 1074 161; x_wconf 59' lang='grc' dir='ltr'>ἱ11111111111110.</span> <span class='ocrx_word' id='word_1_3' title='bbox 1611 122 1684 163; x_wconf 83' lang='grc'>181</span> 
     </span>
    </p>
   </div>
   <div class='ocr_carea' id='block_1_2' title="bbox 112 242 1687 3009">
    <p class='ocr_par' dir='ltr' id='par_1_2' title="bbox 120 242 1687 653">
     <span class='ocr_line' id='line_1_2' title="bbox 123 242 1686 297; baseline 0.001 -12"><span class='ocrx_word' id='word_1_4' title='bbox 123 245 292 297; x_wconf 85' lang='lat' dir='ltr'>ceptam</span> <span class='ocrx_word' id='word_1_5' title='bbox 335 242 512 293; x_wconf 86' lang='lat' dir='ltr'>addant;</span> <span class='ocrx_word' id='word_1_6' title='bbox 557 243 622 284; x_wconf 88' lang='lat' dir='ltr'>vel</span> <span class='ocrx_word' id='word_1_7' title='bbox 664 243 863 284; x_wconf 85' lang='lat' dir='ltr'>adversus</span> <span class='ocrx_word' id='word_1_8' title='bbox 887 242 1092 285; x_wconf 89' lang='lat' dir='ltr'>nonnulla</span> <span class='ocrx_word' id='word_1_9' title='bbox 1121 243 1237 296; x_wconf 89' lang='lat' dir='ltr'>vitia,</span> <span class='ocrx_word' id='word_1_10' title='bbox 1269 258 1292 284; x_wconf 92' lang='lat' dir='ltr'>a</span> <span class='ocrx_word' id='word_1_11' title='bbox 1322 243 1474 296; x_wconf 82' lang='lat' dir='ltr'>quibus</span> <span class='ocrx_word' id='word_1_12' title='bbox 1502 246 1686 287; x_wconf 77' lang='lat' dir='ltr'>maxime</span> 
     </span>
     <span class='ocr_line' id='line_1_3' title="bbox 121 313 1687 368; baseline 0.002 -12"><span class='ocrx_word' id='word_1_13' title='bbox 121 315 389 366; x_wconf 86' lang='lat' dir='ltr'>infestantur,</span> <span class='ocrx_word' id='word_1_14' title='bbox 422 314 608 357; x_wconf 85' lang='lat' dir='ltr'>remedia</span> <span class='ocrx_word' id='word_1_15' title='bbox 637 314 844 357; x_wconf 81' lang='lat' dir='ltr'>validiora</span> <span class='ocrx_word' id='word_1_16' title='bbox 872 315 1102 356; x_wconf 86' lang='lat' dir='ltr'>inveniant.</span> <span class='ocrx_word' id='word_1_17' title='bbox 1131 313 1231 356; x_wconf 88' lang='lat' dir='ltr'>Non</span> <span class='ocrx_word' id='word_1_18' title='bbox 1262 329 1345 367; x_wconf 90' lang='lat' dir='ltr'>quo</span> <span class='ocrx_word' id='word_1_19' title='bbox 1375 327 1464 368; x_wconf 66' lang='lat' dir='ltr'>per&#39;</span> <span class='ocrx_word' id='word_1_20' title='bbox 1481 317 1687 368; x_wconf 89' lang='lat' dir='ltr'>ejusmodi</span> 
     </span>
     <span class='ocr_line' id='line_1_4' title="bbox 121 385 1686 439; baseline 0.001 -11"><span class='ocrx_word' id='word_1_21' title='bbox 121 388 222 428; x_wconf 88' lang='lat' dir='ltr'>vota</span> <span class='ocrx_word' id='word_1_22' title='bbox 251 386 538 428; x_wconf 68' lang='lat' dir='ltr'>obedientiam</span> <span class='ocrx_word' id='word_1_23' title='bbox 567 401 687 427; x_wconf 86' lang='lat' dir='ltr'>suam</span> <span class='ocrx_word' id='word_1_24' title='bbox 715 385 807 427; x_wconf 92' lang='lat' dir='ltr'>Deo</span> <span class='ocrx_word' id='word_1_25' title='bbox 836 386 973 439; x_wconf 83' lang='lat' dir='ltr'>magis</span> <span class='ocrx_word' id='word_1_26' title='bbox 1002 388 1181 439; x_wconf 86' lang='lat' dir='ltr'>gratam,</span> <span class='ocrx_word' id='word_1_27' title='bbox 1214 388 1255 427; x_wconf 93' lang='lat' dir='ltr'>et</span> <span class='ocrx_word' id='word_1_28' title='bbox 1283 388 1330 427; x_wconf 91' lang='lat' dir='ltr'>ut</span> <span class='ocrx_word' id='word_1_29' title='bbox 1360 386 1508 427; x_wconf 87' lang='lat' dir='ltr'>volunt</span> <span class='ocrx_word' id='word_1_30' title='bbox 1536 387 1686 430; x_wconf 87' lang='lat' dir='ltr'>Ponti-</span> 
     </span>
     <span class='ocr_line' id='line_1_5' title="bbox 121 457 1686 512; baseline 0.001 -13"><span class='ocrx_word' id='word_1_31' title='bbox 121 458 219 508; x_wconf 79' lang='lat' dir='ltr'>ficii,</span> <span class='ocrx_word' id='word_1_32' title='bbox 258 458 522 499; x_wconf 87' lang='lat' dir='ltr'>meritoriam</span> <span class='ocrx_word' id='word_1_33' title='bbox 565 457 839 509; x_wconf 85' lang='lat' dir='ltr'>constituant,</span> <span class='ocrx_word' id='word_1_34' title='bbox 884 460 957 498; x_wconf 91' lang='lat' dir='ltr'>aut</span> <span class='ocrx_word' id='word_1_35' title='bbox 997 457 1172 508; x_wconf 88' lang='lat' dir='ltr'>majoris</span> <span class='ocrx_word' id='word_1_36' title='bbox 1202 457 1477 510; x_wconf 74' lang='lat' dir='ltr'>perfectionis</span> <span class='ocrx_word' id='word_1_37' title='bbox 1507 460 1686 512; x_wconf 85' lang='lat' dir='ltr'>gradum</span> 
     </span>
     <span class='ocr_line' id='line_1_6' title="bbox 122 528 1686 582; baseline 0.001 -11"><span class='ocrx_word' id='word_1_38' title='bbox 122 530 364 582; x_wconf 86' lang='lat' dir='ltr'>acquirant3</span> <span class='ocrx_word' id='word_1_39' title='bbox 395 529 468 570; x_wconf 89' lang='lat' dir='ltr'>sed</span> <span class='ocrx_word' id='word_1_40' title='bbox 498 544 582 582; x_wconf 90' lang='lat' dir='ltr'>quo</span> <span class='ocrx_word' id='word_1_41' title='bbox 612 529 874 570; x_wconf 87' lang='lat' dir='ltr'>infirmitatis</span> <span class='ocrx_word' id='word_1_42' title='bbox 903 543 1002 570; x_wconf 90' lang='lat' dir='ltr'>suae</span> <span class='ocrx_word' id='word_1_43' title='bbox 1032 529 1113 570; x_wconf 89' lang='lat' dir='ltr'>sibi</span> <span class='ocrx_word' id='word_1_44' title='bbox 1137 529 1306 580; x_wconf 90' lang='lat' dir='ltr'>conscii,</span> <span class='ocrx_word' id='word_1_45' title='bbox 1334 528 1526 582; x_wconf 83' lang='lat' dir='ltr'>pluribus</span> <span class='ocrx_word' id='word_1_46' title='bbox 1553 531 1686 572; x_wconf 89' lang='lat' dir='ltr'>admi-</span> 
     </span>
     <span class='ocr_line' id='line_1_7' title="bbox 120 600 1556 653; baseline 0.001 -12"><span class='ocrx_word' id='word_1_47' title='bbox 120 601 272 642; x_wconf 89' lang='lat' dir='ltr'>niculis</span> <span class='ocrx_word' id='word_1_48' title='bbox 301 615 345 642; x_wconf 91' lang='lat' dir='ltr'>se</span> <span class='ocrx_word' id='word_1_49' title='bbox 374 601 574 643; x_wconf 86' lang='lat' dir='ltr'>adversus</span> <span class='ocrx_word' id='word_1_50' title='bbox 603 600 786 643; x_wconf 83' lang='lat' dir='ltr'>Satanae</span> <span class='ocrx_word' id='word_1_51' title='bbox 814 615 862 642; x_wconf 92' lang='lat' dir='ltr'>ac</span> <span class='ocrx_word' id='word_1_52' title='bbox 892 600 1029 642; x_wconf 89' lang='lat' dir='ltr'>carnis</span> <span class='ocrx_word' id='word_1_53' title='bbox 1058 601 1267 653; x_wconf 90' lang='lat' dir='ltr'>impetum</span> <span class='ocrx_word' id='word_1_54' title='bbox 1296 601 1556 643; x_wconf 89' lang='lat' dir='ltr'>confirment.</span> 
     </span>
    </p>

    <p class='ocr_par' dir='ltr' id='par_1_3' title="bbox 119 671 1685 1081">
     <span class='ocr_line' id='line_1_8' title="bbox 174 671 1684 727; baseline 0.002 -14"><span class='ocrx_word' id='word_1_55' title='bbox 174 671 351 714; x_wconf 87' lang='lat' dir='ltr'>XXXV.</span> <span class='ocrx_word' id='word_1_56' title='bbox 394 671 463 714; x_wconf 84' lang='lat' dir='ltr'>Sic</span> <span class='ocrx_word' id='word_1_57' title='bbox 505 671 604 713; x_wconf 85' lang='lat' dir='ltr'>Job.</span> <span class='ocrx_word' id='word_1_58' title='bbox 647 672 711 723; x_wconf 84' lang='lat'>31,</span> <span class='ocrx_word' id='word_1_59' title='bbox 755 672 789 712; x_wconf 89' lang='grc'>1.</span> <span class='ocrx_word' id='word_1_60' title='bbox 833 673 1029 723; x_wconf 88' lang='lat' dir='ltr'>testatur,</span> <span class='ocrx_word' id='word_1_61' title='bbox 1080 686 1132 713; x_wconf 90' lang='lat' dir='ltr'>se</span> <span class='ocrx_word' id='word_1_62' title='bbox 1168 672 1454 727; x_wconf 77' lang='lat' dir='ltr'>pepigisse</span> <span class='ocrx_word' id='word_1_63' title='bbox 1492 673 1684 716; x_wconf 83' lang='lat' dir='ltr'>foedus</span> 
     </span>
     <span class='ocr_line' id='line_1_9' title="bbox 122 743 1684 797; baseline 0.001 -11"><span class='ocrx_word' id='word_1_64' title='bbox 122 759 232 787; x_wconf 90' lang='lat' dir='ltr'>cum</span> <span class='ocrx_word' id='word_1_65' title='bbox 271 743 446 785; x_wconf 91' lang='lat' dir='ltr'>oculis</span> <span class='ocrx_word' id='word_1_66' title='bbox 485 743 615 795; x_wconf 89' lang='lat' dir='ltr'>suis,</span> <span class='ocrx_word' id='word_1_67' title='bbox 654 757 715 784; x_wconf 91' lang='lat' dir='ltr'>ne</span> <span class='ocrx_word' id='word_1_68' title='bbox 753 743 1072 784; x_wconf 69' lang='lat' dir='ltr'>adverteret</span> <span class='ocrx_word' id='word_1_69' title='bbox 1110 743 1171 784; x_wconf 88' lang='lat' dir='ltr'>ad</span> <span class='ocrx_word' id='word_1_70' title='bbox 1199 744 1488 797; x_wconf 85' lang='lat' dir='ltr'>virginem,</span> <span class='ocrx_word' id='word_1_71' title='bbox 1528 747 1569 786; x_wconf 91' lang='lat' dir='ltr'>et</span> <span class='ocrx_word' id='word_1_72' title='bbox 1596 745 1684 788; x_wconf 89' lang='lat' dir='ltr'>Ne-</span> 
     </span>
     <span class='ocr_line' id='line_1_10' title="bbox 119 814 1685 868; baseline 0.001 -11"><span class='ocrx_word' id='word_1_73' title='bbox 119 815 282 857; x_wconf 90' lang='lat' dir='ltr'>hemias</span> <span class='ocrx_word' id='word_1_74' title='bbox 317 830 411 856; x_wconf 88' lang='lat' dir='ltr'>cum</span> <span class='ocrx_word' id='word_1_75' title='bbox 439 814 698 868; x_wconf 88' lang='lat' dir='ltr'>primoribus</span> <span class='ocrx_word' id='word_1_76' title='bbox 726 814 877 867; x_wconf 89' lang='lat' dir='ltr'>populi</span> <span class='ocrx_word' id='word_1_77' title='bbox 907 814 1127 868; x_wconf 81' lang='lat' dir='ltr'>speciatim</span> <span class='ocrx_word' id='word_1_78' title='bbox 1152 816 1395 867; x_wconf 84' lang='lat' dir='ltr'>juramento</span> <span class='ocrx_word' id='word_1_79' title='bbox 1426 830 1468 857; x_wconf 92' lang='lat' dir='ltr'>se</span> <span class='ocrx_word' id='word_1_80' title='bbox 1499 816 1685 858; x_wconf 89' lang='lat' dir='ltr'>obstrin-</span> 
     </span>
     <span class='ocr_line' id='line_1_11' title="bbox 119 881 1684 940; baseline 0.002 -13"><span class='ocrx_word' id='word_1_81' title='bbox 119 889 287 938; x_wconf 87' lang='lat' dir='ltr'>xerunt,</span> <span class='ocrx_word' id='word_1_82' title='bbox 326 886 440 939; x_wconf 90' lang='lat' dir='ltr'>quod</span> <span class='ocrx_word' id='word_1_83' title='bbox 476 900 605 939; x_wconf 86' lang='lat' dir='ltr'>porro</span> <span class='ocrx_word' id='word_1_84' title='bbox 644 900 731 927; x_wconf 91' lang='lat' dir='ltr'>non</span> <span class='ocrx_word' id='word_1_85' title='bbox 770 887 908 926; x_wconf 82' lang='lat' dir='ltr'>essent</span> <span class='ocrx_word' id='word_1_86' title='bbox 946 884 1100 926; x_wconf 85' lang='lat' dir='ltr'>filias</span> <span class='ocrx_word' id='word_1_87' title='bbox 1130 900 1252 926; x_wconf 87' lang='lat' dir='ltr'>suas</span> <span class='ocrx_word' id='word_1_88' title='bbox 1280 881 1483 927; x_wconf 79' lang='lat' dir='ltr'>vic&#39;inis</span> <span class='ocrx_word' id='word_1_89' title='bbox 1513 888 1684 940; x_wconf 85' lang='lat' dir='ltr'>genti-</span> 
     </span>
     <span class='ocr_line' id='line_1_12' title="bbox 120 956 1684 1008; baseline 0.001 -9"><span class='ocrx_word' id='word_1_90' title='bbox 120 958 214 999; x_wconf 92' lang='lat' dir='ltr'>bus</span> <span class='ocrx_word' id='word_1_91' title='bbox 249 958 302 999; x_wconf 90' lang='lat' dir='ltr'>in</span> <span class='ocrx_word' id='word_1_92' title='bbox 330 957 736 999; x_wconf 85' lang='lat' dir='ltr'>matrimonium</span> <span class='ocrx_word' id='word_1_93' title='bbox 766 956 970 1008; x_wconf 86' lang='lat' dir='ltr'>daturi,</span> <span class='ocrx_word' id='word_1_94' title='bbox 1000 971 1094 998; x_wconf 88' lang='lat' dir='ltr'>nec</span> <span class='ocrx_word' id='word_1_95' title='bbox 1121 971 1324 998; x_wconf 88' lang='lat' dir='ltr'>merces</span> <span class='ocrx_word' id='word_1_96' title='bbox 1353 957 1406 999; x_wconf 87' lang='lat' dir='ltr'>ab</span> <span class='ocrx_word' id='word_1_97' title='bbox 1435 958 1486 999; x_wconf 89' lang='lat' dir='ltr'>iis</span> <span class='ocrx_word' id='word_1_98' title='bbox 1516 960 1684 1001; x_wconf 86' lang='lat' dir='ltr'>venales</span> 
     </span>
     <span class='ocr_line' id='line_1_13' title="bbox 120 1028 863 1081; baseline -0.003 -10"><span class='ocrx_word' id='word_1_99' title='bbox 120 1030 345 1081; x_wconf 80' lang='lat' dir='ltr'>allatas,</span> <span class='ocrx_word' id='word_1_100' title='bbox 376 1029 634 1071; x_wconf 81' lang='lat' dir='ltr'>Sabbatis</span> <span class='ocrx_word' id='word_1_101' title='bbox 666 1028 863 1081; x_wconf 86' lang='lat' dir='ltr'>empturi.</span> 
     </span>
    </p>

    <p class='ocr_par' dir='ltr' id='par_1_4' title="bbox 122 1098 1684 1226">
     <span class='ocr_line' id='line_1_14' title="bbox 171 1098 1684 1154; baseline 0.001 -12"><span class='ocrx_word' id='word_1_102' title='bbox 171 1099 368 1142; x_wconf 89' lang='lat' dir='ltr'>XXXVI.</span> <span class='ocrx_word' id='word_1_103' title='bbox 411 1099 648 1152; x_wconf 83' lang='lat' dir='ltr'>Praecipua</span> <span class='ocrx_word' id='word_1_104' title='bbox 691 1113 791 1140; x_wconf 87' lang='lat' dir='ltr'>vero</span> <span class='ocrx_word' id='word_1_105' title='bbox 836 1098 1064 1140; x_wconf 87' lang='lat' dir='ltr'>difficultas</span> <span class='ocrx_word' id='word_1_106' title='bbox 1111 1099 1307 1141; x_wconf 84' lang='lat' dir='ltr'>consistit</span> <span class='ocrx_word' id='word_1_107' title='bbox 1349 1101 1393 1141; x_wconf 92' lang='lat' dir='ltr'>in</span> <span class='ocrx_word' id='word_1_108' title='bbox 1435 1101 1547 1143; x_wconf 91' lang='lat' dir='ltr'>votis</span> <span class='ocrx_word' id='word_1_109' title='bbox 1588 1101 1684 1154; x_wconf 88' lang='lat' dir='ltr'>illis,</span> 
     </span>
     <span class='ocr_line' id='line_1_15' title="bbox 122 1170 1417 1226; baseline -0.001 -12"><span class='ocrx_word' id='word_1_110' title='bbox 122 1187 230 1226; x_wconf 91' lang='lat' dir='ltr'>quae</span> <span class='ocrx_word' id='word_1_111' title='bbox 259 1172 309 1213; x_wconf 91' lang='lat' dir='ltr'>de</span> <span class='ocrx_word' id='word_1_112' title='bbox 338 1171 463 1213; x_wconf 92' lang='lat' dir='ltr'>rebus</span> <span class='ocrx_word' id='word_1_113' title='bbox 491 1171 641 1213; x_wconf 89' lang='lat' dir='ltr'>mediis</span> <span class='ocrx_word' id='word_1_114' title='bbox 672 1173 801 1223; x_wconf 86' lang='lat' dir='ltr'>atque</span> <span class='ocrx_word' id='word_1_115' title='bbox 831 1170 1076 1224; x_wconf 85' lang='lat' dir='ltr'>adiaphoris</span> <span class='ocrx_word' id='word_1_116' title='bbox 1107 1171 1417 1225; x_wconf 87' lang='lat' dir='ltr'>concipiuntur.</span> 
     </span>
    </p>

    <p class='ocr_par' dir='ltr' id='par_1_5' title="bbox 117 1242 1683 1512">
     <span class='ocr_line' id='line_1_16' title="bbox 171 1242 1682 1297; baseline 0.001 -12"><span class='ocrx_word' id='word_1_117' title='bbox 171 1242 390 1285; x_wconf 88' lang='lat' dir='ltr'>XXXVII.</span> <span class='ocrx_word' id='word_1_118' title='bbox 433 1243 541 1286; x_wconf 83' lang='lat' dir='ltr'>Sunt</span> <span class='ocrx_word' id='word_1_119' title='bbox 584 1258 632 1285; x_wconf 87' lang='lat' dir='ltr'>ea</span> <span class='ocrx_word' id='word_1_120' title='bbox 674 1245 817 1284; x_wconf 90' lang='lat' dir='ltr'>autem</span> <span class='ocrx_word' id='word_1_121' title='bbox 859 1242 1057 1297; x_wconf 85' lang='lat' dir='ltr'>duplicia,</span> <span class='ocrx_word' id='word_1_122' title='bbox 1089 1243 1156 1285; x_wconf 90' lang='lat' dir='ltr'>vel</span> <span class='ocrx_word' id='word_1_123' title='bbox 1186 1243 1297 1285; x_wconf 90' lang='lat' dir='ltr'>enim</span> <span class='ocrx_word' id='word_1_124' title='bbox 1326 1258 1392 1284; x_wconf 89' lang='lat' dir='ltr'>res</span> <span class='ocrx_word' id='word_1_125' title='bbox 1423 1244 1541 1297; x_wconf 87' lang='lat' dir='ltr'>ipsae</span> <span class='ocrx_word' id='word_1_126' title='bbox 1571 1245 1682 1287; x_wconf 81' lang='lat' dir='ltr'>votis</span> 
     </span>
     <span class='ocr_line' id='line_1_17' title="bbox 118 1315 1683 1369; baseline 0 -11"><span class='ocrx_word' id='word_1_127' title='bbox 118 1317 343 1369; x_wconf 89' lang='lat' dir='ltr'>subjectae,</span> <span class='ocrx_word' id='word_1_128' title='bbox 376 1315 516 1368; x_wconf 86' lang='lat' dir='ltr'>quoad</span> <span class='ocrx_word' id='word_1_129' title='bbox 546 1315 686 1369; x_wconf 90' lang='lat' dir='ltr'>operis</span> <span class='ocrx_word' id='word_1_130' title='bbox 716 1315 1011 1367; x_wconf 75' lang='lat' dir='ltr'>substantiam,</span> <span class='ocrx_word' id='word_1_131' title='bbox 1036 1315 1165 1357; x_wconf 84' lang='lat' dir='ltr'>verbo</span> <span class='ocrx_word' id='word_1_132' title='bbox 1193 1315 1273 1357; x_wconf 91' lang='lat' dir='ltr'>Dei</span> <span class='ocrx_word' id='word_1_133' title='bbox 1296 1319 1549 1369; x_wconf 86' lang='lat' dir='ltr'>praeceptae</span> <span class='ocrx_word' id='word_1_134' title='bbox 1574 1320 1683 1369; x_wconf 87' lang='lat' dir='ltr'>sunt,</span> 
     </span>
     <span class='ocr_line' id='line_1_18' title="bbox 117 1386 1683 1440; baseline 0 -10"><span class='ocrx_word' id='word_1_135' title='bbox 117 1403 165 1430; x_wconf 87' lang='lat' dir='ltr'>ac</span> <span class='ocrx_word' id='word_1_136' title='bbox 193 1388 308 1430; x_wconf 88' lang='lat' dir='ltr'>solae</span> <span class='ocrx_word' id='word_1_137' title='bbox 337 1402 483 1428; x_wconf 82' lang='lat' dir='ltr'>earum</span> <span class='ocrx_word' id='word_1_138' title='bbox 512 1386 855 1429; x_wconf 84' lang='lat' dir='ltr'>circumstantiae</span> <span class='ocrx_word' id='word_1_139' title='bbox 881 1386 1038 1429; x_wconf 87' lang='lat' dir='ltr'>liberae</span> <span class='ocrx_word' id='word_1_140' title='bbox 1063 1389 1191 1440; x_wconf 86' lang='lat' dir='ltr'>atque</span> <span class='ocrx_word' id='word_1_141' title='bbox 1217 1387 1488 1438; x_wconf 88' lang='lat' dir='ltr'>arbitrariae;</span> <span class='ocrx_word' id='word_1_142' title='bbox 1515 1388 1580 1430; x_wconf 87' lang='lat' dir='ltr'>vel</span> <span class='ocrx_word' id='word_1_143' title='bbox 1595 1391 1683 1430; x_wconf 86' lang='lat' dir='ltr'>tam</span> 
     </span>
     <span class='ocr_line' id='line_1_19' title="bbox 117 1458 1682 1512; baseline 0.001 -11"><span class='ocrx_word' id='word_1_144' title='bbox 117 1474 183 1501; x_wconf 89' lang='lat' dir='ltr'>res</span> <span class='ocrx_word' id='word_1_145' title='bbox 214 1474 342 1512; x_wconf 90' lang='lat' dir='ltr'>quam</span> <span class='ocrx_word' id='word_1_146' title='bbox 371 1473 511 1500; x_wconf 90' lang='lat' dir='ltr'>rerum</span> <span class='ocrx_word' id='word_1_147' title='bbox 542 1458 887 1500; x_wconf 82' lang='lat' dir='ltr'>circumstantiae</span> <span class='ocrx_word' id='word_1_148' title='bbox 911 1458 1045 1500; x_wconf 88' lang='lat' dir='ltr'>libero</span> <span class='ocrx_word' id='word_1_149' title='bbox 1071 1459 1167 1499; x_wconf 92' lang='lat' dir='ltr'>usui</span> <span class='ocrx_word' id='word_1_150' title='bbox 1182 1458 1368 1500; x_wconf 89' lang='lat' dir='ltr'>humano</span> <span class='ocrx_word' id='word_1_151' title='bbox 1386 1462 1484 1500; x_wconf 89' lang='lat' dir='ltr'>sunt</span> <span class='ocrx_word' id='word_1_152' title='bbox 1498 1460 1682 1502; x_wconf 88' lang='lat' dir='ltr'>relictae.</span> 
     </span>
    </p>

    <p class='ocr_par' dir='ltr' id='par_1_6' title="bbox 114 1528 1682 1867">
     <span class='ocr_line' id='line_1_20' title="bbox 168 1528 1682 1583; baseline 0.001 -12"><span class='ocrx_word' id='word_1_153' title='bbox 168 1528 410 1571; x_wconf 88' lang='lat' dir='ltr'>XXXVIII.</span> <span class='ocrx_word' id='word_1_154' title='bbox 448 1528 609 1571; x_wconf 89' lang='lat' dir='ltr'>Prioris</span> <span class='ocrx_word' id='word_1_155' title='bbox 648 1528 815 1582; x_wconf 85' lang='lat' dir='ltr'>generis</span> <span class='ocrx_word' id='word_1_156' title='bbox 852 1529 1056 1581; x_wconf 84' lang='lat' dir='ltr'>exempla,</span> <span class='ocrx_word' id='word_1_157' title='bbox 1094 1531 1193 1570; x_wconf 89' lang='lat' dir='ltr'>sunt</span> <span class='ocrx_word' id='word_1_158' title='bbox 1229 1532 1328 1571; x_wconf 86' lang='lat' dir='ltr'>vota</span> <span class='ocrx_word' id='word_1_159' title='bbox 1366 1531 1416 1571; x_wconf 93' lang='lat' dir='ltr'>de</span> <span class='ocrx_word' id='word_1_160' title='bbox 1449 1532 1610 1583; x_wconf 86' lang='lat' dir='ltr'>jejunio</span> <span class='ocrx_word' id='word_1_161' title='bbox 1642 1534 1682 1573; x_wconf 90' lang='lat' dir='ltr'>et</span> 
     </span>
     <span class='ocr_line' id='line_1_21' title="bbox 116 1599 1681 1655; baseline 0.001 -12"><span class='ocrx_word' id='word_1_162' title='bbox 116 1602 181 1643; x_wconf 89' lang='lat' dir='ltr'>sui</span> <span class='ocrx_word' id='word_1_163' title='bbox 223 1602 357 1655; x_wconf 87' lang='lat' dir='ltr'>ipsius</span> <span class='ocrx_word' id='word_1_164' title='bbox 402 1600 648 1651; x_wconf 86' lang='lat' dir='ltr'>afflictione,</span> <span class='ocrx_word' id='word_1_165' title='bbox 690 1599 817 1641; x_wconf 90' lang='lat' dir='ltr'>Num.</span> <span class='ocrx_word' id='word_1_166' title='bbox 862 1600 925 1651; x_wconf 80' lang='lat'>30,</span> <span class='ocrx_word' id='word_1_167' title='bbox 971 1600 1033 1641; x_wconf 80' lang='lat'>13.</span> <span class='ocrx_word' id='word_1_168' title='bbox 1075 1599 1190 1642; x_wconf 88' lang='lat' dir='ltr'>Vota</span> <span class='ocrx_word' id='word_1_169' title='bbox 1234 1600 1283 1642; x_wconf 92' lang='lat' dir='ltr'>de</span> <span class='ocrx_word' id='word_1_170' title='bbox 1323 1601 1600 1654; x_wconf 80' lang='lat' dir='ltr'>eleemosynis</span> <span class='ocrx_word' id='word_1_171' title='bbox 1637 1603 1681 1644; x_wconf 90' lang='lat' dir='ltr'>in</span> 
     </span>
     <span class='ocr_line' id='line_1_22' title="bbox 114 1670 1682 1726; baseline 0.001 -13"><span class='ocrx_word' id='word_1_172' title='bbox 114 1687 336 1726; x_wconf 73' lang='lat' dir='ltr'>pauperes,</span> <span class='ocrx_word' id='word_1_173' title='bbox 377 1674 450 1713; x_wconf 88' lang='lat' dir='ltr'>aut</span> <span class='ocrx_word' id='word_1_174' title='bbox 489 1671 582 1713; x_wconf 88' lang='lat' dir='ltr'>aliis</span> <span class='ocrx_word' id='word_1_175' title='bbox 613 1671 854 1724; x_wconf 87' lang='lat' dir='ltr'>sumptibus</span> <span class='ocrx_word' id='word_1_176' title='bbox 881 1671 925 1712; x_wconf 90' lang='lat' dir='ltr'>in</span> <span class='ocrx_word' id='word_1_177' title='bbox 954 1670 1170 1713; x_wconf 86' lang='lat' dir='ltr'>Ecclesiae</span> <span class='ocrx_word' id='word_1_178' title='bbox 1202 1673 1460 1714; x_wconf 88' lang='lat' dir='ltr'>necessarios</span> <span class='ocrx_word' id='word_1_179' title='bbox 1490 1688 1590 1715; x_wconf 91' lang='lat' dir='ltr'>usus</span> <span class='ocrx_word' id='word_1_180' title='bbox 1620 1674 1682 1715; x_wconf 87' lang='lat' dir='ltr'>fa-</span> 
     </span>
     <span class='ocr_line' id='line_1_23' title="bbox 116 1741 1678 1795; baseline 0.001 -10"><span class='ocrx_word' id='word_1_181' title='bbox 116 1743 287 1794; x_wconf 78' lang='lat' dir='ltr'>ciendis,</span> <span class='ocrx_word' id='word_1_182' title='bbox 325 1741 427 1784; x_wconf 82' lang='lat' dir='ltr'>Gen.</span> <span class='ocrx_word' id='word_1_183' title='bbox 466 1742 528 1794; x_wconf 80' lang='lat'>28,</span> <span class='ocrx_word' id='word_1_184' title='bbox 562 1742 624 1783; x_wconf 83' lang='lat'>20.</span> <span class='ocrx_word' id='word_1_185' title='bbox 655 1741 771 1784; x_wconf 89' lang='lat' dir='ltr'>Vota</span> <span class='ocrx_word' id='word_1_186' title='bbox 801 1742 851 1783; x_wconf 89' lang='lat' dir='ltr'>de</span> <span class='ocrx_word' id='word_1_187' title='bbox 882 1742 1037 1795; x_wconf 89' lang='lat' dir='ltr'>seipso,</span> <span class='ocrx_word' id='word_1_188' title='bbox 1067 1745 1139 1784; x_wconf 88' lang='lat' dir='ltr'>aut</span> <span class='ocrx_word' id='word_1_189' title='bbox 1170 1743 1257 1784; x_wconf 90' lang='lat' dir='ltr'>suis</span> <span class='ocrx_word' id='word_1_190' title='bbox 1286 1743 1501 1785; x_wconf 84' lang='lat' dir='ltr'>Ecclesiae</span> <span class='ocrx_word' id='word_1_191' title='bbox 1531 1745 1678 1786; x_wconf 88' lang='lat' dir='ltr'>minis-</span> 
     </span>
     <span class='ocr_line' id='line_1_24' title="bbox 114 1812 1546 1867; baseline 0.001 -11"><span class='ocrx_word' id='word_1_192' title='bbox 114 1815 222 1856; x_wconf 87' lang='lat' dir='ltr'>terio</span> <span class='ocrx_word' id='word_1_193' title='bbox 253 1814 560 1865; x_wconf 80' lang='lat' dir='ltr'>consecrandis,</span> <span class='ocrx_word' id='word_1_194' title='bbox 590 1813 714 1866; x_wconf 87' lang='lat' dir='ltr'>quale</span> <span class='ocrx_word' id='word_1_195' title='bbox 742 1812 824 1854; x_wconf 81' lang='lat' dir='ltr'>fuit</span> <span class='ocrx_word' id='word_1_196' title='bbox 852 1815 1000 1854; x_wconf 87' lang='lat' dir='ltr'>votum</span> <span class='ocrx_word' id='word_1_197' title='bbox 1028 1812 1189 1866; x_wconf 85' lang='lat' dir='ltr'>Annae,</span> <span class='ocrx_word' id='word_1_198' title='bbox 1222 1815 1241 1855; x_wconf 89' lang='lat'>1</span> <span class='ocrx_word' id='word_1_199' title='bbox 1273 1813 1385 1856; x_wconf 81' lang='lat' dir='ltr'>Sam.</span> <span class='ocrx_word' id='word_1_200' title='bbox 1417 1816 1452 1867; x_wconf 89' lang='grc'>1,</span> <span class='ocrx_word' id='word_1_201' title='bbox 1484 1816 1546 1857; x_wconf 85' lang='lat' dir='ltr'>ll.</span> 
     </span>
    </p>

    <p class='ocr_par' dir='ltr' id='par_1_7' title="bbox 114 1884 1682 2299">
     <span class='ocr_line' id='line_1_25' title="bbox 167 1884 1680 1940; baseline 0.001 -12"><span class='ocrx_word' id='word_1_202' title='bbox 167 1885 366 1928; x_wconf 89' lang='lat' dir='ltr'>XXXIX.</span> <span class='ocrx_word' id='word_1_203' title='bbox 401 1884 656 1927; x_wconf 87' lang='lat' dir='ltr'>Posterioris</span> <span class='ocrx_word' id='word_1_204' title='bbox 686 1885 853 1939; x_wconf 85' lang='lat' dir='ltr'>generis</span> <span class='ocrx_word' id='word_1_205' title='bbox 884 1885 1091 1939; x_wconf 82' lang='lat' dir='ltr'>exempla,</span> <span class='ocrx_word' id='word_1_206' title='bbox 1121 1888 1220 1927; x_wconf 90' lang='lat' dir='ltr'>sunt</span> <span class='ocrx_word' id='word_1_207' title='bbox 1248 1887 1291 1927; x_wconf 87' lang='lat' dir='ltr'>in</span> <span class='ocrx_word' id='word_1_208' title='bbox 1320 1887 1430 1928; x_wconf 81' lang='lat' dir='ltr'>votis</span> <span class='ocrx_word' id='word_1_209' title='bbox 1460 1887 1585 1940; x_wconf 89' lang='lat' dir='ltr'>plane</span> <span class='ocrx_word' id='word_1_210' title='bbox 1615 1904 1680 1930; x_wconf 88' lang='lat' dir='ltr'>ar-</span> 
     </span>
     <span class='ocr_line' id='line_1_26' title="bbox 114 1957 1682 2008; baseline 0.002 -9"><span class='ocrx_word' id='word_1_211' title='bbox 114 1957 304 1999; x_wconf 89' lang='lat' dir='ltr'>bitrariis</span> <span class='ocrx_word' id='word_1_212' title='bbox 342 1957 509 2000; x_wconf 87' lang='lat' dir='ltr'>Veteris</span> <span class='ocrx_word' id='word_1_213' title='bbox 546 1957 832 2008; x_wconf 89' lang='lat' dir='ltr'>Testamenti;</span> <span class='ocrx_word' id='word_1_214' title='bbox 861 1957 965 1999; x_wconf 91' lang='lat' dir='ltr'>item</span> <span class='ocrx_word' id='word_1_215' title='bbox 993 1957 1037 1998; x_wconf 87' lang='lat' dir='ltr'>in</span> <span class='ocrx_word' id='word_1_216' title='bbox 1064 1957 1313 1999; x_wconf 86' lang='lat' dir='ltr'>Rechabitis</span> <span class='ocrx_word' id='word_1_217' title='bbox 1344 1958 1393 2000; x_wconf 90' lang='lat' dir='ltr'>de</span> <span class='ocrx_word' id='word_1_218' title='bbox 1423 1959 1682 2002; x_wconf 83' lang='lat' dir='ltr'>abstinentia</span> 
     </span>
     <span class='ocr_line' id='line_1_27' title="bbox 115 2029 1680 2086; baseline 0.001 -15"><span class='ocrx_word' id='word_1_219' title='bbox 115 2045 139 2071; x_wconf 89' lang='lat' dir='ltr'>a</span> <span class='ocrx_word' id='word_1_220' title='bbox 176 2030 289 2081; x_wconf 85' lang='lat' dir='ltr'>vino,</span> <span class='ocrx_word' id='word_1_221' title='bbox 327 2030 434 2082; x_wconf 85' lang='lat' dir='ltr'>uvis,</span> <span class='ocrx_word' id='word_1_222' title='bbox 475 2032 552 2072; x_wconf 89' lang='lat' dir='ltr'>etc.</span> <span class='ocrx_word' id='word_1_223' title='bbox 583 2029 686 2071; x_wconf 90' lang='lat' dir='ltr'>item</span> <span class='ocrx_word' id='word_1_224' title='bbox 716 2030 765 2071; x_wconf 92' lang='lat' dir='ltr'>de</span> <span class='ocrx_word' id='word_1_225' title='bbox 795 2044 881 2071; x_wconf 89' lang='lat' dir='ltr'>non</span> <span class='ocrx_word' id='word_1_226' title='bbox 912 2030 1180 2071; x_wconf 87' lang='lat' dir='ltr'>conserendis</span> <span class='ocrx_word' id='word_1_227' title='bbox 1210 2031 1326 2086; x_wconf 83' lang='lat' dir='ltr'>agris</span> <span class='ocrx_word' id='word_1_228' title='bbox 1356 2033 1429 2072; x_wconf 89' lang='lat' dir='ltr'>aut</span> <span class='ocrx_word' id='word_1_229' title='bbox 1458 2030 1604 2082; x_wconf 88' lang='lat' dir='ltr'>vineis,</span> <span class='ocrx_word' id='word_1_230' title='bbox 1632 2032 1680 2073; x_wconf 92' lang='lat' dir='ltr'>de</span> 
     </span>
     <span class='ocr_line' id='line_1_28' title="bbox 114 2100 1681 2155; baseline 0.001 -13"><span class='ocrx_word' id='word_1_231' title='bbox 114 2116 200 2143; x_wconf 88' lang='lat' dir='ltr'>non</span> <span class='ocrx_word' id='word_1_232' title='bbox 228 2101 496 2144; x_wconf 88' lang='lat' dir='ltr'>aedificandis</span> <span class='ocrx_word' id='word_1_233' title='bbox 526 2101 733 2153; x_wconf 89' lang='lat' dir='ltr'>domibus,</span> <span class='ocrx_word' id='word_1_234' title='bbox 765 2101 815 2142; x_wconf 90' lang='lat' dir='ltr'>de</span> <span class='ocrx_word' id='word_1_235' title='bbox 846 2100 1147 2142; x_wconf 87' lang='lat' dir='ltr'>Tabernaculis</span> <span class='ocrx_word' id='word_1_236' title='bbox 1173 2100 1429 2153; x_wconf 89' lang='lat' dir='ltr'>habitandis,</span> <span class='ocrx_word' id='word_1_237' title='bbox 1456 2104 1548 2153; x_wconf 92' lang='lat' dir='ltr'>etc.,</span> <span class='ocrx_word' id='word_1_238' title='bbox 1576 2117 1681 2155; x_wconf 87' lang='lat' dir='ltr'>quo-</span> 
     </span>
     <span class='ocr_line' id='line_1_29' title="bbox 114 2172 1681 2225; baseline 0.001 -11"><span class='ocrx_word' id='word_1_239' title='bbox 114 2189 209 2215; x_wconf 87' lang='lat' dir='ltr'>rum</span> <span class='ocrx_word' id='word_1_240' title='bbox 242 2174 403 2215; x_wconf 89' lang='lat' dir='ltr'>mentio</span> <span class='ocrx_word' id='word_1_241' title='bbox 428 2173 477 2214; x_wconf 88' lang='lat' dir='ltr'>fit</span> <span class='ocrx_word' id='word_1_242' title='bbox 506 2175 548 2215; x_wconf 91' lang='lat' dir='ltr'>et</span> <span class='ocrx_word' id='word_1_243' title='bbox 577 2173 818 2215; x_wconf 88' lang='lat' dir='ltr'>obedientia</span> <span class='ocrx_word' id='word_1_244' title='bbox 847 2188 871 2214; x_wconf 92' lang='lat' dir='ltr'>a</span> <span class='ocrx_word' id='word_1_245' title='bbox 900 2173 992 2215; x_wconf 90' lang='lat' dir='ltr'>Deo</span> <span class='ocrx_word' id='word_1_246' title='bbox 1021 2173 1217 2214; x_wconf 90' lang='lat' dir='ltr'>laudatur</span> <span class='ocrx_word' id='word_1_247' title='bbox 1246 2172 1331 2214; x_wconf 61' lang='grc'>561.</span> <span class='ocrx_word' id='word_1_248' title='bbox 1362 2174 1439 2225; x_wconf 60' lang='lat'>35„</span> <span class='ocrx_word' id='word_1_249' title='bbox 1469 2173 1549 2215; x_wconf 91' lang='lat' dir='ltr'>etsi</span> <span class='ocrx_word' id='word_1_250' title='bbox 1576 2173 1681 2216; x_wconf 91' lang='lat' dir='ltr'>haec</span> 
     </span>
     <span class='ocr_line' id='line_1_30' title="bbox 115 2244 1245 2299; baseline -0.003 -11"><span class='ocrx_word' id='word_1_251' title='bbox 115 2246 165 2288; x_wconf 90' lang='lat' dir='ltr'>de</span> <span class='ocrx_word' id='word_1_252' title='bbox 195 2245 437 2288; x_wconf 88' lang='lat' dir='ltr'>obedientia</span> <span class='ocrx_word' id='word_1_253' title='bbox 465 2244 643 2299; x_wconf 88' lang='lat' dir='ltr'>politica</span> <span class='ocrx_word' id='word_1_254' title='bbox 671 2259 695 2286; x_wconf 88' lang='lat' dir='ltr'>a</span> <span class='ocrx_word' id='word_1_255' title='bbox 723 2244 938 2286; x_wconf 89' lang='lat' dir='ltr'>nonnullis</span> <span class='ocrx_word' id='word_1_256' title='bbox 969 2244 1245 2297; x_wconf 81' lang='lat' dir='ltr'>explicentur.</span> 
     </span>
    </p>

    <p class='ocr_par' dir='ltr' id='par_1_8' title="bbox 113 2315 1680 2655">
     <span class='ocr_line' id='line_1_31' title="bbox 167 2315 1680 2369; baseline 0 -12"><span class='ocrx_word' id='word_1_257' title='bbox 167 2315 252 2357; x_wconf 87' lang='lat' dir='ltr'>XL.</span> <span class='ocrx_word' id='word_1_258' title='bbox 291 2316 454 2358; x_wconf 88' lang='lat' dir='ltr'>Prioris</span> <span class='ocrx_word' id='word_1_259' title='bbox 492 2316 658 2368; x_wconf 85' lang='lat' dir='ltr'>generis</span> <span class='ocrx_word' id='word_1_260' title='bbox 687 2315 927 2358; x_wconf 89' lang='lat' dir='ltr'>libertatem</span> <span class='ocrx_word' id='word_1_261' title='bbox 956 2318 1058 2358; x_wconf 86' lang='lat' dir='ltr'>voto</span> <span class='ocrx_word' id='word_1_262' title='bbox 1089 2315 1389 2369; x_wconf 84' lang='lat' dir='ltr'>constringere,</span> <span class='ocrx_word' id='word_1_263' title='bbox 1419 2331 1506 2358; x_wconf 89' lang='lat' dir='ltr'>non</span> <span class='ocrx_word' id='word_1_264' title='bbox 1535 2316 1680 2358; x_wconf 86' lang='lat' dir='ltr'>existi-</span> 
     </span>
     <span class='ocr_line' id='line_1_32' title="bbox 113 2386 1679 2441; baseline 0.001 -14"><span class='ocrx_word' id='word_1_265' title='bbox 113 2401 278 2428; x_wconf 90' lang='lat' dir='ltr'>mamus</span> <span class='ocrx_word' id='word_1_266' title='bbox 316 2387 524 2428; x_wconf 90' lang='lat' dir='ltr'>illicitum.</span> <span class='ocrx_word' id='word_1_267' title='bbox 555 2386 666 2428; x_wconf 87' lang='lat' dir='ltr'>Tum</span> <span class='ocrx_word' id='word_1_268' title='bbox 695 2388 794 2439; x_wconf 87' lang='lat' dir='ltr'>quia</span> <span class='ocrx_word' id='word_1_269' title='bbox 822 2402 889 2429; x_wconf 92' lang='lat' dir='ltr'>res</span> <span class='ocrx_word' id='word_1_270' title='bbox 918 2387 1016 2429; x_wconf 90' lang='lat' dir='ltr'>illae</span> <span class='ocrx_word' id='word_1_271' title='bbox 1045 2390 1142 2428; x_wconf 89' lang='lat' dir='ltr'>sunt</span> <span class='ocrx_word' id='word_1_272' title='bbox 1170 2388 1367 2441; x_wconf 89' lang='lat' dir='ltr'>perpetui</span> <span class='ocrx_word' id='word_1_273' title='bbox 1395 2402 1495 2428; x_wconf 91' lang='lat' dir='ltr'>usus</span> <span class='ocrx_word' id='word_1_274' title='bbox 1524 2387 1568 2428; x_wconf 92' lang='lat' dir='ltr'>in</span> <span class='ocrx_word' id='word_1_275' title='bbox 1597 2387 1679 2429; x_wconf 88' lang='lat' dir='ltr'>Ec-</span> 
     </span>
     <span class='ocr_line' id='line_1_33' title="bbox 115 2457 1679 2512; baseline 0.001 -14"><span class='ocrx_word' id='word_1_276' title='bbox 115 2457 242 2499; x_wconf 88' lang='lat' dir='ltr'>clesia</span> <span class='ocrx_word' id='word_1_277' title='bbox 271 2460 312 2499; x_wconf 91' lang='lat' dir='ltr'>et</span> <span class='ocrx_word' id='word_1_278' title='bbox 342 2473 418 2512; x_wconf 88' lang='lat' dir='ltr'>per</span> <span class='ocrx_word' id='word_1_279' title='bbox 447 2457 606 2499; x_wconf 82' lang='lat' dir='ltr'>Christi</span> <span class='ocrx_word' id='word_1_280' title='bbox 635 2458 862 2500; x_wconf 82' lang='lat' dir='ltr'>adventum</span> <span class='ocrx_word' id='word_1_281' title='bbox 887 2473 972 2500; x_wconf 90' lang='lat' dir='ltr'>non</span> <span class='ocrx_word' id='word_1_282' title='bbox 1002 2459 1207 2508; x_wconf 88' lang='lat' dir='ltr'>abolitae;</span> <span class='ocrx_word' id='word_1_283' title='bbox 1233 2461 1325 2500; x_wconf 90' lang='lat' dir='ltr'>tum</span> <span class='ocrx_word' id='word_1_284' title='bbox 1351 2458 1449 2511; x_wconf 89' lang='lat' dir='ltr'>quia</span> <span class='ocrx_word' id='word_1_285' title='bbox 1474 2459 1679 2511; x_wconf 88' lang='lat' dir='ltr'>ejusmodi</span> 
     </span>
     <span class='ocr_line' id='line_1_34' title="bbox 113 2529 1678 2583; baseline 0 -12"><span class='ocrx_word' id='word_1_286' title='bbox 113 2532 214 2571; x_wconf 86' lang='lat' dir='ltr'>vota</span> <span class='ocrx_word' id='word_1_287' title='bbox 239 2530 350 2571; x_wconf 89' lang='lat' dir='ltr'>inter</span> <span class='ocrx_word' id='word_1_288' title='bbox 375 2529 648 2571; x_wconf 87' lang='lat' dir='ltr'>Patriarchas</span> <span class='ocrx_word' id='word_1_289' title='bbox 673 2544 842 2582; x_wconf 87' lang='lat' dir='ltr'>quoque</span> <span class='ocrx_word' id='word_1_290' title='bbox 867 2531 1025 2572; x_wconf 90' lang='lat' dir='ltr'>usitata</span> <span class='ocrx_word' id='word_1_291' title='bbox 1046 2533 1143 2572; x_wconf 88' lang='lat' dir='ltr'>ante</span> <span class='ocrx_word' id='word_1_292' title='bbox 1171 2530 1311 2583; x_wconf 85' lang='lat' dir='ltr'>legem</span> <span class='ocrx_word' id='word_1_293' title='bbox 1341 2530 1469 2571; x_wconf 89' lang='lat' dir='ltr'>latam</span> <span class='ocrx_word' id='word_1_294' title='bbox 1496 2531 1678 2582; x_wconf 81' lang='lat' dir='ltr'>fuerunt,</span> 
     </span>
     <span class='ocr_line' id='line_1_35' title="bbox 113 2601 1678 2655; baseline 0 -14"><span class='ocrx_word' id='word_1_295' title='bbox 113 2601 223 2642; x_wconf 89' lang='lat' dir='ltr'>unde</span> <span class='ocrx_word' id='word_1_296' title='bbox 262 2603 303 2642; x_wconf 90' lang='lat' dir='ltr'>et</span> <span class='ocrx_word' id='word_1_297' title='bbox 331 2601 443 2642; x_wconf 84' lang='lat' dir='ltr'>inter</span> <span class='ocrx_word' id='word_1_298' title='bbox 474 2615 617 2642; x_wconf 89' lang='lat' dir='ltr'>omnes</span> <span class='ocrx_word' id='word_1_299' title='bbox 648 2604 797 2654; x_wconf 83' lang='lat' dir='ltr'>gentes</span> <span class='ocrx_word' id='word_1_300' title='bbox 828 2617 879 2643; x_wconf 80' lang='lat' dir='ltr'>ex</span> <span class='ocrx_word' id='word_1_301' title='bbox 907 2601 1001 2655; x_wconf 83' lang='lat' dir='ltr'>lege</span> <span class='ocrx_word' id='word_1_302' title='bbox 1030 2604 1207 2643; x_wconf 88' lang='lat' dir='ltr'>naturae</span> <span class='ocrx_word' id='word_1_303' title='bbox 1237 2603 1442 2654; x_wconf 88' lang='lat' dir='ltr'>usurpata</span> <span class='ocrx_word' id='word_1_304' title='bbox 1472 2601 1678 2642; x_wconf 86' lang='lat' dir='ltr'>videntur.</span> 
     </span>
    </p>

    <p class='ocr_par' dir='ltr' id='par_1_9' title="bbox 112 2670 1678 3009">
     <span class='ocr_line' id='line_1_36' title="bbox 166 2670 1675 2726; baseline 0.001 -14"><span class='ocrx_word' id='word_1_305' title='bbox 166 2670 273 2713; x_wconf 82' lang='lat' dir='ltr'>XLI.</span> <span class='ocrx_word' id='word_1_306' title='bbox 314 2671 436 2721; x_wconf 81' lang='lat' dir='ltr'>Quod</span> <span class='ocrx_word' id='word_1_307' title='bbox 473 2672 570 2713; x_wconf 88' lang='lat' dir='ltr'>inde</span> <span class='ocrx_word' id='word_1_308' title='bbox 609 2687 778 2725; x_wconf 88' lang='lat' dir='ltr'>quoque</span> <span class='ocrx_word' id='word_1_309' title='bbox 808 2673 974 2714; x_wconf 88' lang='lat' dir='ltr'>suaderi</span> <span class='ocrx_word' id='word_1_310' title='bbox 1002 2675 1168 2726; x_wconf 88' lang='lat' dir='ltr'>potest;</span> <span class='ocrx_word' id='word_1_311' title='bbox 1200 2673 1313 2724; x_wconf 90' lang='lat' dir='ltr'>quod</span> <span class='ocrx_word' id='word_1_312' title='bbox 1341 2687 1482 2714; x_wconf 87' lang='lat' dir='ltr'>rerum</span> <span class='ocrx_word' id='word_1_313' title='bbox 1510 2672 1675 2714; x_wconf 86' lang='lat' dir='ltr'>illarum</span> 
     </span>
     <span class='ocr_line' id='line_1_37' title="bbox 113 2743 1678 2798; baseline 0.001 -14"><span class='ocrx_word' id='word_1_314' title='bbox 113 2743 264 2785; x_wconf 89' lang='lat' dir='ltr'>modus</span> <span class='ocrx_word' id='word_1_315' title='bbox 306 2744 473 2796; x_wconf 87' lang='lat' dir='ltr'>aliquis,</span> <span class='ocrx_word' id='word_1_316' title='bbox 518 2744 724 2797; x_wconf 84' lang='lat' dir='ltr'>exemplis</span> <span class='ocrx_word' id='word_1_317' title='bbox 766 2747 808 2785; x_wconf 93' lang='lat' dir='ltr'>et</span> <span class='ocrx_word' id='word_1_318' title='bbox 849 2744 1090 2798; x_wconf 87' lang='lat' dir='ltr'>praeceptis</span> <span class='ocrx_word' id='word_1_319' title='bbox 1128 2744 1405 2796; x_wconf 84' lang='lat' dir='ltr'>Apostolicis,</span> <span class='ocrx_word' id='word_1_320' title='bbox 1444 2744 1489 2785; x_wconf 90' lang='lat' dir='ltr'>in</span> <span class='ocrx_word' id='word_1_321' title='bbox 1526 2759 1678 2797; x_wconf 84' lang='lat' dir='ltr'>genere</span> 
     </span>
     <span class='ocr_line' id='line_1_38' title="bbox 113 2813 1678 2868; baseline 0.001 -14"><span class='ocrx_word' id='word_1_322' title='bbox 113 2813 264 2855; x_wconf 86' lang='lat' dir='ltr'>saltem</span> <span class='ocrx_word' id='word_1_323' title='bbox 303 2813 432 2855; x_wconf 87' lang='lat' dir='ltr'>fuerit</span> <span class='ocrx_word' id='word_1_324' title='bbox 475 2814 746 2855; x_wconf 89' lang='lat' dir='ltr'>constitutus.</span> <span class='ocrx_word' id='word_1_325' title='bbox 791 2813 1156 2863; x_wconf 82' lang='lat' dir='ltr'>Quemadmodum</span> <span class='ocrx_word' id='word_1_326' title='bbox 1194 2814 1238 2854; x_wconf 86' lang='lat' dir='ltr'>in</span> <span class='ocrx_word' id='word_1_327' title='bbox 1270 2814 1442 2867; x_wconf 86' lang='lat' dir='ltr'>jejuniis</span> <span class='ocrx_word' id='word_1_328' title='bbox 1479 2814 1678 2868; x_wconf 86' lang='lat' dir='ltr'>frequens</span> 
     </span>
     <span class='ocr_line' id='line_1_39' title="bbox 112 2884 1675 2939; baseline 0.001 -13"><span class='ocrx_word' id='word_1_329' title='bbox 112 2884 194 2926; x_wconf 81' lang='lat' dir='ltr'>fuit</span> <span class='ocrx_word' id='word_1_330' title='bbox 231 2885 480 2939; x_wconf 89' lang='lat' dir='ltr'>Apostolus,</span> <span class='ocrx_word' id='word_1_331' title='bbox 522 2885 542 2926; x_wconf 91' lang='lat'>1</span> <span class='ocrx_word' id='word_1_332' title='bbox 582 2884 674 2927; x_wconf 83' lang='lat' dir='ltr'>Cor.</span> <span class='ocrx_word' id='word_1_333' title='bbox 705 2885 740 2935; x_wconf 84' lang='lat'>7,</span> <span class='ocrx_word' id='word_1_334' title='bbox 770 2885 806 2926; x_wconf 83' lang='lat'>5.</span> <span class='ocrx_word' id='word_1_335' title='bbox 837 2887 878 2927; x_wconf 90' lang='grc'>61</span> <span class='ocrx_word' id='word_1_336' title='bbox 905 2887 929 2926; x_wconf 86' lang='grc'><strong>2</strong></span> <span class='ocrx_word' id='word_1_337' title='bbox 959 2885 1052 2926; x_wconf 85' lang='lat' dir='ltr'>Cor.</span> <span class='ocrx_word' id='word_1_338' title='bbox 1082 2885 1144 2934; x_wconf 90' lang='grc'>11,</span> <span class='ocrx_word' id='word_1_339' title='bbox 1174 2885 1236 2926; x_wconf 81' lang='grc'>27.</span> <span class='ocrx_word' id='word_1_340' title='bbox 1267 2885 1318 2926; x_wconf 90' lang='lat' dir='ltr'>de</span> <span class='ocrx_word' id='word_1_341' title='bbox 1347 2884 1603 2927; x_wconf 87' lang='lat' dir='ltr'>liberalitate</span> <span class='ocrx_word' id='word_1_342' title='bbox 1632 2886 1675 2927; x_wconf 91' lang='lat' dir='ltr'>in</span> 
     </span>
     <span class='ocr_line' id='line_1_40' title="bbox 114 2955 1677 3009; baseline 0.001 -13"><span class='ocrx_word' id='word_1_343' title='bbox 114 2958 296 3007; x_wconf 85' lang='lat' dir='ltr'>sanctos,</span> <span class='ocrx_word' id='word_1_344' title='bbox 339 2971 418 3009; x_wconf 87' lang='lat' dir='ltr'>pro</span> <span class='ocrx_word' id='word_1_345' title='bbox 461 2957 627 2998; x_wconf 90' lang='lat' dir='ltr'>divinae</span> <span class='ocrx_word' id='word_1_346' title='bbox 671 2971 772 3009; x_wconf 84' lang='lat' dir='ltr'>erga</span> <span class='ocrx_word' id='word_1_347' title='bbox 813 2962 890 2998; x_wconf 79' lang='lat' dir='ltr'>nos</span> <span class='ocrx_word' id='word_1_348' title='bbox 929 2955 1235 2997; x_wconf 89' lang='lat' dir='ltr'>benedictionis</span> <span class='ocrx_word' id='word_1_349' title='bbox 1277 2955 1416 3007; x_wconf 90' lang='lat' dir='ltr'>modo,</span> <span class='ocrx_word' id='word_1_350' title='bbox 1447 2959 1677 3009; x_wconf 86' lang='lat' dir='ltr'>praecepta</span> 
     </span>
    </p>
   </div>
  </div>
 </body>
</html>
