1931 3224
293 134 357 178 DE
387 135 566 186 QUINQUE
595 134 736 177 FALSIs
765 133 1079 176 PoNTIFICIORUM
1109 132 1397 176 SAcRAMnNTm.
1552 134 1629 176 565

70 261 307 316 optativam
344 263 386 303 et
425 260 749 314 deprecativam,
788 273 874 300 non
912 257 1197 310 indicativam,
1236 258 1296 299 ita
1324 259 1371 298 ut
1399 258 1433 299 si
1461 272 1547 299 11011
1576 258 1631 299 sit

68 332 348 386 deprecativa,
387 346 474 374 non
501 331 651 373 'valeat
691 330 1024 374 Sacramentum.
1063 329 1313 383 Reprobant
1342 328 1631 371 Ecclesiarum

66 404 235 446 illarum
279 403 472 454 formam,
516 417 623 455 quae
662 401 827 443 dicunt:
859 399 1015 454 Ungo
1045 403 1169 442 tuos
1200 401 1411 453 oculos,
1442 402 1519 442 etc.
1548 400 1631 442 nisi

68 474 260 525 addatur,
290 476 347 514 111
375 473 666 526 indulgeat
694 472 800 514 tibi
827 471 983 513 Deus.
1013 472 1091 513 Est
1121 474 1263 513 autem
1286 472 1423 514 forma
1446 474 1630 526 recepta,

67 559 161 599 per
203 546 364 586 istam
403 546 645 585 sanctam
682 544 1015 595 unctionem,
1055 545 1105 584 et
1143 557 1290 584 suam
1327 543 1631 598 piissimam

67 615 531 668 misericordiam,
570 615 850 668 indulgeat
889 614 993 655 tibi
1031 613 1172 656 Deus
1204 614 1472 667 quidquid
1502 615 1631 656 deli·

67 686 243 740 quisti,
268 701 361 741 per
388 686 568 737 visum,
594 686 849 738 auditum,
876 688 1104 739 gustum,
1131 686 1415 729 odoratum
1444 690 1630 730 01100-

66 760 187 809 tum,
216 749 394 798 Amen.
418 756 520 798 Non
549 759 613 799 est
636 758 779 798 tamen
804 759 966 799 certum
982 772 1036 799 an
1050 757 1191 810 verba,
1208 773 1302 812 per
1325 759 1631 812 piissimam

67 843 212 870 suam
249 828 710 880 misericordiam,
741 828 826 870 sint
856 829 1116 879 esse11tialia3
1148 829 1228 871 etsi
1259 845 1306 871 ea
1336 830 1544 882 omittere,
1575 830 1631 873 sit

66 899 364 953 gravissimum
394 898 543 951 scelus,
574 899 632 940 de
663 898 928 952 Goninck,
957 899 1072 941 dub.
1102 900 1139 941 4.

119 969 254 1013 ΧΧΧ.
283 970 480 1012 Minister
516 969 679 1022 iisdem,
715 970 840 1012 debet
871 985 959 1013 esse
989 970 1192 1014 Sacerdos
1221 971 1273 1013 ab
1303 972 1520 1026 Episcopo
1550 973 1629 1015 rite

67 1042 297 1093 ordinatus,
328 1044 370 1083 et
398 1041 533 1083 multo
563 1042 699 1094 magis
728 1043 908 1095 ipsemet
936 1042 1189 1096 Episcopus,
1220 1044 1264 1084 in
1288 1058 1371 1096 quo
1395 1044 1630 1086 necessaria

65 1115 130 1154 est
157 1113 397 1155 intentio
426 1112 672 1154 faciendi
699 1114 839 1165 quod
864 1113 1129 1166 Ecclesia,
1157 1116 1234 1156 etc.
1261 1114 1466 1157 Sacerdos
1486 1118 1628 1157 autem

63 1185 188 1227 debet
217 1200 305 1227 esse
334 1187 587 1235 curatus,
617 1186 691 1225 aut
723 1184 787 1226 cui
817 1184 900 1226 hoc
928 1200 1080 1226 munus
1109 1185 1181 1227 ille
1210 1186 1488 1238 delegaverit3
1521 1190 1630 1229 esset

63 1259 208 1298 tamen
246 1256 567 1299 Sacramentum
605 1256 693 1297 sine
732 1256 866 1297 curati
905 1256 1089 1309 licentia,
1121 1258 1200 1298 etsi
1231 1259 1630 1301 excommunicatio-

63 1343 172 1380 nem,
215 1328 309 1381 ipso
351 1327 478 1379 facto,
522 1327 756 1369 incurreret
796 1326 990 1369 minister
1032 1328 1338 1381 incompetens,
1384 1328 1628 1383 Suscipiens

8 1428 9 1431 =
43 1402 205 1443 autem
243 1400 576 1451 Sacramentum,
608 1399 732 1440 debet
762 1413 852 1440 esse
880 1400 1047 1441 morti
1076 1399 1447 1453 propinquus,
1477 1401 1628 1443 saltem

63 1472 137 1525 qui
176 1471 370 1513 credatur
407 1486 496 1513 esse
524 1471 568 1511 in
597 1470 748 1512 mortis
777 1470 978 1525 periculo,
1009 1486 1059 1513 ex
1088 1471 1252 1523 morbo,
1284 1486 1334 1513 ex
1364 1471 1547 1524 vulnere,
1579 1487 1627 1513 ex

62 1545 203 1597 partu,
248 1543 314 1584 vel
359 1557 409 1584 ex
447 1544 684 1594 senectute3
724 1556 810 1583 non
847 1544 991 1584 tamen
1030 1542 1181 1594 infans,
1222 1543 1294 1595 qui
1331 1558 1505 1596 peccare
1543 1558 1628 1585 non

18 1662 20 1666 ¹
62 1617 226 1669 potest3
266 1617 339 1656 aut
377 1628 534 1667 amens,
573 1614 656 1655 nisi
686 1614 729 1655 in
761 1614 946 1656 dilucido
975 1614 1224 1665 intervallo;
1255 1628 1341 1655 non
1368 1614 1627 1668 suspenden-

64 1688 139 1730 dus
177 1690 251 1729 aut
291 1686 430 1740 capite
458 1685 706 1739 plectendus
735 1684 853 1737 (quia
881 1685 986 1726 tales
1017 1684 1222 1727 decedunt
1247 1685 1407 1737 judicio
1436 1686 1624 1739 integro)

62 1773 149 1801 non
178 1758 363 1800 existens
392 1758 436 1798 in
465 1757 635 1798 notorio
665 1756 838 1798 mortali
867 1758 1054 1809 peccato.

114 1828 270 1872 XXXI.
301 1828 493 1878 Quatuor
523 1828 695 1870 effectus
724 1827 852 1880 hujus
882 1828 946 1869 sui
977 1827 1240 1870 Sacramenti
1269 1827 1450 1870 faciunt:
1478 1829 1513 1869 1.
1537 1828 1626 1870 Ex-

63 1902 303 1956 pulsionem
342 1900 618 1953 reliquiarum
658 1914 708 1941 ex
747 1899 932 1953 peccatis
971 1899 1292 1941 remanentium.
1322 1900 1358 1941 2.
1389 1899 1627 1943 Sanitatem

64 1974 228 2016 animae
267 1973 320 2015 ad
357 1972 516 2014 malum
551 1986 724 2025 pronae,
765 1974 806 2013 et
845 1971 994 2025 pigrae
1032 1972 1085 2012 ad
1122 1971 1292 2013 bonum.
1323 1972 1359 2013 3.
1389 1971 1626 2014 Sanitatem

64 2046 268 2100 corporis,
299 2044 372 2086 ubi
402 2044 567 2085 animae
598 2043 725 2085 saluti
751 2042 958 2097 expediat.
989 2043 1025 2083 4.
1056 2042 1278 2083 Auxilium
1308 2045 1457 2084 contra
1486 2046 1626 2085 tenta-

63 2117 201 2159 tiones
227 2118 269 2158 et
293 2114 510 2158 daemonis
535 2114 828 2168 aggressiones
856 2128 959 2166 quas
983 2113 1111 2154 homo
1136 2115 1229 2154 tum
1253 2114 1427 2166 patitur,
1454 2113 1488 2156 T
1503 2115 1624 2156 0101.

62 2187 323 2230 Instruct.
364 2185 574 2228 Sacerd.
614 2184 720 2227 Lib.
759 2185 794 2226 7.
835 2200 942 2245 cap.
979 2185 1015 2226 4.
1054 2183 1103 2225 In
1140 2184 1206 2226 his
1236 2187 1377 2227 autem
1407 2185 1625 2228 effectibus

62 2274 148 2302 non
187 2258 442 2301 conveniunt
482 2270 626 2298 omnes
667 2255 895 2308 Pontificii,
934 2270 1011 2297 nec
1038 2255 1150 2297 inter
1182 2270 1252 2298 eos
1283 2258 1462 2307 constat,
1488 2271 1542 2298 an
1570 2257 1627 2299 sit

63 2332 177 2373 certa
220 2332 261 2371 et
298 2328 534 2370 infallibilis
571 2342 714 2381 necne,
754 2327 988 2380 corporalis
1025 2327 1196 2380 sanitas,
1234 2328 1276 2369 vi
1312 2328 1438 2380 hujus
1476 2327 1625 2370 Sacra-

0 2408 2 2410 '
61 2402 207 2453 menti,
233 2416 286 2442 an
310 2399 653 2442 conditionaliter
675 2401 844 2441 tantum
867 2399 1158 2452 promittatur.
1184 2398 1276 2448 Qua
1301 2399 1351 2440 de
1374 2413 1418 2440 re
1435 2397 1625 2452 disputat

61 2472 260 2515 Bellarm.
301 2473 448 2513 contra
487 2470 700 2512 Dominio.
738 2485 762 2511 a
800 2469 905 2513 Soto
937 2484 1043 2523 cap.
1073 2470 1109 2511 6.
1142 2470 1201 2511 de
1232 2472 1452 2512 extrem.
1482 2472 1622 2512 unct.

61 2543 126 2586 De
163 2543 301 2599 specie
330 2544 614 2597 peccatorum,
646 2556 827 2594 quorum
856 2541 1059 2595 reliquiae
1086 2542 1376 2593 remittuntur,
1407 2542 1625 2585 decertant

61 2631 116 2658 an
153 2615 238 2657 sint
275 2614 457 2657 venialia
492 2616 674 2666 tantum,
715 2613 829 2666 quod
867 2613 1038 2666 quidam
1068 2613 1238 2664 volunt3
1269 2628 1323 2655 an
1354 2613 1482 2655 etiam
1509 2628 1623 2656 mor-

61 2687 178 2739 talia,
208 2687 322 2740 quod
350 2686 567 2740 plerique,
583 2685 695 2727 inter
720 2699 826 2737 quos
851 2684 1047 2727 Bellarm.
1066 2685 1165 2738 quia
1180 2685 1294 2726 nulla
1308 2685 1543 2727 necessaria
1560 2688 1624 2727 est

61 2773 171 2800 nova
212 2757 369 2800 infusio
408 2757 572 2811 gratiae
611 2756 664 2797 ad
701 2755 876 2798 delenda
913 2756 1106 2807 venialia,
1146 2756 1324 2809 proinde
1361 2771 1438 2799 1100
1474 2756 1623 2800 Sacra-

60 2831 218 2871 mento.

112 2899 290 2942 XXXII.
328 2900 449 2942 Talia
488 2899 763 2952 proposuisse
800 2900 880 2941 etsi
909 2899 961 2940 ad
989 2898 1292 2941 refutationem
1322 2899 1517 2953 sufficiat,
1549 2900 1621 2942 ad-

61 2971 206 3014 demus
238 2972 382 3014 tamen
418 2970 523 3012 haec
560 2984 708 3023 pauca,
748 2971 782 3011 1.
823 2970 1085 3012 conditiones
1124 2970 1167 3011 in
1205 2985 1305 3012 vero
1345 2970 1618 3014 Sacramento
