1931 3224
266 124 344 163 664
860 124 1103 167 D1spnm=1o
1132 123 1220 166 LII.

266 249 385 288 extra
423 247 503 289 Dei
541 248 716 290 verbum
753 249 1030 301 inquirendus
1066 263 1153 290 non
1182 249 1250 302 sit,
1280 264 1366 291 non
1396 249 1639 291 dubitamus
1666 251 1824 301 tamen,

266 319 368 371 quin
406 335 456 360 ex
494 318 618 360 certis
658 318 697 361 S.
727 319 972 373 Scripturae
999 320 1299 372 fundamentis,
1329 335 1396 362 res
1423 321 1518 374 ipsa
1546 321 1650 363 satis
1680 321 1821 374 colligi

265 390 402 443 possit
430 392 471 431 et
499 390 792 432 demonstrari.

317 461 422 502 XLI.
461 460 575 502 Nam
613 460 818 514 Christus,
856 462 1146 515 Patriarchae,
1184 463 1424 518 Prophetae
1465 466 1508 506 et
1534 464 1748 517 Apostoli,
1777 468 1826 507 ut

265 535 390 573 antea
427 532 659 574 indicatum
697 536 771 585 est,
813 549 937 575 suum
974 549 1139 588 semper
1168 535 1424 588 peculiarem
1451 535 1603 585 locum,
1633 537 1823 590 gradum,

265 607 306 646 et
345 605 535 646 ordinem
572 605 615 646 111
652 605 734 647 hoc
770 606 993 648 beatorum
1024 610 1148 649 coetu
1177 622 1225 649 ac
1253 607 1469 661 πανηγύρει
1499 607 1762 659 1611116011111;
1785 612 1827 651 et

265 677 457 719 Christus
494 691 660 730 semper
689 677 769 718 erit
798 677 952 720 Pastor
981 679 1052 721 ille
1079 679 1214 721 bonus
1244 680 1317 732 qui
1343 682 1572 736 cognoscet
1601 694 1700 722 oves
1729 696 1826 723 suas

265 751 306 790 et
336 750 617 800 cognoscetur
646 748 698 789 ab
727 749 792 800 iis,
822 748 921 790 Joh.
954 750 1014 791 10.
1044 753 1180 792 Moses
1211 752 1253 792 et
1281 750 1399 792 Elias
1425 766 1520 793 cum
1544 751 1712 793 Christo
1739 767 1826 794 ser-

264 819 466 862 mocinati
505 821 616 870 sunt,
658 822 700 861 et
738 820 790 861 ab
828 820 1051 874 Apostolis
1091 821 1265 875 cogniti,
1304 821 1429 864 Matt.
1470 822 1532 874 17,
1572 823 1606 864 7.
1646 825 1687 865 et
1727 823 1825 866 Luc.

264 894 299 941 9,
341 892 404 932 32.
447 890 667 932 Abraham
708 891 916 933 Lazarum
954 892 1142 945 agnovit,
1181 892 1279 934 Luc.
1318 893 1380 934 16.
1420 893 1584 935 Divites
1621 893 1764 936 fideles
1803 911 1827 937 a

263 962 522 1016 pauperibus
551 962 745 1004 fidelibus
775 963 928 1015 quibus
952 963 1259 1015 benefecerant,
1286 963 1330 1004 in
1356 966 1529 1006 aeterna
1552 964 1827 1008 tabernacula

265 1034 534 1089 recipientur,
574 1032 671 1075 Luc.
712 1034 773 1085 16,
813 1035 850 1075 9.
881 1036 922 1076 61
951 1033 1350 1076 Thessalonicenses
1379 1035 1514 1077 futuri
1542 1038 1640 1077 sunt
1671 1051 1827 1079 corona

267 1106 429 1160 gloriae
466 1105 589 1146 Pauli
627 1106 670 1146 in
707 1105 780 1147 illo
820 1105 898 1158 die,
939 1107 959 1147 1
998 1105 1146 1148 Thess.
1186 1107 1223 1158 2,
1263 1107 1325 1148 19.
1355 1107 1514 1160 Angeli
1543 1122 1713 1160 quoque
1742 1122 1827 1150 non

266 1181 433 1220 tantum
471 1192 513 1218 se
550 1179 699 1219 mutuo
737 1179 908 1229 norunt,
948 1178 1020 1219 sed
1050 1180 1091 1219 et
1120 1178 1277 1219 electos
1309 1193 1453 1220 omnes
1480 1179 1632 1221 ultimo
1663 1180 1729 1221 die
1757 1194 1828 1222 00-

267 1249 429 1303 gnituri
467 1251 577 1299 sunt,
618 1251 659 1290 et
703 1264 725 1290 a
763 1249 959 1302 reprobis
997 1249 1246 1302 separaturi,
1285 1249 1408 1291 Matt.
1440 1251 1502 1302 13,
1530 1251 1595 1292 41.
1626 1253 1668 1293 et
1696 1251 1826 1294 Marc.

269 1322 330 1372 13,
360 1321 424 1362 27.
454 1320 612 1361 Paulus
641 1321 685 1361 in
715 1320 964 1362 Paradisum
988 1323 1138 1374 raptus
1163 1335 1250 1363 non
1273 1323 1442 1363 tantum
1465 1321 1571 1364 vidit
1596 1322 1827 1376 Christum,

268 1393 339 1434 sed
379 1395 420 1434 et
458 1392 620 1434 audivit
659 1406 765 1445 quae
802 1406 927 1434 nemo
967 1391 1188 1433 hominum
1229 1391 1371 1444 eloqui
1400 1394 1557 1444 potest,
1588 1394 1612 1434 2
1638 1393 1732 1435 Gor.
1765 1395 1826 1436 12.

267 1467 309 1506 et
350 1464 393 1505 in
435 1463 614 1517 Apocal.
659 1464 761 1506 ordo
802 1465 939 1505 certus
978 1463 1090 1504 inter
1127 1463 1275 1505 beatos
1314 1463 1504 1516 Angelos
1544 1467 1586 1506 et
1622 1464 1827 1517 homines,

266 1536 370 1577 item
404 1535 717 1586 sermocinatio,
752 1550 799 1577 ac
832 1534 1048 1585 Boiiomylx
1088 1538 1129 1577 et
1154 1534 1414 1588 judiciorum
1442 1534 1524 1577 Dei
1554 1550 1603 1578 ac
1629 1536 1827 1579 benefici-

268 1622 389 1649 orum
420 1609 508 1659 ejus
537 1607 819 1660 singularium
849 1607 1164 1660 depraedicatio
1193 1607 1355 1660 passim
1379 1607 1573 1649 refertur.

318 1678 449 1721 XLII.
478 1678 570 1721 Nec
597 1693 696 1720 vero
726 1681 895 1720 tantum
923 1678 1099 1720 mentali
1128 1693 1322 1720 sermone
1351 1693 1502 1721 usuros
1533 1679 1712 1722 Sanctos
1741 1683 1828 1723 sta-

266 1751 435 1803 tuimus,
465 1751 537 1793 sed
567 1750 694 1792 etiam
723 1750 879 1800 vocali3
911 1750 1012 1802 quia
1039 1750 1211 1804 linguae
1240 1765 1340 1792 usus
1368 1766 1455 1793 non
1481 1751 1730 1801 abolebitur,
1756 1752 1829 1794 sed

265 1823 520 1877 perficietur,
564 1824 613 1863 ut
656 1837 706 1863 ex
748 1821 1036 1875 superioribus
1078 1819 1180 1863 satis
1223 1822 1369 1875 liquet.
1415 1822 1507 1871 Qua
1544 1838 1643 1866 vero
1682 1824 1829 1877 lingua

265 1894 379 1936 beati
409 1894 494 1935 sint
521 1893 650 1944 usuri,
681 1907 767 1935 non
803 1893 864 1934 ita
892 1895 1055 1934 certum
1084 1896 1159 1945 est,
1192 1893 1270 1935 etsi
1301 1896 1464 1935 certum
1493 1895 1559 1946 sit,
1583 1895 1829 1948 linguarum

264 1967 515 2007 varietatem
545 1980 652 2018 quae
682 1979 732 2006 ex
757 1967 932 2017 peccato
960 1968 1034 2017 est,
1060 1964 1218 2007 ibidem
1241 1967 1510 2018 cessaturam,
1537 1981 1586 2008 ex
1614 1966 1823 2019 Apostolo

269 2038 288 2078 1
329 2036 422 2078 Cor.
462 2038 523 2088 13,
561 2037 623 2078 18.
664 2036 786 2078 Unde
826 2039 866 2078 et
906 2037 1077 2089 quidam
1114 2051 1200 2078 non
1232 2036 1579 2090 'improbabiliter
1618 2039 1827 2093 colligunt

266 2109 487 2151 Hebraeae
517 2108 689 2161 linguae
717 2124 841 2150 usum
869 2124 1126 2161 mansurum,
1158 2110 1257 2162 quia
1285 2110 1321 2151 is
1352 2125 1402 2151 ex
1432 2112 1606 2163 peccato
1637 2125 1723 2152 non
1753 2115 1828 2164 est,

267 2184 341 2232 est,
373 2183 414 2222 et
444 2180 543 2233 quia
573 2179 765 2221 Christus
794 2181 1013 2233 alloquens
1044 2196 1065 2223 e
1095 2181 1221 2223 coelis
1252 2181 1444 2233 Paulum,
1475 2181 1548 2234 qui
1576 2184 1719 2224 tamen
1745 2183 1829 2224 011-

268 2254 366 2306 gine
409 2254 589 2294 Grraecus
633 2255 735 2304 erat,
778 2253 924 2306 lingua
965 2253 1178 2295 Hebraica
1222 2256 1287 2296 est
1324 2269 1435 2306 usus,
1474 2255 1828 2308 quemadmodum

267 2324 501 2378 Apostolus
531 2338 729 2376 expresse
757 2326 893 2375 notat,
923 2324 1069 2366 Actor.
1099 2326 1162 2377 26,
1194 2326 1257 2367 14.

320 2395 468 2437 XLIII.
498 2395 563 2437 De
591 2395 778 2437 vestibus
813 2396 941 2438 etiam
970 2396 1164 2438 nonnulli
1188 2397 1419 2451 disputant,
1446 2398 1545 2451 quia
1569 2398 1725 2452 Angeli
1751 2398 1829 2441 ho-

266 2467 451 2509 minibus
494 2468 537 2509 in
581 2468 740 2509 vestitu
778 2469 901 2509 niveo
941 2470 982 2509 et
1019 2468 1203 2522 fulgenti
1243 2484 1409 2522 semper
1447 2472 1746 2525 apparuerunt,
1788 2472 1830 2512 et

266 2539 365 2591 quia
400 2537 591 2580 Christus
628 2539 673 2579 in
711 2539 1087 2592 transfiguratione
1128 2555 1203 2582 sua
1241 2555 1335 2582 011111
1373 2540 1492 2582 Μο36
1531 2543 1572 2583 613
1605 2541 1714 2593 Elia,
1743 2556 1830 2583 non

266 2612 434 2651 tantum
470 2609 681 2663 fulgorem
720 2610 764 2651 in
803 2625 993 2664 corpore,
1032 2611 1103 2653 sed
1133 2613 1261 2654 etiam
1289 2612 1332 2653 in
1360 2612 1518 2653 vestitu
1546 2612 1734 2666 glorioso
1765 2611 1829 2653 in-

267 2681 371 2733 duit,
412 2679 767 2734 quemadmodum
804 2682 1106 2736 Evangelistae
1143 2686 1308 2736 notant,
1345 2683 1468 2725 Matt.
1500 2684 1561 2737 17,
1591 2685 1628 2725 2.
1659 2685 1701 2725 613
1729 2684 1828 2726 Luc.

268 2755 305 2804 9,
342 2753 406 2794 29.
440 2752 713 2795 Ρ1·006011101
741 2756 884 2795 tamen
913 2755 1080 2796 videtur
1109 2754 1288 2797 aliorum
1318 2755 1540 2807 sententia,
1571 2755 1643 2808 qui
1672 2755 1829 2797 vestitu

271 2825 385 2866 omni
429 2825 635 2866 carituros
674 2825 821 2867 beatos
861 2826 1062 2877 sentiunt,
1101 2825 1205 2868 haec
1244 2840 1345 2868 vero
1378 2828 1618 2878 οἰκονομικῶς
1660 2828 1829 2867 tantum

270 2896 383 2936 facta
421 2896 626 2948 judicant,
670 2911 722 2938 ne
762 2897 983 2938 hominum
1020 2899 1290 2951 peccatorum
1332 2897 1462 2939 oculis
1499 2897 1611 2938 nuda
1649 2910 1829 2949 corpora

272 2965 576 3017 objicerentur:
616 2968 659 3008 in
695 2967 839 3009 futuro
878 2983 977 3009 vero
1008 2968 1160 3020 seculo,
1189 2968 1263 3009 ubi
1292 2983 1436 3010 onmes
1465 2968 1625 3022 peccati
1656 2968 1828 3009 effectus
