1931 3224
552 157 615 199 DE
644 157 907 199 MAcisTRA'rU
935 156 1136 200 Pommco.
1544 158 1619 199 621

120 281 261 333 Sexta,
304 281 418 334 quod
459 281 657 324 Pastores,
699 285 916 336 praesunt,
959 282 1031 323 ubi
1074 282 1216 335 agitur
1254 282 1303 323 de
1343 281 1622 332 conscientia3

67 351 347 406 Magistratus
375 355 528 405 autem,
558 353 631 394 ubi
660 353 710 395 de
740 368 917 407 corpore
946 353 1199 406 disputatur.

120 423 292 466 XLVII.
321 423 400 465 His
429 426 515 466 tres
543 424 652 466 aliae
681 425 942 467 differentiae
970 424 1094 467 rebus
1123 425 1175 466 ad
1198 424 1413 467 Ecclesiae
1438 424 1625 478 discipli-

68 510 167 537 nam
195 495 487 548 spectantibus
517 496 799 538 annectendae
827 499 944 538 sunt:

121 566 286 608 Harum
322 565 467 608 Prima
505 569 580 618 est,
619 567 734 619 quod
771 568 944 621 proprie
969 568 1039 620 jus
1069 569 1124 610 sit
1153 583 1282 621 penes
1311 568 1511 609 Pastores
1542 567 1626 609 dis-

70 637 270 690 ciplinam
305 636 648 680 Ecclesiasticam
686 653 769 680 una
807 653 899 680 cum
941 653 1015 680 suo
1055 638 1335 691 presbyterio,
1375 653 1425 679 ex
1461 637 1559 679 fidei
1585 639 1627 679 et

70 723 212 751 sacrae
251 709 467 752 doctrinae
506 709 703 763 analogia
741 710 1012 752 decernendi:
1050 709 1329 763 Magistratus
1358 723 1471 760 vero,
1500 723 1628 761 penes

71 795 197 833 quem
232 783 295 822 est
324 796 487 823 summa
516 781 685 835 imperii
713 784 917 835 potestas,
948 781 1214 834 disciplinam
1242 782 1372 832 illam,
1404 783 1476 822 aut
1505 794 1628 833 prae-

70 865 164 893 sens
202 852 454 905 approbare,
493 855 566 894 aut
605 852 755 895 absens
795 853 1034 894 examinare
1063 854 1212 906 possit,
1242 855 1283 894 et
1313 852 1348 894 si
1379 852 1480 904 quid
1508 852 1552 892 in
1582 866 1629 892 ea

66 924 162 975 jure
201 923 473 975 desideretur,
513 939 537 965 a
575 923 824 966 Pastoribus
864 925 1059 978 exigere,‘
1084 926 1132 965 ut
1169 923 1274 966 illud
1314 938 1364 965 ex
1402 922 1521 964 verbi
1549 921 1629 964 Dei

72 994 270 1048 analogia
300 995 490 1046 addatur,
521 995 586 1037 vel
615 996 872 1037 emendetur.

128 1063 318 1106 Secunda
348 1068 422 1117 est,
454 1066 566 1118 quod
595 1066 714 1108 verbi
745 1067 983 1108 administri
1011 1081 1095 1108 una
1126 1081 1222 1107 cum
1251 1080 1326 1107 suo
1356 1065 1629 1119 Presbyterio

72 1150 214 1177 servos
244 1135 413 1187 Christi,
443 1138 534 1178 tum
564 1151 588 1177 a
618 1136 874 1190 Magistratu
904 1137 1017 1178 civili
1047 1137 1222 1178 eandem
1251 1137 1502 1190 religionem
1531 1151 1630 1190 pro-

71 1207 231 1258 fitente,
269 1210 361 1248 tum
400 1208 452 1249 ab
491 1207 682 1250 Ecclesia
720 1223 796 1250 sua
833 1208 1107 1262 approbatos,
1147 1223 1391 1250 consecrare
1429 1208 1630 1250 debeant:

72 1276 351 1331 Magistratus
379 1293 493 1330 vero,
524 1279 575 1320 ad
605 1279 858 1321 conferenda
886 1280 1103 1322 Ecclesiae
1131 1295 1306 1322 munera
1335 1295 1421 1331 sua,
1452 1295 1536 1322 non
1564 1296 1632 1322 so-

72 1348 159 1390 lum
197 1349 510 1403 intercessione,
551 1351 624 1393 sed
653 1352 781 1394 etiam
810 1353 1064 1394 auctoritate
1093 1367 1167 1394 sua
1197 1353 1260 1394 uti
1288 1352 1438 1406 possit,
1470 1355 1511 1394 et
1541 1368 1633 1394 cor-

72 1421 262 1474 ruptelas
299 1422 504 1476 impedire
543 1425 616 1464 aut
655 1425 879 1477 corrigere,
916 1425 951 1465 si
991 1439 1097 1477 quae
1129 1425 1240 1466 civili
1270 1425 1634 1466 animadversione

74 1491 228 1545 dignae
255 1492 553 1535 interveniant.

127 1563 283 1616 Tertia,
316 1565 430 1617 quod
458 1565 502 1606 in
526 1565 720 1608 Ecclesia
744 1566 920 1619 pacifica
945 1567 1158 1619 Pastores,
1186 1569 1397 1609 annuente
1421 1569 1635 1620 potestate

75 1632 200 1685 civili,
241 1635 518 1677 conventibus
546 1635 856 1680 Ecclesiasticis
886 1653 910 1679 a
939 1637 1200 1694 Magistratu
1229 1638 1398 1680 indictis
1428 1654 1512 1679 una
1540 1653 1635 1680 cum

76 1704 349 1758 Presbyter-io
379 1710 582 1752 interesse
621 1712 750 1762 atque
787 1709 831 1750 in
870 1710 921 1751 iis
960 1710 1009 1752 de
1038 1710 1229 1751 doctrina
1260 1725 1306 1752 ac
1334 1710 1524 1752 moribus
1553 1710 1635 1751 Ec-

76 1781 227 1824 clesiae
265 1781 470 1834 dispicere
508 1780 710 1823 debeant:
748 1781 792 1822 in
829 1781 1020 1823 Ecclesia
1057 1796 1156 1823 vero
1186 1781 1436 1835 perturbata
1464 1784 1505 1823 et
1534 1782 1636 1823 scis-

76 1856 189 1896 mate
225 1853 460 1904 laborante,
500 1852 781 1906 Magistratus
817 1853 954 1906 possit
991 1853 1338 1906 religiosissimos
1369 1867 1560 1905 quosque
1589 1867 1637 1894 ac

77 1925 432 1979 prudentissimos
462 1925 718 1979 Theologos,
749 1924 953 1976 Ecclesia,
984 1925 1015 1966 si
1046 1925 1137 1967 fieri
1165 1927 1321 1978 potest,
1352 1924 1632 1978 approbante,

79 1997 132 2039 ad
155 1996 374 2051 Synodum
404 2011 648 2048 convocare,
672 1996 911 2049 horumque
928 1996 1205 2038 conventibus
1219 1996 1434 2047 interesse,
1452 1998 1579 2048 atque
1594 1996 1637 2036 in

79 2068 144 2120 iis,
182 2070 361 2122 urgente
390 2069 655 2120 necessitate,
681 2068 820 2121 quoad
837 2071 1055 2110 externam
1071 2067 1283 2110 actionem
1299 2081 1346 2108 ac
1363 2066 1638 2109 directionem

81 2153 296 2193 praeesse:
337 2141 387 2182 ad
427 2140 668 2194 exemplum
709 2139 977 2182 Constantini
1016 2139 1164 2193 Magni
1193 2153 1321 2192 supra
1351 2138 1634 2192 propositum.

135 2209 328 2252 XLVIII.
357 2210 522 2263 Honor,
552 2212 625 2264 qui
653 2211 824 2264 utrique
853 2210 1062 2252 functioni
1093 2210 1281 2261 debetur,
1307 2224 1392 2251 non
1417 2211 1492 2261 est,
1519 2223 1639 2250 coae-

83 2281 234 2334 qualis.
278 2280 391 2323 Nam
434 2283 559 2324 sicuti
600 2283 717 2325 verbi
761 2283 892 2324 divini
929 2281 1167 2323 administri
1208 2281 1324 2322 nullo
1363 2294 1438 2321 suo
1477 2280 1640 2333 pollent

81 2352 274 2406 imperio,
315 2353 374 2395 sic
406 2368 483 2395 nec
514 2352 783 2395 conscientiis
812 2352 1045 2403 hominum,
1076 2351 1229 2404 quibus
1252 2351 1428 2393 verbum
1456 2350 1537 2392 Dei
1568 2350 1640 2392 ad-

82 2423 339 2473 ministrant,
369 2423 579 2465 dominari
609 2423 775 2475 debent,
808 2424 829 2464 1
860 2422 950 2464 Pet.
980 2423 1016 2474 5,
1045 2423 1082 2464 2.

136 2494 197 2535 At
239 2495 447 2547 potestati
485 2495 596 2536 civili
634 2495 678 2536 in
716 2494 983 2536 subditorum
1020 2508 1192 2535 suorum
1226 2508 1406 2547 corpora
1445 2508 1493 2535 ac
1529 2493 1641 2535 bona

84 2564 308 2618 imperiam
338 2580 362 2606 a
389 2565 481 2607 Deo
507 2580 752 2608 concessum
776 2567 850 2618 est,
875 2564 998 2607 Rom.
1025 2565 1087 2617 13,
1111 2565 1148 2606 4.
1174 2564 1359 2617 Adhaec,
1384 2567 1432 2606 ut
1456 2564 1642 2619 dignitas

84 2636 383 2679 Ecclesiastica
421 2639 623 2690 paternae
652 2636 899 2679 auctoritati
929 2636 1108 2678 similior
1138 2638 1213 2688 est,
1244 2651 1371 2689 quam
1398 2636 1554 2689 regiae,
1583 2635 1642 2677 sic

87 2708 175 2750 sola
216 2709 465 2760 reverentia,
504 2709 722 2750 docilitate
761 2711 802 2750 et
839 2708 1091 2757 honorari03
1129 2710 1321 2761 potestas
1357 2722 1458 2749 vero
1496 2707 1641 2759 civilis,

88 2794 196 2832 quae
234 2794 328 2821 cum
364 2779 545 2833 imperio
584 2782 626 2821 et
662 2780 884 2832 majestate
923 2781 986 2820 est
1025 2779 1259 2831 conjuncta,
1297 2793 1321 2820 a
1349 2778 1528 2832 subditis
1558 2792 1644 2820 non

86 2852 255 2892 tantum
285 2851 488 2904 obsequio
518 2854 560 2893 et
584 2851 876 2902 submissione,
902 2850 974 2892 sed
1000 2850 1128 2891 etiam
1150 2850 1411 2892 tributorum
1434 2849 1643 2891 solutione

89 2922 170 2963 coli
200 2922 336 2975 debet,
362 2924 485 2976 juxta
515 2921 674 2964 Christi
699 2922 953 2975 exemplum,
979 2921 1103 2963 Matt.
1130 2922 1192 2974 17,
1215 2922 1278 2963 27.
1305 2923 1432 2974 atque
1458 2921 1646 2974 ejusdem

92 2996 379 3047 praeceptum,
404 2993 543 3036 Date
568 2993 799 3046 Caesari,
825 2993 963 3047 quod
989 2991 1645 3046 estCaesaris,Matt.22,21.
