1931 3224
229 137 308 179 318
802 138 1042 182 DIsPUTATm
1070 137 1227 181 XXXI.

231 261 322 314 agit
346 261 494 318 stricto
514 263 621 314 jure,
647 263 814 304 etiamsi
838 266 1061 316 paternam
1086 264 1176 316 ejus
1198 262 1539 318 indignationem
1563 263 1793 316 incurrant,

231 335 397 374 reatum
434 332 718 375 damnabilem
755 333 1025 385 contrahant,
1065 336 1334 387 praesentem
1367 334 1419 375 ad
1446 349 1627 388 regnum
1655 335 1793 377 coelo-

230 418 325 445 rum
361 403 686 457 ingrediendum
727 404 1011 457 aptitudinem
1047 405 1259 457 amittant,
1299 406 1334 447 si
1371 406 1416 447 in
1453 421 1497 448 se
1527 406 1794 449 consideren-

230 476 321 524 tur;
352 476 394 515 et
421 474 465 515 in
493 474 567 516 illo
597 475 829 517 interstitio
858 477 956 517 ante
984 475 1083 517 fidei
1112 491 1160 518 ac
1188 476 1478 529 poenitentiae
1506 480 1648 519 actum
1671 492 1795 520 reno-

230 547 390 597 vatum,
431 544 563 586 talem
600 548 881 599 peccatorem,
921 546 1002 588 etsi
1039 547 1231 600 electum,
1270 548 1555 590 damnationis
1597 549 1796 591 meritum

231 615 500 658 circumferre
539 617 817 668 concedimus,
849 617 928 658 etsi
954 617 1077 660 firmo
1107 617 1187 660 Dei
1217 620 1441 672 proposito
1470 620 1515 661 in
1544 619 1713 661 Christo
1739 619 1795 661 sit

230 686 532 738 absolvendus3
561 688 633 729 sed
661 690 891 741 postquam
923 703 973 730 ex
997 688 1078 730 Dei
1103 689 1369 732 ordinatione
1394 693 1435 732 et
1460 691 1599 744 gratia
1622 690 1796 732 redierit

231 757 276 798 in
312 759 437 808 viam,
477 773 553 811 per
592 761 844 800 renovatum
882 759 980 801 fidei
1014 762 1056 801 et
1086 760 1354 803 obedientiae
1383 765 1525 804 actum
1552 762 1794 814 secundum,

231 829 349 881 cujus
389 831 507 870 actus
547 829 722 883 primus,
761 845 903 872 semen
937 832 1286 885 regenerationis,
1316 836 1479 874 sartum
1506 836 1668 875 tectum
1696 846 1795 874 con-

230 902 442 952 servatur,
472 915 566 942 cum
594 900 983 944 fundamentalibus
1011 903 1099 945 illis
1130 904 1263 956 donis,
1294 904 1383 946 sine
1414 904 1566 957 quibus
1595 905 1685 946 vita
1709 904 1795 958 spi-

228 971 397 1013 ritualis
437 987 524 1014 non
564 973 768 1022 consistit,
801 974 928 1026 idque
956 989 1042 1016 non
1072 990 1122 1016 ex
1150 975 1373 1017 hominum
1400 975 1588 1018 fidelium
1617 975 1794 1033 arbitrio

231 1045 272 1084 et
311 1043 543 1095 voluntate,
587 1044 658 1085 sed
703 1059 754 1086 ex
798 1045 974 1098 speciali
1015 1044 1097 1087 Dei
1141 1061 1297 1099 amore,
1343 1046 1486 1089 divina
1534 1046 1794 1100 operatione,

229 1113 473 1167 Christique
499 1115 801 1158 intercessione
831 1119 872 1158 et
902 1117 1106 1159 custodia.

282 1185 479 1227 XXXIX.
511 1185 567 1227 Et
594 1187 699 1228 haec
729 1187 900 1240 quidem
924 1188 973 1229 de
997 1189 1176 1230 materia
1198 1188 1536 1243 perseverantiae
1564 1203 1671 1241 quae
1696 1189 1796 1231 sub-

225 1257 330 1309 J‘ecti
366 1257 576 1299 rationem
605 1257 749 1300 habet.
781 1257 1006 1311 objectum
1033 1261 1177 1301 autem
1205 1260 1391 1313 ejusdem
1420 1263 1518 1302 sunt
1546 1260 1795 1313 promissio-

228 1343 302 1370 nes
342 1329 508 1382 gratiae
547 1329 726 1371 divinae.
766 1329 882 1379 Quae
920 1345 1007 1372 non
1039 1333 1207 1372 tantum
1234 1331 1396 1373 habent
1425 1331 1723 1374 certitudinem
1751 1332 1795 1373 in

228 1400 509 1453 promittente
549 1402 590 1442 et
629 1400 673 1441 in
707 1415 749 1442 se
778 1401 896 1454 ipsis,
927 1401 998 1443 sed
1028 1401 1156 1443 etiam
1186 1404 1325 1444 certae
1355 1405 1453 1444 sunt
1482 1403 1794 1456 perseveranti;

227 1471 341 1512 inter
384 1485 488 1523 quas
533 1471 662 1512 etiam
703 1472 1021 1525 promissiones,
1061 1487 1109 1514 ea
1147 1488 1254 1526 quae
1293 1474 1343 1515 de
1371 1474 1688 1527 perseverantia
1718 1477 1794 1527 est,

230 1542 482 1594 continetur,
528 1557 635 1595 quae
679 1558 775 1584 cum
818 1546 932 1585 certa
969 1544 1024 1585 sit
1061 1544 1105 1585 in
1143 1559 1198 1595 se,
1227 1559 1316 1586 non
1343 1548 1512 1587 tantum
1542 1545 1796 1598 quibusdam

227 1614 422 1656 fidelibus
461 1629 511 1656 ex
549 1614 723 1667 speciali
765 1615 992 1668 privilegio
1033 1617 1121 1669 ejus
1150 1616 1448 1659 certitudinem
1476 1616 1703 1670 specialem
1730 1617 1795 1658 in-

229 1685 391 1727 dultam
435 1699 535 1737 esse,
580 1686 653 1727 sed
697 1686 826 1728 etiam
870 1686 1060 1740 quemvis
1100 1687 1300 1739 fidelium,
1339 1689 1381 1729 et
1418 1687 1570 1729 debere
1599 1690 1641 1730 et
1669 1702 1794 1742 posse

228 1758 342 1798 certo
373 1771 460 1798 esse
488 1771 738 1809 persuasum
767 1757 816 1799 de
846 1758 1048 1800 electione
1079 1761 1120 1800 et
1149 1759 1466 1813 perseverantia
1494 1773 1581 1810 sua,
1608 1772 1694 1800 non
1719 1758 1795 1799 du-

227 1827 413 1869 bitamus
456 1842 651 1880 asserere,
694 1828 845 1870 iisdem
886 1830 1148 1882 argumentis
1191 1829 1431 1880 innitentes,
1476 1830 1629 1882 quibus
1670 1831 1795 1871 antea

226 1899 325 1941 fidei
368 1899 418 1941 de
458 1899 804 1941 reconciliatione
846 1902 994 1942 nostra
1033 1901 1334 1943 certitudinem
1368 1901 1642 1956 probavimus
1680 1900 1794 1942 thesi

226 1971 289 2012 30.
333 1972 374 2012 et
416 1985 533 2024 seqq.
576 1970 810 2013 Promanat
855 1971 967 2013 enim
1004 1971 1213 2014 certitudo
1242 1972 1592 2025 perseverantiae,
1623 1987 1674 2013 ex
1701 1971 1795 2025 ipsa

226 2041 419 2094 specialis
455 2042 554 2084 fidei
590 2044 755 2093 natura,
793 2044 946 2095 utpote
985 2057 1093 2095 quae
1130 2042 1264 2085 fertur
1291 2057 1378 2085 non
1406 2045 1573 2085 tantum
1602 2045 1701 2085 actu
1729 2042 1792 2084 di-

225 2115 342 2155 recto
371 2113 415 2154 in
443 2128 533 2155 rem
560 2114 827 2166 promissam,
858 2114 931 2156 sed
961 2115 1002 2155 et
1031 2116 1128 2155 actu
1156 2114 1312 2156 reflexo
1342 2116 1386 2156 in
1411 2130 1530 2157 suam
1555 2114 1793 2169 apprehen-

226 2183 409 2235 sionem;
450 2187 713 2238 quapropter
743 2185 881 2238 quivis
909 2184 1044 2227 fidelis
1074 2185 1148 2238 qui
1179 2185 1228 2227 de
1255 2185 1407 2228 intimo
1436 2186 1536 2228 fidei
1564 2201 1663 2228 suae
1694 2189 1791 2228 actu

225 2258 364 2298 certus
407 2258 480 2309 est,
524 2256 622 2298 fidei
664 2271 835 2309 quoque
871 2271 970 2299 suae
1007 2256 1289 2299 certissimam
1326 2254 1692 2301 conservationem
1719 2258 1793 2300 fir-

226 2327 353 2369 miter
382 2326 551 2370 credere
581 2329 738 2381 potest.

276 2398 364 2441 XL.
402 2398 498 2442 Hoc
525 2398 850 2441 fundamentum
881 2399 962 2442 etsi
992 2400 1283 2454 unusquisque
1311 2401 1448 2443 fidelis
1479 2415 1646 2455 semper
1673 2400 1718 2442 in
1747 2414 1791 2442 se

224 2470 395 2526 habeat,
432 2471 617 2513 fatemur
653 2473 809 2524 tamen,
848 2486 936 2513 non
974 2486 1138 2525 semper
1167 2472 1212 2514 in
1241 2474 1383 2515 actum
1413 2472 1525 2514 exire
1553 2472 1664 2514 hanc
1692 2471 1792 2514 fidei

224 2543 554 2596 persuasionem.
594 2541 711 2593 Quae
748 2542 876 2585 etiarn
905 2557 999 2584 cum
1027 2542 1071 2584 in
1100 2546 1241 2586 actum
1270 2543 1368 2596 exit,
1397 2558 1484 2585 non
1512 2543 1644 2586 habet
1670 2543 1790 2585 illum

226 2614 493 2657 certitudinis
523 2615 715 2669 gradum,
749 2614 822 2668 qui
851 2628 1020 2657 omnem
1049 2616 1254 2657 contrarii
1280 2615 1552 2658 formidinem
1580 2615 1788 2669 perpetuo

227 2686 440 2737 excludat3
485 2686 557 2728 sed
600 2685 827 2739 aliquando
869 2686 1011 2728 vivida
1050 2688 1114 2728 est
1151 2687 1269 2739 fides,
1308 2687 1536 2740 aliquando
1575 2685 1789 2738 languida,

226 2757 453 2811 aliquando
482 2757 527 2799 in
556 2754 818 2818 gravissimis
845 2756 1156 2799 tentationibus
1185 2759 1326 2800 actum
1356 2772 1478 2799 suum
1505 2771 1592 2799 non
1620 2756 1788 2809 exserit,

223 2828 269 2870 in
307 2828 461 2881 quibus
498 2828 643 2871 fideles
679 2828 789 2871 hanc
821 2828 920 2870 fidei
952 2829 1220 2883 πληροφορίαν
1254 2831 1296 2871 et
1329 2828 1671 2883 perseverantiae
1701 2843 1789 2871 cer-

223 2899 452 2941 titudinem
487 2914 575 2942 non
603 2914 769 2954 semper
799 2900 1000 2952 sentiunt,
1030 2914 1136 2953 quos
1163 2903 1307 2943 tamen
1336 2900 1450 2943 Deus
1479 2899 1608 2942 Pater
1640 2914 1789 2942 conso-

222 2970 447 3022 lationum,
486 2985 650 3024 supra
686 2971 832 3013 vires
860 2971 1069 3013 tentari
1098 2986 1202 3013 non
1232 2971 1387 3024 sinit,
1417 2971 1509 3013 sed
1537 2973 1788 3014 (311111ὓο11-
