1931 3224
499 123 562 165 DE
592 122 740 165 Dwm
772 121 1177 165 PRAEDESTINATIONE.
1559 123 1636 164 235

71 249 144 291 sed
162 247 310 302 judicii
332 247 455 289 liberi
480 251 597 290 actus
624 250 699 300 est,
727 247 1083 300 quemadmodum
1098 246 1333 300 Apostolus
1348 248 1522 299 indicat,
1539 261 1634 288 cum

73 319 187 371 dicit,
211 319 289 360 An
311 333 415 361 non
438 318 603 360 habet
627 321 962 372 potestatem
989 318 1200 372 figulus
1227 334 1286 360 ex
1313 320 1498 361 eodem
1521 319 1636 361 luto

71 389 314 432 faciendi
354 389 503 431 aliud
543 389 757 442 quidem
794 404 886 431 vas
925 390 987 431 ad
1025 390 1207 441 decus,
1237 390 1391 431 aliud
1420 405 1544 432 vero
1576 391 1638 432 ad

60 448 331 502 dedecus?
373 461 496 503 Rom.
539 462 576 512 9,
619 461 683 502 21.
727 464 781 513 et,
825 461 956 510 Quis
997 461 1150 515 prior
1192 461 1344 503 dedit
1387 462 1454 513 ei,
1499 462 1639 514 quod

72 531 420 573 retribuatur
463 532 539 573 ei?
580 531 703 573 Rom.
746 532 809 573 11.
852 533 916 574 35.
959 532 1144 574 Rursum
1187 535 1340 585 autem,
1382 547 1433 574 ex
1471 533 1636 586 peccati

73 602 299 656 singularis
343 604 384 644 et
425 601 609 655 praevisi
650 603 910 644 incremento
953 603 1006 644 ad
1048 606 1209 645 certum
1252 618 1421 657 quoque
1458 604 1638 658 gradum

73 688 234 727 poenae
259 673 504 726 quempiam
529 674 752 725 destinare,
773 675 966 727 justitiae
982 675 1283 727 vindicatricis,
1299 690 1386 718 non
1401 675 1638 728 injustitiae

72 744 183 786 actio
222 746 296 796 est,
342 745 698 797 quemadmodum
734 746 777 787 id
805 745 1041 800 Apostolus
1070 747 1228 788 ibidem
1258 748 1394 798 notat,
1426 746 1562 796 Quid
1596 747 1639 787 si

72 814 216 856 Deus
244 815 433 856 volens
465 817 755 858 ostendere
781 817 934 868 iram,
960 819 1010 858 et
1033 819 1215 858 notam
1240 817 1424 858 facere
1449 820 1639 870 poten-

72 886 206 927 tiam
244 900 414 938 suam,
452 887 622 928 multa
653 887 891 929 lenitate
920 888 1159 941 pertulit
1187 903 1314 929 vasa
1342 888 1456 929 irae
1486 902 1639 941 coag-

72 960 317 999 mentata
355 958 416 999 ad
452 958 775 1000 interitum?
813 958 936 1001 Rom.
974 959 1012 1011 9,
1047 960 1110 1000 22.
1140 959 1176 1000 si
1206 959 1384 1012 pertulit
1413 960 1549 1001 multa
1579 960 1639 1001 le-

72 1029 220 1081 nitate,
264 1043 366 1082 ergo
409 1031 451 1070 et
491 1029 535 1070 in
577 1044 651 1070 sua
692 1029 976 1083 praescientia
1020 1030 1243 1072 abutentes
1283 1031 1426 1073 divina
1464 1031 1639 1073 lenitate

72 1100 264 1153 pertulit,
295 1102 337 1141 et
366 1099 425 1141 sic
453 1100 624 1142 tandem
652 1100 705 1141 ad
733 1100 956 1142 interitum
980 1102 1143 1154 justum
1173 1101 1397 1143 ordinavit.

126 1169 234 1212 LIV.
263 1170 358 1212 Hoc
385 1173 433 1212 ut
460 1174 574 1213 recte
603 1171 881 1226 intelligatur,
915 1173 1141 1227 diligenter
1165 1173 1401 1215 notandum
1427 1176 1502 1223 est,
1528 1173 1639 1215 hanc

73 1243 421 1296 praeteritionem
456 1257 543 1284 non
582 1258 749 1285 omnem
789 1244 973 1300 gratiam
1011 1245 1055 1286 in
1095 1245 1339 1298 praeteritis
1378 1245 1527 1287 tollere
1565 1248 1639 1286 aut

72 1327 242 1367 negare,
282 1313 354 1354 sed
392 1328 484 1355 eam
520 1316 688 1356 tantum
728 1329 836 1367 quae
876 1315 1020 1358 electis
1059 1318 1122 1357 est
1160 1316 1396 1369 peculiaris.
1436 1316 1500 1358 Ea
1538 1331 1637 1358 vero

75 1398 182 1436 quae
210 1398 286 1437 per
312 1385 546 1426 communis
570 1386 860 1439 providentiae
885 1387 1310 1439 administrationem,
1333 1387 1420 1429 sive
1445 1389 1522 1429 sub
1547 1389 1640 1442 lege

73 1458 264 1505 naturae,
304 1456 392 1498 sive
431 1456 509 1498 sub
549 1458 689 1510 gratia
726 1458 997 1512 Evangelica,
1027 1459 1274 1501 hominibus
1302 1460 1420 1502 vario
1450 1460 1637 1501 dimenso

73 1527 354 1580 dispensatur,
391 1542 467 1581 per
503 1527 617 1570 hunc
653 1528 971 1581 praeteritionis
1011 1532 1152 1572 actum
1189 1545 1276 1572 non
1314 1530 1527 1581 adimitur,
1567 1531 1640 1572 sed

73 1598 217 1651 potius
255 1599 637 1652 praesupponitur:
677 1599 776 1651 quia
807 1614 894 1641 non
924 1600 1057 1652 electi,
1089 1601 1164 1642 sub
1196 1601 1269 1642 illa
1298 1601 1510 1643 communi
1538 1616 1638 1655 pro-

73 1669 284 1711 videntiae
324 1669 489 1712 divinae
527 1670 847 1723 gubernatione,
888 1673 929 1713 et
969 1672 1136 1713 arbitrii
1165 1672 1230 1713 sui
1261 1671 1476 1723 exercitio,
1506 1673 1637 1714 relin-

74 1743 274 1794 quuntur.

127 1812 213 1855 LV.
251 1812 370 1855 Haec
408 1816 551 1855 autem
589 1815 823 1856 communis
862 1814 1156 1868 providentiae
1198 1815 1511 1857 administratio
1546 1830 1639 1857 eam

72 1884 374 1926 beneficiorum
421 1887 694 1927 externorum
738 1888 867 1938 atque
904 1886 1171 1928 internorum
1212 1887 1641 1929 communicationem

75 1970 241 2010 semper
278 1957 548 2009 conjunctam
584 1956 726 2008 habet,
766 1972 872 2009 quae
910 1957 953 1998 in
991 1960 1144 1999 natura
1183 1957 1352 2011 quidem
1390 1959 1559 2012 integra
1589 1959 1641 2000 ad

75 2027 253 2069 salutem
277 2027 525 2080 sufficiebat,
551 2031 599 2070 ut
623 2028 667 2070 in
691 2028 867 2082 Angelis
892 2029 1072 2082 rejectis,
1099 2031 1140 2071 et
1157 2043 1311 2082 genere
1328 2029 1515 2072 humano
1531 2033 1641 2081 toto,

73 2099 119 2141 in
156 2099 295 2152 primo
332 2101 509 2153 parente
548 2101 647 2141 ante
675 2100 841 2152 lapsum
871 2099 1149 2152 considerato,
1181 2100 1453 2142 manifestum
1484 2103 1567 2151 est3
1597 2102 1642 2143 in

75 2173 229 2212 natura
265 2185 365 2212 vero
405 2173 618 2224 corrupta,
652 2173 773 2213 tanta
811 2171 976 2223 reliqua
1006 2171 1119 2213 facta
1149 2174 1224 2223 est,
1255 2174 1328 2213 aut
1356 2174 1534 2214 naturae
1563 2172 1640 2213 sub

74 2241 309 2296 Evangelio
350 2242 634 2296 superaddita,
675 2244 724 2283 ut
761 2243 877 2284 omni
917 2242 1200 2284 excusationis
1243 2245 1470 2296 praetextu
1500 2258 1640 2285 coram

77 2313 219 2355 divino
254 2313 414 2366 judicio
450 2313 601 2354 nudati
629 2328 678 2355 ac
707 2313 866 2366 privati
895 2313 992 2365 sint,
1024 2314 1379 2366 quemadmodum
1406 2314 1641 2368 Apostolus

75 2385 270 2435 testatur,
310 2383 404 2425 Act.
443 2384 506 2435 14,
543 2384 607 2426 27.
647 2383 769 2426 Rom.
810 2385 844 2434 1,
882 2385 944 2426 20.
986 2387 1027 2426 et
1066 2386 1105 2436 2,
1142 2385 1178 2426 1.
1216 2384 1324 2427 Item
1354 2384 1382 2426 J
1386 2385 1453 2426 oh.
1485 2385 1547 2436 15,
1577 2385 1640 2427 22.

78 2456 100 2496 1
131 2453 224 2496 Cor.
253 2454 292 2505 4,
321 2454 357 2495 3.
391 2456 433 2495 et
462 2454 575 2496 alibi.
988 2503 992 2508 x

129 2523 238 2567 LVI.
269 2525 412 2578 Atque
435 2525 531 2567 ideo
554 2529 667 2568 recte
692 2526 888 2580 Synodus
912 2527 1186 2580 Arausicana,
1214 2542 1301 2570 can.
1327 2527 1391 2569 25.
1427 2527 1641 2570 definivit:

76 2596 313 2650 Aliquos
351 2596 537 2638 divina
564 2600 849 2651 potestate
878 2599 939 2640 ad
968 2599 1163 2640 malum
1192 2598 1641 2651 praedestinatos

80 2683 217 2720 esse,
255 2683 359 2710 non
397 2671 609 2710 tantum
646 2683 749 2711 non
789 2670 1078 2721 credimus,
1109 2670 1198 2711 sed
1228 2670 1270 2711 si
1301 2669 1421 2722 quis
1449 2670 1523 2711 sit
1551 2670 1642 2723 qui

78 2742 293 2782 tantum
327 2741 521 2782 malum
560 2740 780 2782 credere
816 2742 972 2791 velit,
1012 2741 1057 2783 ei
1087 2756 1198 2783 cum
1228 2741 1374 2782 omni
1404 2741 1642 2783 detesta-

78 2811 230 2854 tione
267 2812 570 2854 Anathema
608 2811 847 2854 dicimus.
885 2811 1000 2854 Nam
1039 2814 1212 2865 peccata
1251 2812 1490 2854 communia
1526 2811 1641 2854 Deus

78 2882 123 2924 in
160 2882 242 2924 illis
278 2883 453 2935 invenit,
492 2897 578 2924 non
615 2882 729 2934 fecit,
767 2885 815 2924 ut
854 2885 979 2924 antea
1016 2882 1278 2932 monuimus3
1319 2884 1360 2924 et
1397 2882 1496 2925 licet
1525 2882 1642 2925 Deus

82 2968 132 2995 ex
166 2955 282 3007 justo
318 2969 393 2996 suo
419 2954 592 3008 judicio,
623 2954 703 2996 etsi
730 2953 854 2996 nobis
886 2954 1064 3005 occulto,
1095 2967 1165 2995 eos
1195 2953 1376 3007 amplius
1406 2954 1570 2996 deserat
1600 2956 1642 2996 et
