1931 3224
289 123 368 165 512
863 122 1110 164 Dispu'rArm
1138 122 1267 164 XLV.

289 248 390 300 ria,
419 247 557 300 legem
588 246 671 287 toti
700 245 1014 288 Christianitati
1041 247 1086 288 in
1116 261 1240 288 omne
1266 261 1416 288 aevum
1439 247 1628 301 figentia,
1655 262 1702 290 ac
1727 262 1850 289 usum

288 317 500 371 finemque
528 318 652 370 hujus
683 316 946 360 Sacramenti
975 318 1246 360 declarantia.

342 387 540 430 XXXIII.
590 388 655 430 Ac
704 389 878 442 primo
923 389 1094 442 quidem
1138 389 1367 432 universim
1410 390 1576 443 dicitur,
1619 393 1668 432 et
1711 391 1852 432 dixit

290 460 422 513 (quod
451 459 623 501 auribus
652 459 719 513 fit)
751 460 911 502 scilicet
941 460 1254 514 Discipulis
1284 461 1416 511 suis3
1444 461 1663 514 sequentia
1687 476 1851 516 nempe,

291 547 374 585 quo
413 532 567 584 agendi
594 531 841 573 institutum
868 532 1132 574 innotescere
1159 535 1324 586 posset:
1368 532 1641 575 Sacramenta
1671 534 1783 575 enim
1813 535 1854 575 et

290 604 617 645 sacramentales
643 603 830 645 actiones
855 618 949 646 cum
974 604 1058 645 sint
1091 604 1202 646 κατὰ
1239 602 1443 653 συνθήκην,
1477 619 1535 646 ex
1561 604 1852 656 instituto,

289 674 402 715 nuda
440 676 481 715 et
515 674 659 715 inania
695 690 838 716 rerum
875 675 1017 717 forent
1055 676 1298 729 spectacula
1325 676 1407 717 nisi
1435 675 1564 717 verba
1595 675 1853 717 accederent.

289 745 413 786 Dixit
450 748 593 786 autem
622 745 912 799 intelligenter
942 749 983 788 et
1013 749 1158 800 aperte
1188 762 1236 788 ac
1265 747 1385 798 clare,
1414 762 1501 789 non
1529 747 1754 800 peregrina
1783 746 1856 788 sed

290 815 430 868 patria
470 818 511 857 et
547 816 704 857 usitata
733 816 881 870 lingua
911 832 1022 869 usus,
1052 820 1100 858 ut
1131 818 1183 859 ab
1214 818 1410 859 omnibus
1438 833 1486 859 ea
1514 818 1855 871 intelligerentur

291 903 338 929 ac
381 889 714 941 perciperentur.
757 889 877 930 Alias
919 889 962 930 in
1003 905 1159 931 vanum
1196 890 1301 932 haec
1340 892 1449 931 esset
1478 889 1854 931 submurmuratio.

291 957 524 1012 Speciatiin
564 974 664 1001 vero
708 974 791 1001 vox
834 959 999 1001 dicendi
1035 960 1169 1001 relata
1209 960 1261 1002 ad
1297 960 1545 1001 mandatum
1582 959 1857 1012 subsequens,

291 1029 404 1071 idem
431 1030 546 1072 valet
576 1045 626 1072 ex
655 1030 858 1072 idiomate
886 1030 1097 1083 Hebraeo,
1129 1031 1254 1084 quod,
1280 1032 1419 1085 jussit,
1451 1032 1594 1074 edixit.

346 1100 544 1142 XXXIV.
584 1101 723 1151 Quare
760 1101 976 1154 Papistae,
1017 1102 1090 1154 qui
1127 1102 1260 1144 instar
1290 1102 1518 1156 Magorum
1548 1105 1589 1145 et
1617 1103 1857 1145 incantato-

292 1187 400 1224 rum,
439 1172 491 1214 ad
527 1188 682 1226 panem
712 1175 754 1214 et
789 1173 976 1225 calicem,
1003 1176 1217 1215 creaturas
1244 1174 1466 1216 insensiles
1497 1177 1538 1216 et
1568 1174 1745 1227 alloquii
1772 1189 1859 1216 non

295 1259 482 1298 capaceS,
520 1244 627 1286 haec
655 1245 797 1297 verba,
825 1244 938 1287 Hoc
968 1247 1048 1287 est
1079 1245 1216 1287 enim
1246 1260 1443 1300 corpus
1471 1261 1658 1298 meum,
1690 1246 1859 1288 admur-

293 1318 476 1367 murant,
506 1318 547 1357 et
577 1315 712 1357 aliena
736 1315 884 1370 lingua
909 1331 956 1357 ac
979 1316 1109 1357 tacite
1132 1316 1237 1358 haec
1258 1316 1525 1369 eloquuntur,
1543 1319 1692 1359 contra
1706 1316 1858 1370 Apost.

297 1387 317 1427 1
349 1386 441 1428 Cor.
472 1387 533 1438 14,
563 1387 600 1427 6.
633 1388 710 1428 etc.
741 1387 908 1439 quidvis
937 1388 1080 1440 potius
1109 1389 1256 1440 agunt,
1287 1401 1415 1439 quani
1444 1402 1608 1429 sacrum
1638 1388 1720 1429 1100
1745 1403 1859 1442 mys-

295 1457 449 1499 terium
478 1460 702 1511 peragunt.

349 1527 525 1570 XXXV.
563 1527 691 1569 Inde
725 1528 847 1582 jubet
881 1528 1013 1581 (quod
1041 1529 1217 1583 insuper
1244 1531 1407 1571 tactum
1438 1530 1618 1585 spectat)
1647 1530 1862 1585 Accipi-

296 1603 370 1652 te,
413 1599 574 1641 scilicet
617 1614 775 1652 omnes,
820 1602 861 1641 et
904 1600 1073 1653 quidem
1115 1600 1228 1642 hunc
1265 1616 1420 1654 panem
1458 1604 1499 1643 et
1535 1601 1647 1643 hunc
1675 1602 1861 1655 calicem,

299 1687 424 1725 quem
451 1687 580 1713 manu
610 1674 735 1713 teneo
767 1674 808 1713 et
838 1671 958 1713 vobis
988 1671 1171 1726 praebeo
1201 1672 1246 1713 in
1275 1687 1424 1714 manus
1453 1675 1625 1726 vestras,
1649 1688 1734 1715 non
1759 1673 1863 1715 item

299 1758 383 1785 ore.
423 1741 545 1791 Quod
584 1742 719 1795 exigit
747 1743 863 1784 vocis
895 1746 962 1785 τοῦ
998 1742 1131 1793 λαβεῖ
1156 1743 1399 1796 proprietas
1427 1744 1665 1785 necessario
1691 1744 1743 1785 ad
1765 1759 1862 1798 pre-

295 1814 544 1856 hensionem
579 1828 686 1866 quae
715 1829 845 1855 manu
872 1813 925 1855 fit
952 1814 1184 1866 referenda,
1214 1814 1351 1866 sicuti,
1382 1814 1551 1867 edite,
1581 1814 1780 1864 bibite,
1811 1814 1864 1856 ad

299 1885 586 1939 sumptionem
617 1899 724 1937 quae
753 1885 802 1926 fit
831 1899 914 1926 ore.
944 1884 1052 1927 Item
1080 1885 1192 1926 ratio
1221 1885 1415 1927 sumendi
1445 1885 1528 1927 cibi
1557 1900 1632 1939 per
1655 1885 1863 1939 ingestio-

296 1971 394 1999 nem
435 1956 480 1997 in
521 1970 580 2007 OS,
625 1955 781 1997 adultis
818 1971 905 1998 non
944 1955 1216 2005 conveniens;
1246 1955 1386 1997 forma
1416 1955 1664 2007 discubitus,
1696 1970 1780 2008 quo
1811 1954 1864 1996 ad
1911 2004 1913 2007 Υ

300 2028 489 2069 omnium
531 2027 575 2068 in
618 2027 827 2069 ambitum
866 2027 1099 2080 jacentium
1140 2042 1214 2068 ora
1250 2027 1470 2068 commode
1508 2026 1750 2079 pertingere
1777 2041 1864 2068 non
1925 2042 1931 2050 ²

299 2099 463 2152 potuit3
502 2097 658 2140 veteris
695 2097 910 2140 Ecclesiae
947 2098 1104 2151 praxis,
1135 2100 1176 2139 et
1203 2098 1434 2139 hodiernae
1466 2100 1585 2139 extra
1613 2096 1861 2139 Romanam.

299 2169 401 2212 Non
437 2184 536 2211 vero
571 2169 824 2211 sacrificium
854 2171 928 2221 est,
958 2172 1007 2211 ut
1037 2184 1167 2222 quum
1198 2169 1431 2211 offerantur
1457 2168 1562 2210 haec
1591 2169 1644 2210 ab
1674 2169 1864 2223 Aposto-

299 2241 351 2282 lis
389 2241 645 2294 accipienda,
684 2256 771 2283 non
807 2243 950 2282 autem
987 2240 1092 2282 Deo.
1132 2241 1275 2293 Atque
1303 2241 1347 2282 in
1374 2240 1456 2282 hoc
1485 2240 1686 2282 mandato
1717 2240 1766 2282 de
1796 2255 1864 2282 ac-

301 2313 495 2367 ceptione
523 2313 718 2355 fidelibus
746 2313 873 2364 facto,
905 2315 968 2354 est
997 2313 1156 2354 Christi
1186 2313 1307 2366 quasi
1334 2312 1379 2353 in
1406 2326 1556 2354 manus
1583 2313 1864 2365 potestatem-

301 2399 382 2437 que
423 2384 593 2436 delatio,
637 2387 678 2426 et
719 2399 796 2438 per
832 2384 972 2436 fidem,
1011 2400 1119 2438 quae
1157 2384 1322 2426 animae
1349 2399 1498 2426 manus
1527 2386 1602 2436 est,
1630 2383 1864 2437 perceptio,

300 2455 400 2498 Joh.
429 2456 466 2507 1,
497 2456 559 2497 11.
591 2456 652 2497 12.

354 2526 552 2569 XXXVI.
598 2526 750 2579 Itaque
793 2527 1089 2580 superstitiose
1133 2526 1298 2581 Papani
1340 2526 1514 2579 faciunt,
1559 2526 1631 2579 qui
1673 2526 1864 2579 privatas

301 2598 451 2639 missas
488 2597 706 2649 inducunt,
745 2597 844 2639 dum
882 2598 1140 2640 sacrificulus
1177 2612 1274 2639 arae
1313 2598 1513 2639 assistens
1552 2597 1667 2638 solus
1706 2597 1792 2638 edit
1823 2600 1865 2639 et

301 2670 431 2711 bibit:
471 2671 620 2712 contra
660 2668 874 2711 Christum
913 2672 954 2712 et
984 2670 1295 2723 antiquitatem.
1325 2669 1386 2711 Ut
1417 2671 1458 2711 et
1485 2669 1547 2709 illi
1580 2668 1652 2721 qui
1682 2683 1776 2710 cum
1805 2668 1864 2710 eis

302 2741 538 2795 papissant,
568 2741 759 2783 fidelium
784 2741 981 2782 manibus
1008 2743 1227 2795 negantes,
1259 2740 1371 2793 quod
1405 2740 1468 2782 ori
1492 2739 1718 2793 praebent:
1746 2739 1867 2792 quasi

304 2827 454 2854 manus
497 2827 569 2854 ore
610 2812 864 2865 impuriores
907 2813 1004 2864 sint,
1044 2827 1151 2865 quae
1180 2826 1312 2865 aeque
1341 2810 1535 2852 fidelibus
1564 2810 1864 2863 sanctificatae,

304 2883 428 2925 Matt.
459 2884 521 2935 15,
552 2884 614 2925 18.
645 2885 708 2925 20.
737 2883 828 2926 Jac.
857 2884 895 2936 3,
925 2884 987 2925 10.
1019 2886 1061 2925 et
1089 2883 1479 2926 administrantium
1502 2896 1650 2923 manus
1674 2882 1865 2935 puriores

307 2954 392 2995 sint
433 2969 560 3007 quam
602 2955 865 3009 reliquorum
906 2955 1121 2997 Ecclesiae
1158 2955 1456 2997 membrorum.
1496 2953 1589 3003 Quo
1628 2954 1732 2996 adeo
1768 2953 1867 2996 fidei
