1931 3224
627 108 691 150 Dm
720 107 989 150 Pssovmnuru
1018 107 1110 150 Dm.
1590 114 1639 154 91

85 235 161 286 sio,
205 248 313 286 quae
356 233 485 275 etiam
531 247 639 286 opus
681 234 747 274 est
787 231 953 274 divinae
995 238 1218 281 συνεκτικῆς
1266 234 1481 285 δυνάμεως,
1536 250 1644 288 quae

86 319 230 348 omnes
267 319 333 346 res
373 305 534 346 creatas
574 305 806 356 conservat,
845 306 893 344 ut
929 304 1155 358 supersint,
1196 306 1238 346 et
1266 305 1497 358 persistant
1527 308 1570 347 et
1600 306 1644 348 in

86 391 185 419 suae
214 379 390 419 naturae
420 378 462 417 et
490 375 805 430 proprietatum
834 375 1092 418 naturalium
1122 378 1237 418 statu
1266 379 1555 430 permaneant,
1593 392 1645 419 ne

85 447 129 489 111
155 447 337 489 111111111111
365 449 557 489 creatura
585 446 746 488 recidat
774 447 1022 500 impediens,
1052 447 1166 500 quod
1193 447 1315 489 fieret
1344 447 1379 489 31
1408 447 1646 501 Deusjsub-

84 519 273 561 traheret
322 518 525 560 virtutem
577 533 707 560 suam.
759 517 912 571 Neque
957 521 1125 560 tantum
1174 527 1328 561 arcana
1368 519 1646 573 inspiratione

84 593 337 644 vegetantur
370 590 416 632 in
452 605 607 644 genere
646 605 789 632 omnes
827 590 974 632 mundi
1010 593 1175 644 partes3
1208 591 1281 633 sed
1310 605 1455 633 omnes
1485 606 1533 633 ac
1561 592 1647 633 sin-

85 662 222 715 gulae,
273 662 608 715 simulatque
651 661 847 703 faciem
891 662 1160 704 averterit
1202 661 1364 714 Deus,
1405 666 1646 706 conster-

84 736 304 784 nantur3
334 733 425 775 ubi
455 733 714 788 spiritum
743 733 1046 786 reduxerit,
1076 733 1380 781 intereunt:
1406 749 1507 788 quo
1537 749 1647 776 rur-

85 820 171 847 sus
224 805 418 847 emisso
470 806 748 857 creantur,
799 806 850 846 et
892 805 1064 847 facies
1106 806 1287 848 terrae
1328 809 1645 858 renovatur,

83 876 152 919 Ps.
184 876 273 929 104,
303 877 366 918 28.
396 877 458 919 29.
488 877 552 919 30.

135 947 252 990 XIII.
292 948 405 998 Quas
444 950 657 990 creaturas
686 947 801 990 Deus
831 950 1054 990 conservat
1083 949 1127 990 in
1156 951 1310 990 natura
1339 951 1380 991 et
1408 949 1648 1003 proprieta-

82 1019 196 1062 tibus
233 1019 333 1072 suis,
363 1020 530 1061 easdem
559 1020 688 1061 etiam
714 1034 792 1073 pro
823 1019 987 1061 ratione
1015 1022 1193 1062 naturae
1223 1020 1567 1074 uniuscujusque,
1597 1021 1649 1063 ad

83 1091 295 1145 agendum
322 1093 466 1133 movet
491 1092 534 1133 et
556 1091 758 1145 applicat,
784 1091 942 1133 eisdem
968 1106 1219 1134 concursum
1243 1107 1365 1134 suum
1388 1093 1578 1146 praebet,
1608 1095 1650 1134 et

82 1165 144 1206 ita
183 1178 278 1206 cum
318 1163 377 1205 eis
415 1163 640 1215 concurrit,
679 1165 726 1205 ut
765 1163 933 1206 actione
971 1179 1046 1205 sua
1084 1163 1327 1206 immediate
1365 1163 1408 1205 in
1439 1164 1650 1219 actionem

83 1238 301 1277 creaturae
338 1234 503 1287 influat,
541 1237 590 1276 ut
627 1249 711 1276 una
750 1237 791 1277 et
828 1235 975 1277 eadem
1007 1235 1119 1277 actio
1158 1250 1182 1276 a
1219 1235 1358 1289 prima
1395 1238 1437 1277 et
1465 1235 1648 1276 secunda

84 1321 211 1349 causa
250 1307 416 1349 dicatur
451 1306 676 1361 proficisci,
716 1308 923 1360 quatenus
962 1321 1093 1348 unuin
1131 1321 1239 1360 opus
1277 1321 1349 1348 seu
1374 1307 1647 1358 ἀποτέλεσμκ

83 1378 184 1421 111116
213 1378 399 1430 exsistit3
428 1379 472 1420 in
504 1394 587 1432 quo
618 1379 653 1420 si
683 1378 785 1432 quid
815 1380 878 1420 est
904 1378 1149 1435 inordinati,
1181 1380 1245 1419 est
1273 1378 1326 1419 ab
1354 1378 1533 1430 actione,
1562 1392 1649 1419 non

85 1453 292 1504 quatenus
333 1451 396 1492 est
436 1450 652 1502 creatoris,
691 1450 763 1492 sed
801 1451 1040 1500 ereaturae;
1079 1451 1127 1491 ut
1164 1449 1209 1490 in
1238 1449 1424 1491 sectione
1454 1449 1650 1491 accidunt

85 1522 294 1576 quaedam
322 1523 375 1564 ab
406 1522 563 1575 objecti
590 1524 662 1564 aut
688 1521 962 1564 instrumenti
995 1521 1110 1574 vitio,
1141 1535 1249 1574 quae
1277 1520 1400 1563 fabro
1429 1535 1505 1574 per
1534 1535 1651 1563 secu-

85 1594 168 1636 rim
198 1594 355 1648 agenti,
385 1608 471 1636 non
500 1595 599 1636 sunt
627 1593 890 1648 imputanda.

138 1663 254 1707 XIV.
296 1665 363 1708 Ex
400 1665 467 1707 his
507 1680 615 1718 quae
652 1664 845 1717 diximus,
885 1666 1078 1718 apparet,
1117 1663 1255 1705 Deum
1293 1677 1419 1717 saepe
1447 1678 1532 1705 non
1561 1664 1651 1706 sine

86 1737 225 1779 medio
263 1736 466 1779 inferiora
502 1751 580 1790 per
618 1736 840 1790 superiora
880 1736 1130 1790 gubernare,
1160 1735 1384 1777 instituere
1413 1749 1560 1777 causas
1588 1750 1651 1777 se-

88 1809 256 1859 enudas,
295 1808 448 1862 quibus
486 1808 622 1850 utitur
649 1808 712 1859 [ad
749 1807 973 1849 ulteriores
1012 1807 1185 1849 effectus
1222 1807 1529 1860 producendos,
1567 1821 1653 1848 non

87 1883 266 1935 propter
305 1880 515 1922 defectum
553 1895 653 1922 suae
690 1880 876 1932 virtutis,
911 1880 983 1922 sed
1011 1881 1190 1934 propter
1221 1878 1525 1920 abundantiam
1554 1893 1654 1921 suae

87 1951 308 2004 bonitatis,
339 1952 593 2005 dignitatem
622 1966 722 1994 suae
754 1951 1017 1994 causalitatis
1047 1950 1251 1993 creaturis
1282 1950 1653 2001 communicando3

89 2026 137 2066 ut
173 2039 250 2078 per
279 2038 348 2065 eas
378 2022 545 2065 facilius
574 2022 713 2065 Deum
741 2023 865 2065 nobis
895 2022 1173 2065 auxiliantem
1203 2037 1328 2065 sensu
1356 2022 1655 2076 percipiamus,

89 2095 324 2138 Dominum
361 2095 656 2137 universorum
693 2109 986 2149 agnoscamus,
1026 2095 1099 2147 qui
1136 2094 1189 2136 ad
1227 2109 1345 2136 suam
1388 2093 1571 2147 gloriam
1614 2095 1656 2134 et

91 2167 271 2209 salutem
299 2169 503 2219 nostram,
533 2181 612 2220 pro
642 2182 718 2208 sua
745 2166 967 2208 voluntate
993 2166 1198 2208 creaturis
1221 2166 1377 2216 utitur;
1402 2180 1480 2207 neo
1507 2165 1655 2207 abuta-

91 2253 186 2280 mur
221 2238 384 2291 mediis,
425 2240 499 2280 aut
537 2253 561 2279 a
598 2237 690 2280 Deo
731 2238 926 2280 ordinata
963 2237 1244 2292 negligamus,
1281 2252 1376 2279 611111
1404 2251 1490 2278 11011
1520 2235 1657 2277 30111111

93 2311 310 2353 actionum
348 2309 466 2362 fines,
505 2309 578 2351 sed
616 2308 745 2351 etiam
782 2309 923 2351 media
960 2309 1013 2350 ad
1049 2308 1191 2361 finem,
1230 2308 1474 2360 decreverit,
1512 2307 1656 2361 provi-

93 2382 260 2425 dentiae
288 2396 388 2423 suae
419 2381 609 2435 subjecta
636 2383 678 2423 et
706 2381 1010 2423 subalternata.

146 2453 240 2497 XV.
278 2453 402 2497 Unde
444 2453 488 2495 id
527 2453 770 2505 tenendum,
814 2452 944 2494 etiam
987 2466 1082 2494 cum
1123 2451 1263 2494 media
1306 2451 1491 2502 adhibet,
1532 2450 1656 2491 rebus

95 2526 292 2568 omnibus
332 2525 611 2567 nihilominus
653 2525 897 2568 immediate
940 2523 1177 2579 providere,
1221 2523 1370 2565 intime
1414 2525 1455 2564 et
1496 2522 1656 2574 absque

95 2596 378 2651 dependentia
416 2612 440 2638 a
478 2597 614 2638 causis
651 2597 802 2639 mediis
840 2612 917 2651 per
954 2612 1059 2650 quas
1084 2597 1188 2650 agit,
1218 2596 1318 2649 quia
1342 2594 1585 2636 immediate
1613 2593 1658 2634 in

97 2656 301 2711 omnibus*
328 2669 412 2710 illis
452 2671 667 2722 operatur,
704 2669 791 2711 illis
830 2683 997 2723 semper
1030 2682 1230 2722 praesens
1269 2666 1400 2717 adest,
1439 2665 1484 2706 in
1520 2665 1657 2717 iisque

96 2741 325 2795 specialem
364 2755 485 2783 suam
512 2740 599 2782 vim
628 2741 796 2793 exserit,
821 2742 946 2794 juxta
974 2739 1101 2791 illud,
1139 2738 1257 2780 Non
1287 2753 1346 2780 ex
1375 2736 1492 2779 solo
1522 2751 1658 2789 pane

96 2813 236 2854 vivit
277 2811 457 2864 homo,
501 2812 590 2854 sed
634 2826 694 2853 ex
732 2812 873 2853 omni
920 2811 1083 2853 verbo
1126 2808 1265 2862 quod
1306 2807 1558 2862 procedit
1600 2822 1659 2849 ex

99 2898 191 2926 ore
220 2882 338 2935 Dei,
369 2883 496 2925 Deut.
525 2884 562 2934 8,
591 2884 628 2924 3.

150 2952 265 2996 XVI.
317 2953 419 2996 Non
461 2954 595 3007 igitur
636 2953 859 2995 dicendum
900 2955 975 3004 est,
1018 2951 1156 2993 Deum
1198 2953 1367 2992 tantum
1409 2949 1659 3003 produxisse
