<?xml version="1.0" encoding="UTF-8"?>
<!DOCTYPE html PUBLIC "-//W3C//DTD XHTML 1.0 Transitional//EN"
    "http://www.w3.org/TR/xhtml1/DTD/xhtml1-transitional.dtd">
<html xmlns="http://www.w3.org/1999/xhtml" xml:lang="en" lang="en">
 <head>
  <title>
</title>
<meta http-equiv="Content-Type" content="text/html;charset=utf-8" />
  <meta name='ocr-system' content='tesseract 3.04.00' />
  <meta name='ocr-capabilities' content='ocr_page ocr_carea ocr_par ocr_line ocrx_word'/>
</head>
<body>
  <div class='ocr_page' id='page_1' title='image "./synopsispurioris00poly_0322.png"; bbox 0 0 1931 3224; ppageno 0'>
   <div class='ocr_carea' id='block_1_1' title="bbox 249 139 1233 184">
    <p class='ocr_par' dir='ltr' id='par_1_1' title="bbox 249 139 1233 184">
     <span class='ocr_line' id='line_1_1' title="bbox 249 139 1233 184; baseline -0.002 0"><span class='ocrx_word' id='word_1_1' title='bbox 249 144 327 184; x_wconf 84' lang='lat'>300</span> <span class='ocrx_word' id='word_1_2' title='bbox 829 141 1071 183; x_wconf 81' lang='lat' dir='ltr'>DISPUTATIO</span> <span class='ocrx_word' id='word_1_3' title='bbox 1100 139 1233 182; x_wconf 87' lang='lat' dir='ltr'>XXX.</span> 
     </span>
    </p>
   </div>
   <div class='ocr_carea' id='block_1_2' title="bbox 245 263 1809 2604">
    <p class='ocr_par' dir='ltr' id='par_1_2' title="bbox 246 263 1807 381">
     <span class='ocr_line' id='line_1_2' title="bbox 247 263 1807 318; baseline -0.001 -9"><span class='ocrx_word' id='word_1_4' title='bbox 247 270 381 310; x_wconf 86' lang='lat' dir='ltr'>tatem</span> <span class='ocrx_word' id='word_1_5' title='bbox 408 267 453 308; x_wconf 88' lang='grc'>111</span> <span class='ocrx_word' id='word_1_6' title='bbox 481 265 630 308; x_wconf 87' lang='grc'>111011110</span> <span class='ocrx_word' id='word_1_7' title='bbox 655 266 899 308; x_wconf 85' lang='lat' dir='ltr'>vertendam</span> <span class='ocrx_word' id='word_1_8' title='bbox 925 266 1208 318; x_wconf 69' lang='lat' dir='ltr'>congruenter</span> <span class='ocrx_word' id='word_1_9' title='bbox 1232 263 1460 316; x_wconf 87' lang='lat' dir='ltr'>adhibitus,</span> <span class='ocrx_word' id='word_1_10' title='bbox 1486 267 1535 306; x_wconf 86' lang='lat' dir='ltr'>ut</span> <span class='ocrx_word' id='word_1_11' title='bbox 1560 280 1610 307; x_wconf 86' lang='lat' dir='ltr'>ex</span> <span class='ocrx_word' id='word_1_12' title='bbox 1635 266 1807 308; x_wconf 87' lang='lat' dir='ltr'>nolente</span> 
     </span>
     <span class='ocr_line' id='line_1_3' title="bbox 246 338 511 381; baseline -0.008 0"><span class='ocrx_word' id='word_1_13' title='bbox 246 340 323 381; x_wconf 88' lang='lat' dir='ltr'>fiat</span> <span class='ocrx_word' id='word_1_14' title='bbox 352 338 511 381; x_wconf 86' lang='lat' dir='ltr'>volens.</span> 
     </span>
    </p>

    <p class='ocr_par' dir='ltr' id='par_1_3' title="bbox 247 406 1809 744">
     <span class='ocr_line' id='line_1_4' title="bbox 301 406 1809 452; baseline -0.001 -1"><span class='ocrx_word' id='word_1_15' title='bbox 301 408 453 452; x_wconf 85' lang='lat' dir='ltr'>XLIII.</span> <span class='ocrx_word' id='word_1_16' title='bbox 490 409 617 451; x_wconf 91' lang='lat' dir='ltr'>Hunc</span> <span class='ocrx_word' id='word_1_17' title='bbox 655 408 890 451; x_wconf 86' lang='lat' dir='ltr'>vocationis</span> <span class='ocrx_word' id='word_1_18' title='bbox 919 408 1092 449; x_wconf 86' lang='lat' dir='ltr'>modum</span> <span class='ocrx_word' id='word_1_19' title='bbox 1122 421 1170 449; x_wconf 91' lang='lat' dir='ltr'>ac</span> <span class='ocrx_word' id='word_1_20' title='bbox 1196 408 1361 449; x_wconf 89' lang='lat' dir='ltr'>motum</span> <span class='ocrx_word' id='word_1_21' title='bbox 1390 406 1582 449; x_wconf 85' lang='lat' dir='ltr'>Christus</span> <span class='ocrx_word' id='word_1_22' title='bbox 1610 407 1809 451; x_wconf 87' lang='lat' dir='ltr'>trahendi</span> 
     </span>
     <span class='ocr_line' id='line_1_5' title="bbox 247 478 1806 533; baseline -0.001 -11"><span class='ocrx_word' id='word_1_23' title='bbox 247 481 454 522; x_wconf 83' lang='lat' dir='ltr'>vocabulo</span> <span class='ocrx_word' id='word_1_24' title='bbox 494 480 702 533; x_wconf 86' lang='lat' dir='ltr'>designat,</span> <span class='ocrx_word' id='word_1_25' title='bbox 740 479 839 521; x_wconf 82' lang='lat' dir='ltr'>Joh.</span> <span class='ocrx_word' id='word_1_26' title='bbox 877 480 914 530; x_wconf 80' lang='lat'>6,</span> <span class='ocrx_word' id='word_1_27' title='bbox 952 479 1015 520; x_wconf 84' lang='lat'>44.</span> <span class='ocrx_word' id='word_1_28' title='bbox 1046 493 1098 520; x_wconf 88' lang='lat' dir='ltr'>ne</span> <span class='ocrx_word' id='word_1_29' title='bbox 1128 478 1222 531; x_wconf 90' lang='lat' dir='ltr'>quis</span> <span class='ocrx_word' id='word_1_30' title='bbox 1253 493 1349 520; x_wconf 91' lang='lat' dir='ltr'>eum</span> <span class='ocrx_word' id='word_1_31' title='bbox 1378 478 1471 530; x_wconf 91' lang='lat' dir='ltr'>sibi,</span> <span class='ocrx_word' id='word_1_32' title='bbox 1503 479 1575 520; x_wconf 91' lang='lat' dir='ltr'>sed</span> <span class='ocrx_word' id='word_1_33' title='bbox 1604 478 1684 520; x_wconf 90' lang='lat' dir='ltr'>soli</span> <span class='ocrx_word' id='word_1_34' title='bbox 1714 478 1806 521; x_wconf 90' lang='lat' dir='ltr'>Deo</span> 
     </span>
     <span class='ocr_line' id='line_1_6' title="bbox 248 549 1806 605; baseline -0.001 -11"><span class='ocrx_word' id='word_1_35' title='bbox 248 554 469 605; x_wconf 82' lang='lat' dir='ltr'>acceptum</span> <span class='ocrx_word' id='word_1_36' title='bbox 505 550 625 592; x_wconf 85' lang='lat' dir='ltr'>ferat.</span> <span class='ocrx_word' id='word_1_37' title='bbox 656 550 738 599; x_wconf 73' lang='lat' dir='ltr'>Qui</span> <span class='ocrx_word' id='word_1_38' title='bbox 768 550 880 592; x_wconf 90' lang='lat' dir='ltr'>enim</span> <span class='ocrx_word' id='word_1_39' title='bbox 909 550 961 591; x_wconf 87' lang='lat' dir='ltr'>ad</span> <span class='ocrx_word' id='word_1_40' title='bbox 991 549 1151 591; x_wconf 82' lang='lat' dir='ltr'>Christi</span> <span class='ocrx_word' id='word_1_41' title='bbox 1181 550 1610 592; x_wconf 88' lang='lat' dir='ltr'>communicationem</span> <span class='ocrx_word' id='word_1_42' title='bbox 1640 550 1806 592; x_wconf 81' lang='lat' dir='ltr'>aliunde</span> 
     </span>
     <span class='ocr_line' id='line_1_7' title="bbox 248 621 1808 675; baseline 0 -11"><span class='ocrx_word' id='word_1_43' title='bbox 248 623 445 674; x_wconf 87' lang='lat' dir='ltr'>trahitur,</span> <span class='ocrx_word' id='word_1_44' title='bbox 486 622 521 663; x_wconf 90' lang='lat' dir='ltr'>is</span> <span class='ocrx_word' id='word_1_45' title='bbox 560 623 612 663; x_wconf 88' lang='lat' dir='ltr'>ad</span> <span class='ocrx_word' id='word_1_46' title='bbox 651 637 742 663; x_wconf 87' lang='lat' dir='ltr'>eam</span> <span class='ocrx_word' id='word_1_47' title='bbox 780 621 1110 673; x_wconf 79' lang='lat' dir='ltr'>desiderandam,</span> <span class='ocrx_word' id='word_1_48' title='bbox 1147 636 1233 663; x_wconf 91' lang='lat' dir='ltr'>non</span> <span class='ocrx_word' id='word_1_49' title='bbox 1272 636 1324 662; x_wconf 83' lang='lat' dir='ltr'>ex</span> <span class='ocrx_word' id='word_1_50' title='bbox 1361 622 1538 675; x_wconf 89' lang='lat' dir='ltr'>proprio</span> <span class='ocrx_word' id='word_1_51' title='bbox 1569 636 1643 663; x_wconf 90' lang='lat' dir='ltr'>suo</span> <span class='ocrx_word' id='word_1_52' title='bbox 1673 621 1808 664; x_wconf 86' lang='lat' dir='ltr'>fertur</span> 
     </span>
     <span class='ocr_line' id='line_1_8' title="bbox 248 691 1078 744; baseline -0.001 -10"><span class='ocrx_word' id='word_1_53' title='bbox 248 693 439 744; x_wconf 90' lang='lat' dir='ltr'>arbitrio,</span> <span class='ocrx_word' id='word_1_54' title='bbox 470 692 543 733; x_wconf 90' lang='lat' dir='ltr'>sed</span> <span class='ocrx_word' id='word_1_55' title='bbox 570 693 612 733; x_wconf 87' lang='lat' dir='ltr'>vi</span> <span class='ocrx_word' id='word_1_56' title='bbox 640 691 850 733; x_wconf 87' lang='lat' dir='ltr'>trahentis</span> <span class='ocrx_word' id='word_1_57' title='bbox 879 691 1078 734; x_wconf 86' lang='lat' dir='ltr'>flectitur.</span> 
     </span>
    </p>

    <p class='ocr_par' dir='ltr' id='par_1_4' title="bbox 246 762 1806 960">
     <span class='ocr_line' id='line_1_9' title="bbox 300 762 1806 818; baseline 0.001 -13"><span class='ocrx_word' id='word_1_58' title='bbox 300 763 448 805; x_wconf 87' lang='lat' dir='ltr'>XLIV.</span> <span class='ocrx_word' id='word_1_59' title='bbox 480 763 571 812; x_wconf 81' lang='lat' dir='ltr'>Qua</span> <span class='ocrx_word' id='word_1_60' title='bbox 599 763 855 805; x_wconf 88' lang='lat' dir='ltr'>auctoritate</span> <span class='ocrx_word' id='word_1_61' title='bbox 885 762 1014 814; x_wconf 83' lang='lat' dir='ltr'>Deus,</span> <span class='ocrx_word' id='word_1_62' title='bbox 1045 777 1151 815; x_wconf 89' lang='lat' dir='ltr'>quos</span> <span class='ocrx_word' id='word_1_63' title='bbox 1180 763 1285 815; x_wconf 87' lang='lat' dir='ltr'>vult,</span> <span class='ocrx_word' id='word_1_64' title='bbox 1315 764 1368 805; x_wconf 89' lang='lat' dir='ltr'>ad</span> <span class='ocrx_word' id='word_1_65' title='bbox 1395 763 1511 818; x_wconf 86' lang='lat' dir='ltr'>Agni</span> <span class='ocrx_word' id='word_1_66' title='bbox 1540 765 1605 806; x_wconf 89' lang='lat' dir='ltr'>sui</span> <span class='ocrx_word' id='word_1_67' title='bbox 1634 766 1806 818; x_wconf 87' lang='lat' dir='ltr'>nuptias</span> 
     </span>
     <span class='ocr_line' id='line_1_10' title="bbox 247 833 1805 887; baseline 0 -11"><span class='ocrx_word' id='word_1_68' title='bbox 247 835 411 887; x_wconf 82' lang='lat' dir='ltr'>invitat,</span> <span class='ocrx_word' id='word_1_69' title='bbox 445 835 591 876; x_wconf 88' lang='lat' dir='ltr'>eadem</span> <span class='ocrx_word' id='word_1_70' title='bbox 619 834 726 876; x_wconf 83' lang='lat' dir='ltr'>alios</span> <span class='ocrx_word' id='word_1_71' title='bbox 757 849 807 875; x_wconf 88' lang='lat' dir='ltr'>ex</span> <span class='ocrx_word' id='word_1_72' title='bbox 834 834 886 875; x_wconf 89' lang='lat' dir='ltr'>iis</span> <span class='ocrx_word' id='word_1_73' title='bbox 915 833 1022 876; x_wconf 87' lang='lat' dir='ltr'>hora</span> <span class='ocrx_word' id='word_1_74' title='bbox 1049 834 1201 887; x_wconf 87' lang='lat' dir='ltr'>prima,</span> <span class='ocrx_word' id='word_1_75' title='bbox 1232 834 1337 876; x_wconf 87' lang='lat' dir='ltr'>alios</span> <span class='ocrx_word' id='word_1_76' title='bbox 1366 835 1507 887; x_wconf 86' lang='lat' dir='ltr'>tertia,</span> <span class='ocrx_word' id='word_1_77' title='bbox 1538 835 1643 876; x_wconf 90' lang='lat' dir='ltr'>alios</span> <span class='ocrx_word' id='word_1_78' title='bbox 1675 837 1805 887; x_wconf 84' lang='lat' dir='ltr'>sexta,</span> 
     </span>
     <span class='ocr_line' id='line_1_11' title="bbox 246 905 1637 960; baseline -0.001 -12"><span class='ocrx_word' id='word_1_79' title='bbox 246 907 313 948; x_wconf 84' lang='lat' dir='ltr'>vel</span> <span class='ocrx_word' id='word_1_80' title='bbox 340 921 464 960; x_wconf 90' lang='lat' dir='ltr'>nona,</span> <span class='ocrx_word' id='word_1_81' title='bbox 494 906 598 948; x_wconf 90' lang='grc'>31100</span> <span class='ocrx_word' id='word_1_82' title='bbox 628 906 810 958; x_wconf 86' lang='lat' dir='ltr'>denique</span> <span class='ocrx_word' id='word_1_83' title='bbox 838 905 1059 948; x_wconf 86' lang='lat' dir='ltr'>undecima</span> <span class='ocrx_word' id='word_1_84' title='bbox 1087 906 1132 947; x_wconf 90' lang='lat' dir='ltr'>in</span> <span class='ocrx_word' id='word_1_85' title='bbox 1156 906 1325 947; x_wconf 81' lang='lat' dir='ltr'>vineam</span> <span class='ocrx_word' id='word_1_86' title='bbox 1353 921 1473 948; x_wconf 91' lang='lat' dir='ltr'>suam</span> <span class='ocrx_word' id='word_1_87' title='bbox 1500 908 1637 948; x_wconf 86' lang='lat' dir='ltr'>vocat.</span> 
     </span>
    </p>

    <p class='ocr_par' dir='ltr' id='par_1_5' title="bbox 246 977 1808 1318">
     <span class='ocr_line' id='line_1_12' title="bbox 300 977 1808 1030; baseline -0.001 -9"><span class='ocrx_word' id='word_1_88' title='bbox 300 978 427 1021; x_wconf 89' lang='lat' dir='ltr'>XLV.</span> <span class='ocrx_word' id='word_1_89' title='bbox 471 978 627 1020; x_wconf 84' lang='lat' dir='ltr'>Forma</span> <span class='ocrx_word' id='word_1_90' title='bbox 667 977 905 1019; x_wconf 86' lang='lat' dir='ltr'>vocationis</span> <span class='ocrx_word' id='word_1_91' title='bbox 949 977 1143 1029; x_wconf 86' lang='lat' dir='ltr'>efficacis,</span> <span class='ocrx_word' id='word_1_92' title='bbox 1188 992 1272 1030; x_wconf 89' lang='grc'>(1113</span> <span class='ocrx_word' id='word_1_93' title='bbox 1316 977 1369 1020; x_wconf 87' lang='lat' dir='ltr'>ab</span> <span class='ocrx_word' id='word_1_94' title='bbox 1410 977 1619 1020; x_wconf 85' lang='lat' dir='ltr'>inefficaci</span> <span class='ocrx_word' id='word_1_95' title='bbox 1658 977 1808 1020; x_wconf 86' lang='lat' dir='ltr'>distin-</span> 
     </span>
     <span class='ocr_line' id='line_1_13' title="bbox 247 1049 1808 1104; baseline 0 -13"><span class='ocrx_word' id='word_1_96' title='bbox 247 1050 405 1104; x_wconf 85' lang='lat' dir='ltr'>guitur,</span> <span class='ocrx_word' id='word_1_97' title='bbox 447 1050 492 1091; x_wconf 93' lang='lat' dir='ltr'>in</span> <span class='ocrx_word' id='word_1_98' title='bbox 534 1049 710 1091; x_wconf 86' lang='lat' dir='ltr'>salutari</span> <span class='ocrx_word' id='word_1_99' title='bbox 752 1049 947 1091; x_wconf 70' lang='lat' dir='ltr'>consistit</span> <span class='ocrx_word' id='word_1_100' title='bbox 983 1049 1110 1102; x_wconf 87' lang='lat' dir='ltr'>hujus</span> <span class='ocrx_word' id='word_1_101' title='bbox 1149 1049 1344 1091; x_wconf 90' lang='lat' dir='ltr'>beneficii</span> <span class='ocrx_word' id='word_1_102' title='bbox 1383 1049 1683 1102; x_wconf 70' lang='lat' dir='ltr'>applicatione,</span> <span class='ocrx_word' id='word_1_103' title='bbox 1725 1064 1808 1102; x_wconf 89' lang='lat' dir='ltr'>qua</span> 
     </span>
     <span class='ocr_line' id='line_1_14' title="bbox 246 1120 1807 1175; baseline -0.001 -11"><span class='ocrx_word' id='word_1_104' title='bbox 246 1122 445 1164; x_wconf 84' lang='lat' dir='ltr'>nonnulli</span> <span class='ocrx_word' id='word_1_105' title='bbox 469 1124 716 1175; x_wconf 88' lang='lat' dir='ltr'>peccatores</span> <span class='ocrx_word' id='word_1_106' title='bbox 741 1136 792 1162; x_wconf 85' lang='lat' dir='ltr'>ex</span> <span class='ocrx_word' id='word_1_107' title='bbox 819 1123 973 1162; x_wconf 87' lang='lat' dir='ltr'>natura</span> <span class='ocrx_word' id='word_1_108' title='bbox 1001 1120 1214 1162; x_wconf 87' lang='lat' dir='ltr'>communi</span> <span class='ocrx_word' id='word_1_109' title='bbox 1243 1120 1295 1162; x_wconf 91' lang='lat' dir='ltr'>ad</span> <span class='ocrx_word' id='word_1_110' title='bbox 1325 1120 1509 1174; x_wconf 81' lang='lat' dir='ltr'>gratiam</span> <span class='ocrx_word' id='word_1_111' title='bbox 1537 1121 1807 1175; x_wconf 82' lang='lat' dir='ltr'>singularem,</span> 
     </span>
     <span class='ocr_line' id='line_1_15' title="bbox 248 1192 1808 1246; baseline -0.001 -10"><span class='ocrx_word' id='word_1_112' title='bbox 248 1209 298 1236; x_wconf 85' lang='lat' dir='ltr'>ex</span> <span class='ocrx_word' id='word_1_113' title='bbox 341 1193 545 1236; x_wconf 89' lang='lat' dir='ltr'>societate</span> <span class='ocrx_word' id='word_1_114' title='bbox 586 1193 820 1235; x_wconf 87' lang='lat' dir='ltr'>infidelium</span> <span class='ocrx_word' id='word_1_115' title='bbox 863 1193 916 1234; x_wconf 91' lang='lat' dir='ltr'>ad</span> <span class='ocrx_word' id='word_1_116' title='bbox 960 1193 1301 1234; x_wconf 88' lang='lat' dir='ltr'>communionem</span> <span class='ocrx_word' id='word_1_117' title='bbox 1343 1192 1545 1245; x_wconf 87' lang='lat' dir='ltr'>fidelium,</span> <span class='ocrx_word' id='word_1_118' title='bbox 1587 1196 1716 1246; x_wconf 85' lang='lat' dir='ltr'>atque</span> <span class='ocrx_word' id='word_1_119' title='bbox 1757 1208 1808 1235; x_wconf 79' lang='lat' dir='ltr'>ex</span> 
     </span>
     <span class='ocr_line' id='line_1_16' title="bbox 246 1264 1686 1318; baseline -0.001 -11"><span class='ocrx_word' id='word_1_120' title='bbox 246 1280 379 1318; x_wconf 84' lang='lat' dir='ltr'>regno</span> <span class='ocrx_word' id='word_1_121' title='bbox 408 1265 680 1307; x_wconf 87' lang='lat' dir='ltr'>tenebrarum</span> <span class='ocrx_word' id='word_1_122' title='bbox 709 1265 763 1306; x_wconf 89' lang='lat' dir='ltr'>ad</span> <span class='ocrx_word' id='word_1_123' title='bbox 791 1279 972 1318; x_wconf 83' lang='lat' dir='ltr'>regnum</span> <span class='ocrx_word' id='word_1_124' title='bbox 998 1264 1105 1306; x_wconf 90' lang='lat' dir='ltr'>lucis</span> <span class='ocrx_word' id='word_1_125' title='bbox 1135 1266 1331 1306; x_wconf 88' lang='lat' dir='ltr'>aeternae</span> <span class='ocrx_word' id='word_1_126' title='bbox 1360 1264 1686 1306; x_wconf 85' lang='lat' dir='ltr'>transferuntur.</span> 
     </span>
    </p>

    <p class='ocr_par' dir='ltr' id='par_1_6' title="bbox 245 1326 1808 2031">
     <span class='ocr_line' id='line_1_17' title="bbox 300 1326 1808 1389; baseline 0 -11"><span class='ocrx_word' id='word_1_127' title='bbox 300 1335 447 1378; x_wconf 89' lang='lat' dir='ltr'>XLVI.</span> <span class='ocrx_word' id='word_1_128' title='bbox 486 1335 604 1377; x_wconf 85' lang='lat' dir='ltr'>Finis</span> <span class='ocrx_word' id='word_1_129' title='bbox 633 1336 810 1378; x_wconf 88' lang='lat' dir='ltr'>ultimus</span> <span class='ocrx_word' id='word_1_130' title='bbox 837 1335 1008 1388; x_wconf 87' lang='lat' dir='ltr'>utrique</span> <span class='ocrx_word' id='word_1_131' title='bbox 1036 1334 1279 1386; x_wconf 89' lang='lat' dir='ltr'>Vocationi,</span> <span class='ocrx_word' id='word_1_132' title='bbox 1307 1326 1399 1376; x_wconf 88' lang='lat' dir='ltr'>tam</span> <span class='ocrx_word' id='word_1_133' title='bbox 1428 1335 1649 1388; x_wconf 85' lang='lat' dir='ltr'>inefficaci,</span> <span class='ocrx_word' id='word_1_134' title='bbox 1681 1352 1808 1389; x_wconf 89' lang='lat' dir='ltr'>quam</span> 
     </span>
     <span class='ocr_line' id='line_1_18' title="bbox 247 1405 1807 1461; baseline 0.001 -13"><span class='ocrx_word' id='word_1_135' title='bbox 247 1407 407 1449; x_wconf 87' lang='lat' dir='ltr'>efficaci</span> <span class='ocrx_word' id='word_1_136' title='bbox 459 1407 707 1459; x_wconf 87' lang='lat' dir='ltr'>communis,</span> <span class='ocrx_word' id='word_1_137' title='bbox 760 1409 823 1448; x_wconf 88' lang='lat' dir='ltr'>est</span> <span class='ocrx_word' id='word_1_138' title='bbox 864 1406 1178 1448; x_wconf 79' lang='lat' dir='ltr'>misericordiae</span> <span class='ocrx_word' id='word_1_139' title='bbox 1221 1405 1387 1447; x_wconf 87' lang='lat' dir='ltr'>divinae</span> <span class='ocrx_word' id='word_1_140' title='bbox 1431 1421 1532 1460; x_wconf 83' lang='lat' dir='ltr'>erga</span> <span class='ocrx_word' id='word_1_141' title='bbox 1575 1422 1659 1459; x_wconf 89' lang='lat' dir='ltr'>eos,</span> <span class='ocrx_word' id='word_1_142' title='bbox 1702 1423 1807 1461; x_wconf 90' lang='lat' dir='ltr'>quos</span> 
     </span>
     <span class='ocr_line' id='line_1_19' title="bbox 247 1476 1807 1532; baseline 0 -12"><span class='ocrx_word' id='word_1_143' title='bbox 247 1481 384 1531; x_wconf 85' lang='lat' dir='ltr'>vocat,</span> <span class='ocrx_word' id='word_1_144' title='bbox 424 1478 726 1520; x_wconf 85' lang='lat' dir='ltr'>manifestatio.</span> <span class='ocrx_word' id='word_1_145' title='bbox 767 1479 886 1521; x_wconf 83' lang='lat' dir='ltr'>Finis</span> <span class='ocrx_word' id='word_1_146' title='bbox 926 1478 1162 1520; x_wconf 87' lang='lat' dir='ltr'>vocationis</span> <span class='ocrx_word' id='word_1_147' title='bbox 1193 1477 1375 1519; x_wconf 87' lang='lat' dir='ltr'>efficacis</span> <span class='ocrx_word' id='word_1_148' title='bbox 1405 1476 1718 1532; x_wconf 86' lang='lat' dir='ltr'>subordinatus,</span> <span class='ocrx_word' id='word_1_149' title='bbox 1749 1480 1807 1521; x_wconf 88' lang='lat' dir='ltr'>ei-</span> 
     </span>
     <span class='ocr_line' id='line_1_20' title="bbox 248 1549 1806 1604; baseline 0 -12"><span class='ocrx_word' id='word_1_150' title='bbox 248 1566 330 1604; x_wconf 91' lang='lat' dir='ltr'>que</span> <span class='ocrx_word' id='word_1_151' title='bbox 366 1550 578 1604; x_wconf 88' lang='lat' dir='ltr'>proprius,</span> <span class='ocrx_word' id='word_1_152' title='bbox 611 1553 673 1592; x_wconf 85' lang='lat' dir='ltr'>est</span> <span class='ocrx_word' id='word_1_153' title='bbox 702 1550 899 1592; x_wconf 86' lang='lat' dir='ltr'>salutaris</span> <span class='ocrx_word' id='word_1_154' title='bbox 930 1549 1093 1603; x_wconf 82' lang='lat' dir='ltr'>gratiae</span> <span class='ocrx_word' id='word_1_155' title='bbox 1124 1549 1289 1590; x_wconf 85' lang='lat' dir='ltr'>divinae</span> <span class='ocrx_word' id='word_1_156' title='bbox 1319 1550 1670 1602; x_wconf 84' lang='lat' dir='ltr'>communicati03</span> <span class='ocrx_word' id='word_1_157' title='bbox 1699 1550 1806 1592; x_wconf 82' lang='lat' dir='ltr'>inef-</span> 
     </span>
     <span class='ocr_line' id='line_1_21' title="bbox 245 1620 1807 1672; baseline -0.001 -8"><span class='ocrx_word' id='word_1_158' title='bbox 245 1623 386 1665; x_wconf 88' lang='lat' dir='ltr'>ficacis</span> <span class='ocrx_word' id='word_1_159' title='bbox 439 1624 581 1664; x_wconf 87' lang='lat' dir='ltr'>autem</span> <span class='ocrx_word' id='word_1_160' title='bbox 631 1621 869 1664; x_wconf 81' lang='lat' dir='ltr'>vocationis</span> <span class='ocrx_word' id='word_1_161' title='bbox 913 1621 1009 1663; x_wconf 89' lang='lat' dir='ltr'>finis</span> <span class='ocrx_word' id='word_1_162' title='bbox 1053 1620 1341 1672; x_wconf 85' lang='lat' dir='ltr'>accidentalis,</span> <span class='ocrx_word' id='word_1_163' title='bbox 1386 1622 1450 1662; x_wconf 89' lang='lat' dir='ltr'>est</span> <span class='ocrx_word' id='word_1_164' title='bbox 1491 1620 1807 1663; x_wconf 71' lang='lat' dir='ltr'>inobedientiae</span> 
     </span>
     <span class='ocr_line' id='line_1_22' title="bbox 247 1690 1806 1747; baseline -0.002 -11"><span class='ocrx_word' id='word_1_165' title='bbox 247 1694 521 1746; x_wconf 88' lang='lat' dir='ltr'>contumacis,</span> <span class='ocrx_word' id='word_1_166' title='bbox 556 1708 604 1735; x_wconf 86' lang='lat' dir='ltr'>ac</span> <span class='ocrx_word' id='word_1_167' title='bbox 631 1707 806 1747; x_wconf 84' lang='lat' dir='ltr'>prorsus</span> <span class='ocrx_word' id='word_1_168' title='bbox 834 1691 1135 1734; x_wconf 83' lang='lat' dir='ltr'>inexcusabilis</span> <span class='ocrx_word' id='word_1_169' title='bbox 1164 1691 1375 1733; x_wconf 85' lang='lat' dir='ltr'>convictio</span> <span class='ocrx_word' id='word_1_170' title='bbox 1401 1691 1446 1732; x_wconf 90' lang='lat' dir='ltr'>in</span> <span class='ocrx_word' id='word_1_171' title='bbox 1472 1690 1538 1743; x_wconf 81' lang='lat' dir='ltr'>iis,</span> <span class='ocrx_word' id='word_1_172' title='bbox 1568 1692 1642 1744; x_wconf 88' lang='lat' dir='ltr'>qui</span> <span class='ocrx_word' id='word_1_173' title='bbox 1671 1691 1806 1746; x_wconf 84' lang='lat' dir='ltr'>Spiri-</span> 
     </span>
     <span class='ocr_line' id='line_1_23' title="bbox 245 1761 1807 1818; baseline -0.003 -10"><span class='ocrx_word' id='word_1_174' title='bbox 245 1766 308 1808; x_wconf 89' lang='lat' dir='ltr'>tui</span> <span class='ocrx_word' id='word_1_175' title='bbox 338 1765 495 1808; x_wconf 76' lang='lat' dir='ltr'>Sancto</span> <span class='ocrx_word' id='word_1_176' title='bbox 524 1779 600 1818; x_wconf 87' lang='lat' dir='ltr'>per</span> <span class='ocrx_word' id='word_1_177' title='bbox 631 1779 677 1806; x_wconf 93' lang='lat' dir='ltr'>os</span> <span class='ocrx_word' id='word_1_178' title='bbox 706 1763 1080 1817; x_wconf 85' lang='lat' dir='ltr'>Evangelistarum</span> <span class='ocrx_word' id='word_1_179' title='bbox 1108 1762 1303 1815; x_wconf 88' lang='lat' dir='ltr'>loquenti</span> <span class='ocrx_word' id='word_1_180' title='bbox 1330 1761 1572 1815; x_wconf 84' lang='lat' dir='ltr'>petulanter</span> <span class='ocrx_word' id='word_1_181' title='bbox 1600 1762 1807 1804; x_wconf 88' lang='lat' dir='ltr'>resistunt</span> 
     </span>
     <span class='ocr_line' id='line_1_24' title="bbox 247 1833 1806 1890; baseline -0.001 -12"><span class='ocrx_word' id='word_1_182' title='bbox 247 1839 375 1890; x_wconf 88' lang='lat' dir='ltr'>atque</span> <span class='ocrx_word' id='word_1_183' title='bbox 400 1836 702 1889; x_wconf 88' lang='lat' dir='ltr'>obloquuntur.</span> <span class='ocrx_word' id='word_1_184' title='bbox 726 1835 792 1876; x_wconf 82' lang='lat' dir='ltr'>Ex</span> <span class='ocrx_word' id='word_1_185' title='bbox 817 1850 901 1888; x_wconf 91' lang='lat' dir='ltr'>quo</span> <span class='ocrx_word' id='word_1_186' title='bbox 927 1834 1166 1876; x_wconf 88' lang='lat' dir='ltr'>discrimine</span> <span class='ocrx_word' id='word_1_187' title='bbox 1195 1833 1477 1887; x_wconf 80' lang='lat' dir='ltr'>Evangelium</span> <span class='ocrx_word' id='word_1_188' title='bbox 1507 1833 1600 1875; x_wconf 87' lang='lat' dir='ltr'>aliis</span> <span class='ocrx_word' id='word_1_189' title='bbox 1625 1848 1714 1876; x_wconf 89' lang='lat' dir='ltr'>esse</span> <span class='ocrx_word' id='word_1_190' title='bbox 1743 1834 1806 1876; x_wconf 89' lang='lat' dir='ltr'>di-</span> 
     </span>
     <span class='ocr_line' id='line_1_25' title="bbox 247 1903 1805 1959; baseline -0.003 -9"><span class='ocrx_word' id='word_1_191' title='bbox 247 1908 357 1950; x_wconf 89' lang='lat' dir='ltr'>citur</span> <span class='ocrx_word' id='word_1_192' title='bbox 386 1908 491 1950; x_wconf 88' lang='lat' dir='ltr'>odor</span> <span class='ocrx_word' id='word_1_193' title='bbox 519 1907 631 1949; x_wconf 81' lang='lat' dir='ltr'>vitae</span> <span class='ocrx_word' id='word_1_194' title='bbox 661 1907 713 1949; x_wconf 91' lang='lat' dir='ltr'>ad</span> <span class='ocrx_word' id='word_1_195' title='bbox 741 1906 886 1959; x_wconf 79' lang='lat' dir='ltr'>vitam,</span> <span class='ocrx_word' id='word_1_196' title='bbox 914 1906 1007 1948; x_wconf 87' lang='lat' dir='ltr'>aliis</span> <span class='ocrx_word' id='word_1_197' title='bbox 1038 1907 1142 1948; x_wconf 91' lang='lat' dir='ltr'>odor</span> <span class='ocrx_word' id='word_1_198' title='bbox 1168 1906 1320 1948; x_wconf 88' lang='lat' dir='ltr'>mortis</span> <span class='ocrx_word' id='word_1_199' title='bbox 1349 1904 1402 1947; x_wconf 88' lang='lat' dir='ltr'>ad</span> <span class='ocrx_word' id='word_1_200' title='bbox 1432 1907 1626 1957; x_wconf 84' lang='lat' dir='ltr'>mortem,</span> <span class='ocrx_word' id='word_1_201' title='bbox 1656 1906 1681 1946; x_wconf 81' lang='lat'><strong>2</strong></span> <span class='ocrx_word' id='word_1_202' title='bbox 1712 1903 1805 1947; x_wconf 83' lang='lat' dir='ltr'>Gor.</span> 
     </span>
     <span class='ocr_line' id='line_1_26' title="bbox 247 1980 472 2031; baseline -0.004 -10"><span class='ocrx_word' id='word_1_203' title='bbox 247 1980 286 2031; x_wconf 86' lang='lat'>2,</span> <span class='ocrx_word' id='word_1_204' title='bbox 316 1980 377 2021; x_wconf 83' lang='lat'>15.</span> <span class='ocrx_word' id='word_1_205' title='bbox 410 1980 472 2021; x_wconf 81' lang='lat'>16.</span> 
     </span>
    </p>

    <p class='ocr_par' dir='ltr' id='par_1_7' title="bbox 250 2048 1805 2174">
     <span class='ocr_line' id='line_1_27' title="bbox 300 2048 1805 2103; baseline -0.001 -11"><span class='ocrx_word' id='word_1_206' title='bbox 300 2050 472 2093; x_wconf 86' lang='lat' dir='ltr'>XLVII.</span> <span class='ocrx_word' id='word_1_207' title='bbox 502 2050 667 2092; x_wconf 87' lang='lat' dir='ltr'>Effecta</span> <span class='ocrx_word' id='word_1_208' title='bbox 695 2052 793 2091; x_wconf 90' lang='lat' dir='ltr'>sunt</span> <span class='ocrx_word' id='word_1_209' title='bbox 821 2050 939 2102; x_wconf 88' lang='lat' dir='ltr'>fides,</span> <span class='ocrx_word' id='word_1_210' title='bbox 964 2048 1228 2103; x_wconf 85' lang='lat' dir='ltr'>justificatio,</span> <span class='ocrx_word' id='word_1_211' title='bbox 1259 2048 1539 2090; x_wconf 88' lang='lat' dir='ltr'>sanctificatio</span> <span class='ocrx_word' id='word_1_212' title='bbox 1571 2050 1613 2090; x_wconf 89' lang='lat' dir='ltr'>et</span> <span class='ocrx_word' id='word_1_213' title='bbox 1642 2048 1805 2102; x_wconf 85' lang='lat' dir='ltr'>glorifi-</span> 
     </span>
     <span class='ocr_line' id='line_1_28' title="bbox 250 2120 1145 2174; baseline -0.003 -10"><span class='ocrx_word' id='word_1_214' title='bbox 250 2122 374 2174; x_wconf 87' lang='lat' dir='ltr'>catiO,</span> <span class='ocrx_word' id='word_1_215' title='bbox 404 2122 453 2164; x_wconf 90' lang='lat' dir='ltr'>de</span> <span class='ocrx_word' id='word_1_216' title='bbox 483 2121 636 2174; x_wconf 88' lang='lat' dir='ltr'>quibus</span> <span class='ocrx_word' id='word_1_217' title='bbox 665 2124 816 2174; x_wconf 89' lang='lat' dir='ltr'>postea</span> <span class='ocrx_word' id='word_1_218' title='bbox 844 2120 1145 2174; x_wconf 85' lang='lat' dir='ltr'>disputabitur.</span> 
     </span>
    </p>

    <p class='ocr_par' dir='ltr' id='par_1_8' title="bbox 248 2189 1806 2604">
     <span class='ocr_line' id='line_1_29' title="bbox 301 2189 1806 2243; baseline -0.002 -8"><span class='ocrx_word' id='word_1_219' title='bbox 301 2192 496 2235; x_wconf 87' lang='lat' dir='ltr'>XLVIII.</span> <span class='ocrx_word' id='word_1_220' title='bbox 539 2192 662 2242; x_wconf 81' lang='lat' dir='ltr'>Quod</span> <span class='ocrx_word' id='word_1_221' title='bbox 699 2193 804 2234; x_wconf 90' lang='lat' dir='ltr'>haec</span> <span class='ocrx_word' id='word_1_222' title='bbox 833 2192 983 2233; x_wconf 84' lang='lat' dir='ltr'>effecta</span> <span class='ocrx_word' id='word_1_223' title='bbox 1012 2205 1097 2232; x_wconf 87' lang='lat' dir='ltr'>non</span> <span class='ocrx_word' id='word_1_224' title='bbox 1128 2191 1181 2231; x_wconf 85' lang='lat' dir='ltr'>ab</span> <span class='ocrx_word' id='word_1_225' title='bbox 1212 2190 1420 2241; x_wconf 86' lang='lat' dir='ltr'>omnibus,</span> <span class='ocrx_word' id='word_1_226' title='bbox 1451 2189 1524 2231; x_wconf 90' lang='lat' dir='ltr'>sed</span> <span class='ocrx_word' id='word_1_227' title='bbox 1552 2189 1806 2243; x_wconf 87' lang='lat' dir='ltr'>quibusdam</span> 
     </span>
     <span class='ocr_line' id='line_1_30' title="bbox 248 2261 1806 2318; baseline -0.003 -10"><span class='ocrx_word' id='word_1_228' title='bbox 248 2268 417 2308; x_wconf 89' lang='lat' dir='ltr'>tantum</span> <span class='ocrx_word' id='word_1_229' title='bbox 454 2264 616 2307; x_wconf 86' lang='lat' dir='ltr'>vocatis</span> <span class='ocrx_word' id='word_1_230' title='bbox 656 2263 960 2318; x_wconf 87' lang='lat' dir='ltr'>percipiantur,</span> <span class='ocrx_word' id='word_1_231' title='bbox 998 2263 1042 2304; x_wconf 92' lang='lat' dir='ltr'>id</span> <span class='ocrx_word' id='word_1_232' title='bbox 1079 2277 1165 2304; x_wconf 89' lang='lat' dir='ltr'>non</span> <span class='ocrx_word' id='word_1_233' title='bbox 1203 2263 1253 2304; x_wconf 89' lang='lat' dir='ltr'>fit</span> <span class='ocrx_word' id='word_1_234' title='bbox 1281 2277 1332 2304; x_wconf 84' lang='lat' dir='ltr'>ex</span> <span class='ocrx_word' id='word_1_235' title='bbox 1359 2262 1530 2304; x_wconf 86' lang='lat' dir='ltr'>virtutis</span> <span class='ocrx_word' id='word_1_236' title='bbox 1559 2261 1640 2304; x_wconf 84' lang='lat' dir='ltr'>Dei</span> <span class='ocrx_word' id='word_1_237' title='bbox 1670 2263 1806 2304; x_wconf 87' lang='lat' dir='ltr'>omni-</span> 
     </span>
     <span class='ocr_line' id='line_1_31' title="bbox 248 2334 1806 2392; baseline -0.003 -12"><span class='ocrx_word' id='word_1_238' title='bbox 248 2336 438 2392; x_wconf 90' lang='lat' dir='ltr'>potentis</span> <span class='ocrx_word' id='word_1_239' title='bbox 477 2336 656 2388; x_wconf 82' lang='lat' dir='ltr'>defectu,</span> <span class='ocrx_word' id='word_1_240' title='bbox 696 2335 769 2377; x_wconf 88' lang='lat' dir='ltr'>sed</span> <span class='ocrx_word' id='word_1_241' title='bbox 807 2350 857 2377; x_wconf 83' lang='lat' dir='ltr'>ex</span> <span class='ocrx_word' id='word_1_242' title='bbox 896 2334 987 2376; x_wconf 90' lang='lat' dir='ltr'>solo</span> <span class='ocrx_word' id='word_1_243' title='bbox 1026 2334 1160 2387; x_wconf 88' lang='lat' dir='ltr'>ipsius</span> <span class='ocrx_word' id='word_1_244' title='bbox 1199 2334 1421 2376; x_wconf 85' lang='lat' dir='ltr'>arbitratu.</span> <span class='ocrx_word' id='word_1_245' title='bbox 1460 2334 1545 2377; x_wconf 80' lang='lat' dir='ltr'>Sua</span> <span class='ocrx_word' id='word_1_246' title='bbox 1583 2335 1693 2376; x_wconf 88' lang='lat' dir='ltr'>enim</span> <span class='ocrx_word' id='word_1_247' title='bbox 1721 2334 1806 2375; x_wconf 86' lang='lat' dir='ltr'>vir-</span> 
     </span>
     <span class='ocr_line' id='line_1_32' title="bbox 248 2404 1806 2457; baseline -0.003 -7"><span class='ocrx_word' id='word_1_248' title='bbox 248 2410 340 2450; x_wconf 91' lang='lat' dir='ltr'>tute</span> <span class='ocrx_word' id='word_1_249' title='bbox 378 2407 547 2449; x_wconf 87' lang='lat' dir='ltr'>infinita</span> <span class='ocrx_word' id='word_1_250' title='bbox 583 2406 698 2448; x_wconf 89' lang='lat' dir='ltr'>Deus</span> <span class='ocrx_word' id='word_1_251' title='bbox 734 2406 887 2448; x_wconf 89' lang='lat' dir='ltr'>vitium</span> <span class='ocrx_word' id='word_1_252' title='bbox 925 2405 1185 2447; x_wconf 87' lang='lat' dir='ltr'>infirmitatis</span> <span class='ocrx_word' id='word_1_253' title='bbox 1223 2405 1446 2457; x_wconf 90' lang='lat' dir='ltr'>humanae,</span> <span class='ocrx_word' id='word_1_254' title='bbox 1485 2420 1572 2447; x_wconf 91' lang='lat' dir='ltr'>non</span> <span class='ocrx_word' id='word_1_255' title='bbox 1599 2404 1738 2446; x_wconf 90' lang='lat' dir='ltr'>minus</span> <span class='ocrx_word' id='word_1_256' title='bbox 1762 2404 1806 2446; x_wconf 92' lang='lat' dir='ltr'>in</span> 
     </span>
     <span class='ocr_line' id='line_1_33' title="bbox 250 2476 1806 2532; baseline -0.003 -11"><span class='ocrx_word' id='word_1_257' title='bbox 250 2479 348 2532; x_wconf 88' lang='lat' dir='ltr'>illis,</span> <span class='ocrx_word' id='word_1_258' title='bbox 381 2493 508 2532; x_wconf 86' lang='lat' dir='ltr'>quam</span> <span class='ocrx_word' id='word_1_259' title='bbox 536 2478 580 2519; x_wconf 89' lang='lat' dir='ltr'>in</span> <span class='ocrx_word' id='word_1_260' title='bbox 607 2477 686 2530; x_wconf 89' lang='grc'>1110,</span> <span class='ocrx_word' id='word_1_261' title='bbox 717 2478 753 2519; x_wconf 86' lang='grc'>01</span> <span class='ocrx_word' id='word_1_262' title='bbox 781 2477 921 2530; x_wconf 88' lang='lat' dir='ltr'>vellet,</span> <span class='ocrx_word' id='word_1_263' title='bbox 951 2477 1172 2519; x_wconf 86' lang='lat' dir='ltr'>emendare</span> <span class='ocrx_word' id='word_1_264' title='bbox 1201 2479 1358 2531; x_wconf 89' lang='lat' dir='ltr'>posset,</span> <span class='ocrx_word' id='word_1_265' title='bbox 1390 2491 1485 2518; x_wconf 89' lang='lat' dir='ltr'>cum</span> <span class='ocrx_word' id='word_1_266' title='bbox 1515 2476 1668 2528; x_wconf 89' lang='lat' dir='ltr'>omnia,</span> <span class='ocrx_word' id='word_1_267' title='bbox 1699 2490 1806 2529; x_wconf 88' lang='grc'>(11130</span> 
     </span>
     <span class='ocr_line' id='line_1_34' title="bbox 248 2549 1222 2604; baseline -0.004 -9"><span class='ocrx_word' id='word_1_268' title='bbox 248 2552 338 2595; x_wconf 86' lang='lat' dir='ltr'>vult</span> <span class='ocrx_word' id='word_1_269' title='bbox 368 2550 548 2603; x_wconf 85' lang='lat' dir='ltr'>efficere,</span> <span class='ocrx_word' id='word_1_270' title='bbox 577 2564 743 2604; x_wconf 87' lang='lat' dir='ltr'>semper</span> <span class='ocrx_word' id='word_1_271' title='bbox 773 2549 942 2602; x_wconf 84' lang='lat' dir='ltr'>efficiat,</span> <span class='ocrx_word' id='word_1_272' title='bbox 971 2549 1040 2592; x_wconf 89' lang='lat' dir='ltr'>Ps.</span> <span class='ocrx_word' id='word_1_273' title='bbox 1071 2549 1160 2601; x_wconf 86' lang='lat'>115,</span> <span class='ocrx_word' id='word_1_274' title='bbox 1185 2550 1222 2590; x_wconf 84' lang='lat'>3.</span> 
     </span>
    </p>
   </div>
  </div>
 </body>
</html>
