1931 3224
231 156 281 197 72
808 146 1045 188 DISPUTATIO
1075 141 1190 185 VIII.

232 276 311 318 Dei
339 277 450 316 recte
479 274 642 315 dicatur
674 269 877 318 αὐτ-ἄθεος,
908 282 1058 317 necne;
1098 265 1211 319 quod
1242 265 1286 305 in
1319 262 1492 305 Calvino
1524 264 1624 316 post
1646 261 1779 304 male-

231 346 368 387 dicum
390 333 511 386 illum
536 342 849 384 Genebrardum
872 338 1082 380 malitiose
1108 334 1418 378 calumniantur
1443 333 1615 387 quidam
1637 331 1665 374 J
1669 333 1779 374 esui-

232 420 311 468 tae,
342 417 564 457 excusante
587 417 728 455 tamen
752 413 890 464 ipsum
916 408 1184 450 Bellarmino.
1208 405 1447 447 Asserimus
1473 404 1598 455 enim,
1621 403 1780 446 Filium

233 487 323 536 Dei,
352 487 387 527 si
417 485 628 527 Deitatem
656 499 728 524 seu
759 481 981 524 essentiam
1010 480 1098 532 ejus
1127 477 1318 519 absolute
1347 478 1522 530 spectes,
1554 478 1596 517 et
1625 489 1714 518 esse
1738 478 1780 518 et

232 561 344 599 recte
372 556 512 598 vocari
551 553 751 602 αὐτόθεσν,
785 551 1137 605 quemadmodum
1166 564 1190 590 a
1221 547 1473 601 quibusdam
1501 546 1701 588 Patribus
1730 561 1779 588 eo

233 631 424 683 respectu
461 628 519 668 sic
556 628 739 667 vocatur.
779 623 853 666 Sin
882 637 980 665 vero
1010 622 1184 664 eandem
1213 618 1437 661 essentiam
1466 618 1703 660 consideres
1733 620 1781 660 ut

233 700 276 741 in
313 698 421 740 Filio
460 697 535 738 sub
574 699 686 737 certo
721 697 762 736 et
800 694 998 736 distincto
1041 692 1242 746 ὑπάρξεως
1299 689 1427 743 τρόπῳ
1459 689 1779 743 subsistentem,

232 772 323 811 tum
361 767 496 810 Deum
526 781 612 808 esse
641 767 691 808 de
719 766 809 808 Deo
839 768 881 807 et
909 765 1053 807 lumen
1082 764 1131 806 de
1159 762 1328 815 lumine,
1359 760 1715 814 quemadmodum
1737 761 1781 803 in

233 839 433 893 Symbolo
463 837 623 879 Niceno
652 836 871 879 definitum
900 838 974 878 est.

285 909 398 951 XIX.
437 908 551 958 Quae
587 908 790 950 hactenus
827 908 876 949 de
908 907 1095 949 Persona
1123 906 1263 948 Patris
1293 904 1405 946 dicta
1434 867 1544 957 sunt,
1573 903 1674 946 Filii
1701 903 1783 947 Dei

232 981 430 1023 notitiam
458 980 579 1021 nobis
607 994 775 1032 quoque
803 978 1088 1029 manifestant,
1119 978 1217 1030 quia
1245 977 1478 1018 relatorum
1502 976 1607 1018 haec
1630 978 1784 1018 natura

234 1055 307 1103 est,
345 1054 391 1093 ut
429 1051 553 1092 simul
589 1051 673 1091 sint
710 1053 751 1092 et
789 1052 1116 1103 cognoscantur3
1155 1051 1202 1089 ut
1239 1050 1381 1089 tamen
1412 1047 1650 1089 orthodoxa
1678 1046 1785 1089 haec

235 1123 424 1164 doctrina
452 1123 646 1163 adversus
675 1123 836 1163 veteres
866 1123 907 1162 et
935 1120 1161 1162 hodiernos
1192 1118 1440 1160 Haereticos
1469 1120 1592 1160 tanto
1621 1117 1784 1159 firmius

234 1193 482 1244 stabiliatur,
515 1193 718 1245 quaedam
745 1194 964 1245 praeterea
995 1191 1044 1233 de
1075 1205 1123 1232 eo
1153 1190 1275 1232 nobis
1305 1192 1403 1230 sunt
1435 1188 1695 1242 explicanda.

286 1263 378 1305 XX.
418 1264 495 1305 Est
532 1278 632 1320 ergo
666 1263 799 1305 Filius
836 1263 916 1304 Dei
950 1263 1129 1305 secunda
1159 1261 1381 1303 Trinitatis
1410 1275 1604 1314 persona,
1634 1261 1687 1303 ab
1717 1276 1785 1304 ae-

233 1339 352 1378 terno
391 1352 415 1378 a
452 1336 577 1378 Patre
615 1337 770 1389 genita,
809 1335 995 1388 ejusdem
1025 1349 1119 1376 cum
1148 1333 1273 1375 Patre
1302 1332 1538 1374 divinitatis
1568 1347 1616 1375 ac
1646 1347 1786 1375 essen-

235 1408 331 1459 tiae,
368 1410 409 1449 et
438 1410 579 1449 tamen
608 1422 632 1449 a
661 1406 788 1449 Patre
818 1421 865 1448 ac
893 1406 1057 1459 Spiritu
1086 1405 1242 1448 Sancto
1270 1419 1345 1459 per
1375 1405 1661 1458 proprietates
1689 1419 1786 1446 suas

236 1479 595 1520 characteristicas
645 1479 814 1520 realiter
856 1477 1066 1519 distincta.
1113 1476 1238 1530 Cujus
1283 1475 1541 1518 definitionis
1583 1476 1788 1518 nonnulla

234 1550 422 1591 membra
464 1564 513 1591 ex
557 1549 898 1591 antecedentibus
940 1548 1042 1590 satis
1084 1548 1261 1600 liquent,
1300 1562 1407 1601 quae
1445 1561 1546 1589 vero
1585 1547 1788 1590 ulteriore

236 1621 593 1663 demonstratione
622 1635 728 1674 opus
757 1620 927 1672 habent,
957 1619 1230 1673 sequentibus
1259 1621 1566 1675 proponentur.

287 1691 400 1733 XXI.
444 1692 507 1734 Ea
551 1695 690 1734 autem
728 1692 780 1733 ad
816 1691 920 1733 haec
957 1691 1038 1732 duo
1078 1691 1220 1744 capita
1256 1705 1280 1732 a
1318 1690 1442 1732 nobis
1474 1690 1632 1732 ordinis
1662 1705 1789 1732 causa

236 1764 556 1806 revocabuntur.
585 1764 729 1806 Primo
760 1763 1141 1806 demonstrabimus
1172 1763 1371 1805 adversus
1402 1762 1788 1815 Samosatenianos,

236 1835 439 1877 Arrianos
481 1838 522 1877 et
564 1835 822 1886 Socinianos,
864 1835 1019 1876 Filium
1061 1834 1142 1877 Dei
1181 1850 1270 1877 esse
1307 1834 1428 1876 Patri
1456 1849 1553 1876 vere
1582 1834 1790 1885 ὂμοούσιον,

235 1907 278 1949 id
317 1911 390 1959 est,
430 1907 613 1959 ejusdem
653 1922 747 1948 cum
781 1906 908 1949 Patre
938 1907 1143 1949 essentiae
1171 1922 1220 1948 ac
1249 1906 1496 1947 divinitatis.
1527 1904 1690 1947 Deinde
1723 1905 1793 1947 ad-

237 1993 380 2020 versus
422 1977 682 2021 Sabellianos
724 1981 765 2021 et
806 1978 1085 2030 Servetianos,
1130 1993 1225 2021 eum
1260 1981 1402 2020 tamen
1441 1992 1530 2020 esse
1570 1992 1712 2020 veram
1751 1979 1794 2020 et

239 2050 479 2091 distinctam
507 2065 530 2091 a
559 2049 685 2092 Patre
712 2065 945 2105 personam.

291 2119 424 2162 XXII.
463 2120 616 2162 Filium
651 2121 731 2163 Dei
769 2136 855 2164 esse
891 2121 981 2164 Deo
1011 2122 1130 2164 Patri
1159 2136 1257 2164 vere
1287 2124 1329 2164 et
1359 2120 1554 2163 absolute
1584 2120 1791 2173 δμοούσιον,

240 2192 551 2234 demonstratur
580 2193 851 2245 sequentibus
881 2193 1043 2236 duobus
1072 2193 1261 2236 immotis
1288 2193 1587 2235 fundamentis.
1603 2192 1795 2234 Primum

242 2263 401 2316 petitur
430 2278 480 2305 ex
509 2264 681 2306 diversis
709 2265 812 2307 Iocis
843 2265 1011 2307 Veteris
1048 2265 1160 2307 Test.
1196 2265 1241 2307 in
1275 2265 1441 2318 quibus,
1478 2279 1586 2318 quae
1619 2264 1669 2306 de
1693 2279 1792 2307 vero

241 2337 368 2387 atque
399 2337 569 2377 aeterno
600 2335 688 2377 Deo
721 2351 769 2378 ac
797 2336 923 2378 Patre
951 2336 1250 2390 intelliguntur
1266 2339 1307 2378 et
1322 2336 1632 2392 praedicantur,
1650 2335 1795 2378 eadem

242 2419 409 2458 quoque
446 2405 489 2446 in
524 2405 648 2448 Novo
687 2406 799 2448 Test.
839 2407 888 2448 de
926 2407 1029 2449 Jesu
1060 2407 1228 2450 Christo
1257 2407 1339 2449 Dei
1367 2407 1478 2449 Filio
1508 2406 1724 2449 intellecta
1753 2408 1795 2448 et

241 2476 484 2529 praedicata
525 2491 612 2518 esse
656 2480 920 2527 asseruntur3
963 2479 1076 2531 quod
1118 2479 1200 2520 nisi
1244 2479 1388 2521 eadem
1426 2478 1647 2532 utriusque
1685 2479 1794 2520 esset

244 2547 422 2588 essentia
451 2562 498 2588 ac
526 2547 734 2599 divinitas,
765 2548 853 2590 fieri
881 2549 997 2590 nulla
1025 2550 1189 2591 ratione
1218 2553 1374 2603 posset.

296 2617 452 2660 XXIII.
482 2618 516 2659 E
546 2619 690 2660 multis
719 2619 821 2661 locis
850 2620 1066 2672 ejusmodi,
1098 2620 1201 2663 haec
1228 2622 1312 2663 tria
1334 2624 1502 2663 tantum
1526 2620 1794 2676 proferimus.

244 2687 369 2731 Num.
400 2691 460 2741 14,
490 2691 552 2731 22.
583 2689 649 2732 Ps.
679 2691 742 2742 95,
772 2691 809 2732 8.
841 2691 909 2732 Es.
939 2693 1001 2743 63,
1033 2693 1094 2734 10.
1127 2695 1168 2734 et
1193 2693 1296 2734 alibi
1318 2694 1476 2748 passim
1493 2708 1614 2735 verus
1630 2691 1796 2735 Jehova

246 2762 288 2800 et
316 2759 428 2802 Deus
455 2760 618 2803 Israelis
647 2764 835 2803 tentatus
864 2762 1017 2804 dicitur
1044 2764 1087 2804 in
1117 2764 1281 2806 deserto
1312 2765 1364 2806 ab
1393 2764 1608 2817 Israelitis,
1638 2764 1796 2807 Paulus

246 2845 344 2872 vero
385 2833 406 2873 1
445 2831 536 2873 Cor.
576 2834 636 2884 10,
676 2834 712 2874 9.
744 2833 957 2875 Christum
986 2835 1038 2876 ab
1068 2835 1119 2877 iis
1147 2835 1276 2878 fuisse
1302 2836 1347 2878 in
1376 2836 1541 2878 deserto
1569 2839 1794 2889 tentatum,

249 2901 413 2943 disertis
451 2903 587 2944 verbis
621 2903 691 2945 ait.
721 2904 788 2945 Ps.
817 2905 906 2956 102,
937 2906 998 2947 26.
1030 2905 1079 2947 de
1109 2921 1207 2948 vero
1237 2906 1402 2949 Jehova
1431 2909 1473 2949 et
1500 2907 1592 2950 Deo
1620 2907 1796 2950 Davidis

251 2971 424 3013 dicitur:
467 2972 538 3013 Tu
583 2974 643 3015 ab
686 2974 874 3027 initio,
916 2975 1161 3029 Domine,
1204 2979 1409 3021 terram
1449 2978 1715 3031 fundasti,
1745 2980 1797 3020 et
