<?xml version="1.0" encoding="UTF-8"?>
<!DOCTYPE html PUBLIC "-//W3C//DTD XHTML 1.0 Transitional//EN"
    "http://www.w3.org/TR/xhtml1/DTD/xhtml1-transitional.dtd">
<html xmlns="http://www.w3.org/1999/xhtml" xml:lang="en" lang="en">
 <head>
  <title>
</title>
<meta http-equiv="Content-Type" content="text/html;charset=utf-8" />
  <meta name='ocr-system' content='tesseract 3.04.00' />
  <meta name='ocr-capabilities' content='ocr_page ocr_carea ocr_par ocr_line ocrx_word'/>
</head>
<body>
  <div class='ocr_page' id='page_1' title='image "./synopsispurioris00poly_0495.png"; bbox 0 0 1931 3224; ppageno 0'>
   <div class='ocr_carea' id='block_1_1' title="bbox 267 108 1658 152">
    <p class='ocr_par' dir='ltr' id='par_1_1' title="bbox 267 108 1658 152">
     <span class='ocr_line' id='line_1_1' title="bbox 267 108 1658 152; baseline -0.001 0"><span class='ocrx_word' id='word_1_1' title='bbox 267 110 332 152; x_wconf 67' lang='lat' dir='ltr'>DE</span> <span class='ocrx_word' id='word_1_2' title='bbox 359 109 643 152; x_wconf 77' lang='lat' dir='ltr'><strong>MINISTRORUM</strong></span> <span class='ocrx_word' id='word_1_3' title='bbox 671 108 1058 152; x_wconf 63' lang='lat' dir='ltr'>Eccmsnsncomi</span> <span class='ocrx_word' id='word_1_4' title='bbox 1086 108 1235 151; x_wconf 76' lang='lat' dir='ltr'>VOCAT.</span> <span class='ocrx_word' id='word_1_5' title='bbox 1271 123 1318 150; x_wconf 82' lang='lat' dir='ltr'>ET</span> <span class='ocrx_word' id='word_1_6' title='bbox 1348 108 1495 150; x_wconf 69' lang='lat' dir='ltr'>FUNCT.</span> <span class='ocrx_word' id='word_1_7' title='bbox 1580 111 1658 151; x_wconf 86' lang='lat'>475</span> 
     </span>
    </p>
   </div>
   <div class='ocr_carea' id='block_1_2' title="bbox 94 233 1667 2216">
    <p class='ocr_par' dir='ltr' id='par_1_2' title="bbox 98 233 1667 778">
     <span class='ocr_line' id='line_1_2' title="bbox 152 233 1664 289; baseline -0.001 -12"><span class='ocrx_word' id='word_1_8' title='bbox 152 235 325 277; x_wconf 78' lang='lat' dir='ltr'>Sicuti</span> <span class='ocrx_word' id='word_1_9' title='bbox 355 236 470 289; x_wconf 84' lang='lat' dir='ltr'>ejus</span> <span class='ocrx_word' id='word_1_10' title='bbox 498 235 865 284; x_wconf 87' lang='lat' dir='ltr'>vocationem,</span> <span class='ocrx_word' id='word_1_11' title='bbox 889 234 967 276; x_wconf 90' lang='lat' dir='ltr'>sic</span> <span class='ocrx_word' id='word_1_12' title='bbox 992 233 1231 287; x_wconf 84' lang='lat' dir='ltr'>ejusdem</span> <span class='ocrx_word' id='word_1_13' title='bbox 1258 233 1664 276; x_wconf 69' lang='lat' dir='ltr'>ordinationem</span> 
     </span>
     <span class='ocr_line' id='line_1_3' title="bbox 99 305 1667 359; baseline -0.002 -9"><span class='ocrx_word' id='word_1_14' title='bbox 99 309 152 350; x_wconf 90' lang='lat' dir='ltr'>in</span> <span class='ocrx_word' id='word_1_15' title='bbox 189 307 440 350; x_wconf 81' lang='lat' dir='ltr'>Ecclesia</span> <span class='ocrx_word' id='word_1_16' title='bbox 473 308 581 359; x_wconf 88' lang='lat' dir='ltr'>jam</span> <span class='ocrx_word' id='word_1_17' title='bbox 620 306 930 348; x_wconf 86' lang='lat' dir='ltr'>constituta</span> <span class='ocrx_word' id='word_1_18' title='bbox 968 320 1177 359; x_wconf 81' lang='lat' dir='ltr'>semper</span> <span class='ocrx_word' id='word_1_19' title='bbox 1214 305 1449 359; x_wconf 86' lang='lat' dir='ltr'>requiri,</span> <span class='ocrx_word' id='word_1_20' title='bbox 1479 306 1667 347; x_wconf 84' lang='lat' dir='ltr'>adver-</span> 
     </span>
     <span class='ocr_line' id='line_1_4' title="bbox 99 376 1665 430; baseline -0.002 -9"><span class='ocrx_word' id='word_1_21' title='bbox 99 394 186 421; x_wconf 89' lang='lat' dir='ltr'>sus</span> <span class='ocrx_word' id='word_1_22' title='bbox 241 378 490 421; x_wconf 86' lang='lat' dir='ltr'>Socinianos</span> <span class='ocrx_word' id='word_1_23' title='bbox 550 377 904 429; x_wconf 73' lang='lat' dir='ltr'>affirmamus,</span> <span class='ocrx_word' id='word_1_24' title='bbox 957 380 1067 418; x_wconf 92' lang='lat' dir='ltr'>tum</span> <span class='ocrx_word' id='word_1_25' title='bbox 1128 377 1251 430; x_wconf 89' lang='lat' dir='ltr'>quia</span> <span class='ocrx_word' id='word_1_26' title='bbox 1301 376 1562 430; x_wconf 72' lang='lat' dir='ltr'>Apostoli</span> <span class='ocrx_word' id='word_1_27' title='bbox 1615 379 1665 418; x_wconf 89' lang='lat' dir='ltr'>et</span> 
     </span>
     <span class='ocr_line' id='line_1_5' title="bbox 98 447 1665 503; baseline -0.003 -10"><span class='ocrx_word' id='word_1_28' title='bbox 98 449 489 503; x_wconf 83' lang='lat' dir='ltr'>Evangelistae</span> <span class='ocrx_word' id='word_1_29' title='bbox 518 449 680 490; x_wconf 87' lang='lat' dir='ltr'>ritum</span> <span class='ocrx_word' id='word_1_30' title='bbox 708 448 862 491; x_wconf 92' lang='lat' dir='ltr'>illum</span> <span class='ocrx_word' id='word_1_31' title='bbox 892 447 1289 500; x_wconf 88' lang='lat' dir='ltr'>ordinationis,</span> <span class='ocrx_word' id='word_1_32' title='bbox 1318 451 1374 490; x_wconf 90' lang='lat' dir='ltr'>ut</span> <span class='ocrx_word' id='word_1_33' title='bbox 1401 447 1512 501; x_wconf 90' lang='lat' dir='ltr'>ipsi</span> <span class='ocrx_word' id='word_1_34' title='bbox 1542 462 1665 500; x_wconf 91' lang='lat' dir='ltr'>quo-</span> 
     </span>
     <span class='ocr_line' id='line_1_6' title="bbox 99 519 1664 574; baseline -0.001 -12"><span class='ocrx_word' id='word_1_35' title='bbox 99 536 198 574; x_wconf 88' lang='lat' dir='ltr'>que</span> <span class='ocrx_word' id='word_1_36' title='bbox 250 520 535 563; x_wconf 81' lang='lat' dir='ltr'>Sociniani</span> <span class='ocrx_word' id='word_1_37' title='bbox 585 519 953 571; x_wconf 87' lang='lat' dir='ltr'>confitentur,</span> <span class='ocrx_word' id='word_1_38' title='bbox 1005 520 1057 561; x_wconf 93' lang='lat' dir='ltr'>in</span> <span class='ocrx_word' id='word_1_39' title='bbox 1107 519 1411 561; x_wconf 80' lang='lat' dir='ltr'>Ecclesiam</span> <span class='ocrx_word' id='word_1_40' title='bbox 1454 519 1664 561; x_wconf 90' lang='lat' dir='ltr'>Christi</span> 
     </span>
     <span class='ocr_line' id='line_1_7' title="bbox 98 590 1664 644; baseline -0.001 -10"><span class='ocrx_word' id='word_1_41' title='bbox 98 592 552 643; x_wconf 84' lang='lat' dir='ltr'>introduxerunt,</span> <span class='ocrx_word' id='word_1_42' title='bbox 596 593 706 633; x_wconf 92' lang='lat' dir='ltr'>tum</span> <span class='ocrx_word' id='word_1_43' title='bbox 749 591 873 644; x_wconf 89' lang='lat' dir='ltr'>quia</span> <span class='ocrx_word' id='word_1_44' title='bbox 915 590 1199 632; x_wconf 81' lang='lat' dir='ltr'>Ecclesiae</span> <span class='ocrx_word' id='word_1_45' title='bbox 1243 591 1371 633; x_wconf 87' lang='lat' dir='ltr'>ordo</span> <span class='ocrx_word' id='word_1_46' title='bbox 1417 606 1473 632; x_wconf 87' lang='lat' dir='ltr'>ac</span> <span class='ocrx_word' id='word_1_47' title='bbox 1512 591 1664 633; x_wconf 87' lang='lat' dir='ltr'>deco-</span> 
     </span>
     <span class='ocr_line' id='line_1_8' title="bbox 98 661 1662 717; baseline -0.001 -11"><span class='ocrx_word' id='word_1_48' title='bbox 98 679 213 706; x_wconf 89' lang='lat' dir='ltr'>rum</span> <span class='ocrx_word' id='word_1_49' title='bbox 242 662 553 716; x_wconf 70' lang='lat' dir='ltr'>efflagitat,</span> <span class='ocrx_word' id='word_1_50' title='bbox 583 665 640 704; x_wconf 91' lang='lat' dir='ltr'>ut</span> <span class='ocrx_word' id='word_1_51' title='bbox 668 661 806 704; x_wconf 87' lang='lat' dir='ltr'>idem</span> <span class='ocrx_word' id='word_1_52' title='bbox 836 662 1062 704; x_wconf 86' lang='lat' dir='ltr'>ritus-in</span> <span class='ocrx_word' id='word_1_53' title='bbox 1092 662 1242 703; x_wconf 91' lang='lat' dir='ltr'>domo</span> <span class='ocrx_word' id='word_1_54' title='bbox 1268 662 1366 704; x_wconf 91' lang='lat' dir='ltr'>Dei</span> <span class='ocrx_word' id='word_1_55' title='bbox 1391 666 1662 717; x_wconf 86' lang='lat' dir='ltr'>perpetuo</span> 
     </span>
     <span class='ocr_line' id='line_1_9' title="bbox 99 736 435 778; baseline -0.012 0"><span class='ocrx_word' id='word_1_56' title='bbox 99 736 435 778; x_wconf 86' lang='lat' dir='ltr'>observetur.</span> 
     </span>
    </p>

    <p class='ocr_par' dir='ltr' id='par_1_3' title="bbox 99 804 1662 930">
     <span class='ocr_line' id='line_1_10' title="bbox 149 804 1662 858; baseline 0 -11"><span class='ocrx_word' id='word_1_57' title='bbox 149 805 203 848; x_wconf 81' lang='lat' dir='ltr'>II.</span> <span class='ocrx_word' id='word_1_58' title='bbox 248 804 523 855; x_wconf 80' lang='lat' dir='ltr'>Quomodo</span> <span class='ocrx_word' id='word_1_59' title='bbox 569 804 817 847; x_wconf 86' lang='lat' dir='ltr'>Christus</span> <span class='ocrx_word' id='word_1_60' title='bbox 860 806 950 858; x_wconf 90' lang='lat' dir='ltr'>qui</span> <span class='ocrx_word' id='word_1_61' title='bbox 982 805 1185 847; x_wconf 88' lang='lat' dir='ltr'>clavem</span> <span class='ocrx_word' id='word_1_62' title='bbox 1214 805 1380 847; x_wconf 91' lang='lat' dir='ltr'>habet</span> <span class='ocrx_word' id='word_1_63' title='bbox 1410 805 1662 857; x_wconf 83' lang='lat' dir='ltr'>Davidis,</span> 
     </span>
     <span class='ocr_line' id='line_1_11' title="bbox 99 876 990 930; baseline -0.004 -9"><span class='ocrx_word' id='word_1_64' title='bbox 99 893 207 921; x_wconf 88' lang='lat' dir='ltr'>eam</span> <span class='ocrx_word' id='word_1_65' title='bbox 234 877 399 919; x_wconf 87' lang='lat' dir='ltr'>Petro</span> <span class='ocrx_word' id='word_1_66' title='bbox 431 891 643 930; x_wconf 88' lang='lat' dir='ltr'>quoque</span> <span class='ocrx_word' id='word_1_67' title='bbox 672 876 990 918; x_wconf 85' lang='lat' dir='ltr'>tradiderit.</span> 
     </span>
    </p>

    <p class='ocr_par' dir='ltr' id='par_1_4' title="bbox 94 947 1663 1287">
     <span class='ocr_line' id='line_1_12' title="bbox 150 947 1663 999; baseline 0 -8"><span class='ocrx_word' id='word_1_68' title='bbox 150 948 257 991; x_wconf 82' lang='lat' dir='ltr'>Nos</span> <span class='ocrx_word' id='word_1_69' title='bbox 283 948 562 990; x_wconf 83' lang='lat' dir='ltr'>Christum</span> <span class='ocrx_word' id='word_1_70' title='bbox 586 947 815 989; x_wconf 87' lang='lat' dir='ltr'>Davidis</span> <span class='ocrx_word' id='word_1_71' title='bbox 840 947 1043 989; x_wconf 84' lang='lat' dir='ltr'>clavem</span> <span class='ocrx_word' id='word_1_72' title='bbox 1068 947 1282 999; x_wconf 79' lang='lat' dir='ltr'>habere,</span> <span class='ocrx_word' id='word_1_73' title='bbox 1307 947 1663 991; x_wconf 87' lang='lat' dir='ltr'>utEcclesiae</span> 
     </span>
     <span class='ocr_line' id='line_1_13' title="bbox 96 1019 1663 1073; baseline -0.001 -11"><span class='ocrx_word' id='word_1_74' title='bbox 96 1019 380 1062; x_wconf 89' lang='lat' dir='ltr'>Dominum</span> <span class='ocrx_word' id='word_1_75' title='bbox 427 1022 590 1071; x_wconf 85' lang='lat' dir='ltr'>atque</span> <span class='ocrx_word' id='word_1_76' title='bbox 639 1019 1039 1073; x_wconf 84' lang='lat' dir='ltr'>Episcoporum</span> <span class='ocrx_word' id='word_1_77' title='bbox 1077 1019 1387 1072; x_wconf 87' lang='lat' dir='ltr'>principem</span> <span class='ocrx_word' id='word_1_78' title='bbox 1425 1033 1663 1061; x_wconf 90' lang='lat' dir='ltr'>oecume-</span> 
     </span>
     <span class='ocr_line' id='line_1_14' title="bbox 95 1088 1661 1145; baseline 0 -12"><span class='ocrx_word' id='word_1_79' title='bbox 95 1091 291 1143; x_wconf 88' lang='lat' dir='ltr'>nicum,</span> <span class='ocrx_word' id='word_1_80' title='bbox 330 1090 552 1132; x_wconf 86' lang='lat' dir='ltr'>Petrum</span> <span class='ocrx_word' id='word_1_81' title='bbox 589 1104 720 1131; x_wconf 88' lang='lat' dir='ltr'>vero</span> <span class='ocrx_word' id='word_1_82' title='bbox 761 1104 870 1130; x_wconf 89' lang='lat' dir='ltr'>eam</span> <span class='ocrx_word' id='word_1_83' title='bbox 909 1104 933 1130; x_wconf 85' lang='lat' dir='ltr'>a</span> <span class='ocrx_word' id='word_1_84' title='bbox 967 1088 1215 1141; x_wconf 87' lang='lat' dir='ltr'>Christo,</span> <span class='ocrx_word' id='word_1_85' title='bbox 1247 1092 1302 1132; x_wconf 91' lang='lat' dir='ltr'>ut</span> <span class='ocrx_word' id='word_1_86' title='bbox 1335 1090 1499 1132; x_wconf 80' lang='lat' dir='ltr'>fidum</span> <span class='ocrx_word' id='word_1_87' title='bbox 1528 1106 1661 1145; x_wconf 82' lang='lat' dir='ltr'>mys-</span> 
     </span>
     <span class='ocr_line' id='line_1_15' title="bbox 96 1160 1663 1215; baseline 0.001 -12"><span class='ocrx_word' id='word_1_88' title='bbox 96 1163 360 1205; x_wconf 87' lang='lat' dir='ltr'>teriorum</span> <span class='ocrx_word' id='word_1_89' title='bbox 394 1160 569 1215; x_wconf 85' lang='lat' dir='ltr'>Regni</span> <span class='ocrx_word' id='word_1_90' title='bbox 602 1160 782 1214; x_wconf 89' lang='lat' dir='ltr'>ipsius</span> <span class='ocrx_word' id='word_1_91' title='bbox 819 1160 1263 1213; x_wconf 85' lang='lat' dir='ltr'>dispensatorem</span> <span class='ocrx_word' id='word_1_92' title='bbox 1301 1164 1462 1214; x_wconf 86' lang='lat' dir='ltr'>atque</span> <span class='ocrx_word' id='word_1_93' title='bbox 1504 1162 1663 1204; x_wconf 90' lang='lat' dir='ltr'>admi-</span> 
     </span>
     <span class='ocr_line' id='line_1_16' title="bbox 94 1232 1117 1287; baseline -0.002 -11"><span class='ocrx_word' id='word_1_94' title='bbox 94 1235 351 1285; x_wconf 84' lang='lat' dir='ltr'>nistrum,</span> <span class='ocrx_word' id='word_1_95' title='bbox 381 1233 682 1286; x_wconf 89' lang='lat' dir='ltr'>accepisse,</span> <span class='ocrx_word' id='word_1_96' title='bbox 713 1232 1117 1287; x_wconf 86' lang='lat' dir='ltr'>respondemus.</span> 
     </span>
    </p>

    <p class='ocr_par' dir='ltr' id='par_1_5' title="bbox 95 1303 1663 1490">
     <span class='ocr_line' id='line_1_17' title="bbox 148 1303 1663 1357; baseline 0.001 -10"><span class='ocrx_word' id='word_1_97' title='bbox 148 1305 223 1347; x_wconf 87' lang='lat' dir='ltr'>III.</span> <span class='ocrx_word' id='word_1_98' title='bbox 268 1304 344 1346; x_wconf 90' lang='lat' dir='ltr'>An</span> <span class='ocrx_word' id='word_1_99' title='bbox 388 1303 640 1346; x_wconf 86' lang='lat' dir='ltr'>Christus</span> <span class='ocrx_word' id='word_1_100' title='bbox 685 1304 865 1345; x_wconf 88' lang='lat' dir='ltr'>claves</span> <span class='ocrx_word' id='word_1_101' title='bbox 908 1303 1081 1357; x_wconf 83' lang='lat' dir='ltr'>Regni</span> <span class='ocrx_word' id='word_1_102' title='bbox 1119 1304 1397 1347; x_wconf 90' lang='lat' dir='ltr'>coelorum</span> <span class='ocrx_word' id='word_1_103' title='bbox 1437 1305 1543 1348; x_wconf 89' lang='lat' dir='ltr'>soli</span> <span class='ocrx_word' id='word_1_104' title='bbox 1573 1305 1663 1348; x_wconf 91' lang='lat' dir='ltr'>Pe-</span> 
     </span>
     <span class='ocr_line' id='line_1_18' title="bbox 95 1374 1662 1430; baseline 0.001 -12"><span class='ocrx_word' id='word_1_105' title='bbox 95 1379 202 1429; x_wconf 87' lang='lat' dir='ltr'>tro,</span> <span class='ocrx_word' id='word_1_106' title='bbox 242 1392 304 1418; x_wconf 89' lang='lat' dir='ltr'>an</span> <span class='ocrx_word' id='word_1_107' title='bbox 343 1391 469 1418; x_wconf 87' lang='lat' dir='ltr'>vero</span> <span class='ocrx_word' id='word_1_108' title='bbox 511 1375 723 1418; x_wconf 84' lang='lat' dir='ltr'>easdem</span> <span class='ocrx_word' id='word_1_109' title='bbox 755 1374 910 1417; x_wconf 88' lang='lat' dir='ltr'>Petri</span> <span class='ocrx_word' id='word_1_110' title='bbox 940 1389 1153 1429; x_wconf 90' lang='lat' dir='ltr'>quoque</span> <span class='ocrx_word' id='word_1_111' title='bbox 1183 1377 1531 1430; x_wconf 85' lang='lat' dir='ltr'>coapostolis</span> <span class='ocrx_word' id='word_1_112' title='bbox 1559 1380 1662 1419; x_wconf 87' lang='lat' dir='ltr'>tra-</span> 
     </span>
     <span class='ocr_line' id='line_1_19' title="bbox 97 1448 333 1490; baseline -0.004 0"><span class='ocrx_word' id='word_1_113' title='bbox 97 1448 333 1490; x_wconf 80' lang='lat' dir='ltr'>diderit?</span> 
     </span>
    </p>

    <p class='ocr_par' dir='ltr' id='par_1_6' title="bbox 96 1518 1662 1776">
     <span class='ocr_line' id='line_1_20' title="bbox 148 1518 1662 1575; baseline 0 -13"><span class='ocrx_word' id='word_1_114' title='bbox 148 1519 258 1563; x_wconf 88' lang='lat' dir='ltr'>Nos</span> <span class='ocrx_word' id='word_1_115' title='bbox 298 1518 578 1560; x_wconf 83' lang='lat' dir='ltr'>Christum</span> <span class='ocrx_word' id='word_1_116' title='bbox 618 1518 831 1561; x_wconf 88' lang='lat' dir='ltr'>easdem</span> <span class='ocrx_word' id='word_1_117' title='bbox 869 1519 1049 1561; x_wconf 84' lang='lat' dir='ltr'>claves</span> <span class='ocrx_word' id='word_1_118' title='bbox 1089 1521 1336 1562; x_wconf 87' lang='lat' dir='ltr'>omnibus</span> <span class='ocrx_word' id='word_1_119' title='bbox 1374 1520 1487 1562; x_wconf 89' lang='lat' dir='ltr'>suis</span> <span class='ocrx_word' id='word_1_120' title='bbox 1525 1521 1662 1575; x_wconf 88' lang='lat' dir='ltr'>Apo-</span> 
     </span>
     <span class='ocr_line' id='line_1_21' title="bbox 97 1590 1661 1646; baseline 0.001 -13"><span class='ocrx_word' id='word_1_121' title='bbox 97 1590 258 1633; x_wconf 79' lang='lat' dir='ltr'>stolis</span> <span class='ocrx_word' id='word_1_122' title='bbox 301 1591 484 1632; x_wconf 88' lang='lat' dir='ltr'>eodem</span> <span class='ocrx_word' id='word_1_123' title='bbox 526 1591 679 1632; x_wconf 91' lang='lat' dir='ltr'>modo</span> <span class='ocrx_word' id='word_1_124' title='bbox 724 1605 781 1632; x_wconf 90' lang='lat' dir='ltr'>ac</span> <span class='ocrx_word' id='word_1_125' title='bbox 817 1590 929 1632; x_wconf 87' lang='lat' dir='ltr'>fine</span> <span class='ocrx_word' id='word_1_126' title='bbox 956 1591 1261 1633; x_wconf 87' lang='lat' dir='ltr'>tradidisse</span> <span class='ocrx_word' id='word_1_127' title='bbox 1291 1607 1351 1633; x_wconf 81' lang='lat' dir='ltr'>ex</span> <span class='ocrx_word' id='word_1_128' title='bbox 1380 1593 1661 1646; x_wconf 86' lang='lat' dir='ltr'>aequipol-</span> 
     </span>
     <span class='ocr_line' id='line_1_22' title="bbox 96 1661 1660 1716; baseline 0.001 -12"><span class='ocrx_word' id='word_1_129' title='bbox 96 1662 344 1704; x_wconf 88' lang='lat' dir='ltr'>lentibus</span> <span class='ocrx_word' id='word_1_130' title='bbox 373 1661 582 1703; x_wconf 87' lang='lat' dir='ltr'>Christi</span> <span class='ocrx_word' id='word_1_131' title='bbox 611 1661 830 1713; x_wconf 84' lang='lat' dir='ltr'>effatis,</span> <span class='ocrx_word' id='word_1_132' title='bbox 854 1662 1003 1703; x_wconf 87' lang='lat' dir='ltr'>Matt.</span> <span class='ocrx_word' id='word_1_133' title='bbox 1031 1663 1092 1714; x_wconf 82' lang='lat'>16,</span> <span class='ocrx_word' id='word_1_134' title='bbox 1119 1663 1181 1704; x_wconf 81' lang='lat'>19.</span> <span class='ocrx_word' id='word_1_135' title='bbox 1208 1665 1256 1705; x_wconf 87' lang='lat' dir='ltr'>et</span> <span class='ocrx_word' id='word_1_136' title='bbox 1280 1663 1470 1705; x_wconf 87' lang='lat' dir='ltr'>Johan.</span> <span class='ocrx_word' id='word_1_137' title='bbox 1502 1664 1565 1716; x_wconf 80' lang='lat'>20,</span> <span class='ocrx_word' id='word_1_138' title='bbox 1596 1664 1660 1706; x_wconf 82' lang='lat'>23.</span> 
     </span>
     <span class='ocr_line' id='line_1_23' title="bbox 96 1733 1145 1776; baseline -0.001 0"><span class='ocrx_word' id='word_1_139' title='bbox 96 1734 356 1776; x_wconf 88' lang='lat' dir='ltr'>adversus</span> <span class='ocrx_word' id='word_1_140' title='bbox 386 1733 722 1776; x_wconf 87' lang='lat' dir='ltr'>Pontificios</span> <span class='ocrx_word' id='word_1_141' title='bbox 752 1733 1145 1776; x_wconf 85' lang='lat' dir='ltr'>concludimus.</span> 
     </span>
    </p>

    <p class='ocr_par' dir='ltr' id='par_1_7' title="bbox 95 1804 1661 1989">
     <span class='ocr_line' id='line_1_24' title="bbox 148 1804 1661 1858; baseline 0.001 -11"><span class='ocrx_word' id='word_1_142' title='bbox 148 1804 223 1847; x_wconf 88' lang='lat' dir='ltr'>IV.</span> <span class='ocrx_word' id='word_1_143' title='bbox 282 1804 360 1846; x_wconf 89' lang='lat' dir='ltr'>An</span> <span class='ocrx_word' id='word_1_144' title='bbox 419 1804 722 1858; x_wconf 88' lang='lat' dir='ltr'>Apostolus</span> <span class='ocrx_word' id='word_1_145' title='bbox 773 1804 981 1847; x_wconf 88' lang='lat' dir='ltr'>Paulus</span> <span class='ocrx_word' id='word_1_146' title='bbox 1025 1820 1137 1847; x_wconf 86' lang='lat' dir='ltr'>cum</span> <span class='ocrx_word' id='word_1_147' title='bbox 1178 1805 1449 1848; x_wconf 89' lang='lat' dir='ltr'>hominem</span> <span class='ocrx_word' id='word_1_148' title='bbox 1489 1807 1661 1849; x_wconf 89' lang='lat' dir='ltr'>inces-</span> 
     </span>
     <span class='ocr_line' id='line_1_25' title="bbox 95 1876 1661 1931; baseline 0 -12"><span class='ocrx_word' id='word_1_149' title='bbox 95 1879 312 1919; x_wconf 89' lang='lat' dir='ltr'>tuosum</span> <span class='ocrx_word' id='word_1_150' title='bbox 350 1876 585 1920; x_wconf 83' lang='lat' dir='ltr'>Satanae</span> <span class='ocrx_word' id='word_1_151' title='bbox 624 1877 896 1927; x_wconf 82' lang='lat' dir='ltr'>traderet,</span> <span class='ocrx_word' id='word_1_152' title='bbox 936 1876 1225 1930; x_wconf 87' lang='lat' dir='ltr'>quicquam</span> <span class='ocrx_word' id='word_1_153' title='bbox 1262 1877 1544 1931; x_wconf 86' lang='lat' dir='ltr'>peculiare</span> <span class='ocrx_word' id='word_1_154' title='bbox 1576 1877 1661 1919; x_wconf 90' lang='lat' dir='ltr'>ha-</span> 
     </span>
     <span class='ocr_line' id='line_1_26' title="bbox 96 1948 312 1989; baseline 0 0"><span class='ocrx_word' id='word_1_155' title='bbox 96 1948 312 1989; x_wconf 78' lang='lat' dir='ltr'>buerit?</span> 
     </span>
    </p>

    <p class='ocr_par' dir='ltr' id='par_1_8' title="bbox 98 2017 1661 2216">
     <span class='ocr_line' id='line_1_27' title="bbox 149 2017 1661 2073; baseline 0.002 -14"><span class='ocrx_word' id='word_1_156' title='bbox 149 2017 259 2059; x_wconf 90' lang='lat' dir='ltr'>Nos</span> <span class='ocrx_word' id='word_1_157' title='bbox 303 2020 493 2060; x_wconf 86' lang='lat' dir='ltr'>contra</span> <span class='ocrx_word' id='word_1_158' title='bbox 533 2017 882 2069; x_wconf 83' lang='lat' dir='ltr'>Socinianos,</span> <span class='ocrx_word' id='word_1_159' title='bbox 924 2018 1254 2073; x_wconf 84' lang='lat' dir='ltr'>Apostolum</span> <span class='ocrx_word' id='word_1_160' title='bbox 1295 2019 1520 2063; x_wconf 90' lang='lat' dir='ltr'>Paulum</span> <span class='ocrx_word' id='word_1_161' title='bbox 1556 2036 1661 2063; x_wconf 90' lang='lat' dir='ltr'>non</span> 
     </span>
     <span class='ocr_line' id='line_1_28' title="bbox 98 2088 1661 2143; baseline 0.001 -10"><span class='ocrx_word' id='word_1_162' title='bbox 98 2106 157 2133; x_wconf 83' lang='lat' dir='ltr'>ex</span> <span class='ocrx_word' id='word_1_163' title='bbox 190 2091 312 2143; x_wconf 85' lang='lat' dir='ltr'>jure</span> <span class='ocrx_word' id='word_1_164' title='bbox 342 2089 451 2131; x_wconf 89' lang='lat' dir='ltr'>sibi</span> <span class='ocrx_word' id='word_1_165' title='bbox 480 2088 773 2142; x_wconf 85' lang='lat' dir='ltr'>peculiari,</span> <span class='ocrx_word' id='word_1_166' title='bbox 804 2089 894 2131; x_wconf 89' lang='lat' dir='ltr'>sed</span> <span class='ocrx_word' id='word_1_167' title='bbox 921 2090 1028 2132; x_wconf 90' lang='lat' dir='ltr'>sibi</span> <span class='ocrx_word' id='word_1_168' title='bbox 1059 2105 1173 2132; x_wconf 92' lang='lat' dir='ltr'>cum</span> <span class='ocrx_word' id='word_1_169' title='bbox 1202 2091 1449 2133; x_wconf 88' lang='lat' dir='ltr'>omnibus</span> <span class='ocrx_word' id='word_1_170' title='bbox 1478 2091 1661 2134; x_wconf 87' lang='lat' dir='ltr'>Eccle-</span> 
     </span>
     <span class='ocr_line' id='line_1_29' title="bbox 98 2161 1661 2216; baseline 0.003 -14"><span class='ocrx_word' id='word_1_171' title='bbox 98 2162 210 2203; x_wconf 89' lang='lat' dir='ltr'>siae</span> <span class='ocrx_word' id='word_1_172' title='bbox 247 2161 601 2216; x_wconf 81' lang='lat' dir='ltr'>presbyteris</span> <span class='ocrx_word' id='word_1_173' title='bbox 640 2161 925 2213; x_wconf 82' lang='lat' dir='ltr'>communi,</span> <span class='ocrx_word' id='word_1_174' title='bbox 967 2161 1344 2204; x_wconf 88' lang='lat' dir='ltr'>incestuosum</span> <span class='ocrx_word' id='word_1_175' title='bbox 1385 2163 1539 2205; x_wconf 89' lang='lat' dir='ltr'>illum</span> <span class='ocrx_word' id='word_1_176' title='bbox 1576 2163 1661 2206; x_wconf 86' lang='lat' dir='ltr'>Sa-</span> 
     </span>
    </p>
   </div>
   <div class='ocr_carea' id='block_1_3' title="bbox 97 2232 1659 2355">
    <p class='ocr_par' dir='ltr' id='par_1_9' title="bbox 97 2232 1659 2355">
     <span class='ocr_line' id='line_1_30' title="bbox 97 2232 1659 2286; baseline 0.003 -13"><span class='ocrx_word' id='word_1_177' title='bbox 97 2234 257 2274; x_wconf 87' lang='lat' dir='ltr'>tanae</span> <span class='ocrx_word' id='word_1_178' title='bbox 299 2232 622 2280; x_wconf 83' lang='lat' dir='ltr'>tradidisse,</span> <span class='ocrx_word' id='word_1_179' title='bbox 661 2232 981 2286; x_wconf 82' lang='lat' dir='ltr'>colligimus</span> <span class='ocrx_word' id='word_1_180' title='bbox 1011 2248 1070 2275; x_wconf 83' lang='lat' dir='ltr'>ex</span> <span class='ocrx_word' id='word_1_181' title='bbox 1102 2234 1123 2275; x_wconf 94' lang='lat'>1</span> <span class='ocrx_word' id='word_1_182' title='bbox 1155 2232 1266 2276; x_wconf 93' lang='lat' dir='ltr'>Cor.</span> <span class='ocrx_word' id='word_1_183' title='bbox 1297 2234 1334 2285; x_wconf 88' lang='lat'>5,</span> <span class='ocrx_word' id='word_1_184' title='bbox 1363 2235 1399 2277; x_wconf 84' lang='lat'>5.</span> <span class='ocrx_word' id='word_1_185' title='bbox 1431 2237 1480 2277; x_wconf 89' lang='lat' dir='ltr'>et</span> <span class='ocrx_word' id='word_1_186' title='bbox 1509 2235 1659 2278; x_wconf 88' lang='lat' dir='ltr'>Matt.</span> 
     </span>
     <span class='ocr_line' id='line_1_31' title="bbox 99 2303 400 2355; baseline 0 -10"><span class='ocrx_word' id='word_1_187' title='bbox 99 2303 172 2355; x_wconf 86' lang='lat'>18,</span> <span class='ocrx_word' id='word_1_188' title='bbox 215 2303 284 2346; x_wconf 86' lang='lat'>17.</span> <span class='ocrx_word' id='word_1_189' title='bbox 329 2303 400 2345; x_wconf 84' lang='lat'>18.</span> 
     </span>
    </p>
   </div>
  </div>
 </body>
</html>
