1931 3224
327 150 391 192 DE
420 149 748 192 RESURRECTIONE
779 148 926 192 CARNIS
955 165 1001 193 ΕΤ
1030 149 1188 192 JUDIGIO
1216 163 1404 191 Exramro.
1567 149 1644 190 643

92 275 286 316 afferri
327 289 486 328 posse
528 275 703 318 videri
746 275 860 327 dicit,
899 275 1036 317 unde
1073 274 1352 317 sententia
1389 273 1488 315 illa
1526 288 1642 326 pro-

92 346 211 388 bari
254 347 446 400 possit.
489 346 670 389 Dixerat
711 349 846 399 antea,
890 362 943 389 se
981 349 1030 388 et
1068 361 1192 389 suos
1230 360 1501 399 nunquam
1539 359 1647 387 eam

92 433 200 460 rem
236 421 426 472 aperte
463 418 832 474 proposuisse.
870 417 1049 472 Nempe,
1087 421 1135 460 ut
1172 418 1273 459 alibi
1306 418 1550 471 loquuntur,
1584 417 1649 458 111-

91 490 259 532 terdum
298 493 478 544 possunt
516 490 722 543 quaedam
759 491 854 543 dici,
893 505 1000 543 quae
1036 490 1147 532 hanc
1185 490 1439 532 sententiam
1467 488 1649 531 1101111111-

93 562 170 603 bus
208 561 405 615 indicent,
444 562 576 604 donec
612 563 784 604 tandem
814 564 929 604 aetas
958 563 1216 604 maturescat
1245 564 1287 603 et
1314 560 1508 603 homines
1536 560 1649 602 hisce

90 632 292 685 loquendi
341 633 477 675 modis
529 636 782 676 assuescant.
835 633 917 676 Sed
969 633 1170 687 quicquid
1218 633 1281 674 1111
1333 633 1383 675 de
1429 647 1471 674 re
1521 632 1650 691 561111-

92 706 166 745 3111
207 707 281 746 3111
316 705 455 746 verbis
492 704 690 758 indicent,
730 708 892 747 certum
930 708 1006 758 est,
1045 705 1312 756 sententiam,
1351 719 1459 757 quae
1496 703 1650 757 impio-

92 791 186 817 rum
233 776 586 818 resurrectionem
629 779 670 818 et
713 779 967 831 perpetuam
1010 791 1156 818 eorum
1199 776 1467 818 durationem
1508 778 1651 829 negat,

94 847 238 890 eadem
277 861 406 901 opera
444 848 595 890 tollere
633 848 813 901 ignem
842 851 1123 890 aeternum
1152 849 1537 901 praeparatum
1566 846 1651 888 Di-

93 919 251 961 abolo
293 921 344 961 et
371 919 599 973 Angelis
630 921 767 973 ejus,
795 919 920 962 Matt.
948 919 1012 971 25,
1041 919 1105 961 41.
1137 921 1178 961 et
1206 919 1270 960 45.
1299 919 1478 972 ignem
1508 918 1652 960 inex-

94 991 505 1046 stinguibilem,
537 991 659 1033 Matt.
690 992 726 1043 3,
759 992 819 1033 12.
850 1006 1082 1033 vermem
1110 990 1400 1044 impiorum
1431 990 1519 1043 qui
1548 1004 1652 1031 non

94 1063 384 1115 morietur,
423 1062 554 1105 Marc.
593 1065 629 1115 9,
659 1063 722 1104 43.
755 1062 856 1105 Non
885 1064 1065 1117 possunt
1098 1062 1209 1104 enim
1238 1064 1410 1104 aeterno
1441 1061 1651 1114 supplicio

94 1134 220 1187 affici,
251 1135 323 1188 qui
350 1149 436 1177 non
465 1137 563 1177 sunt
591 1134 634 1175 in
665 1137 886 1176 aeternum
914 1133 1118 1176 duraturi.

146 1205 322 1248 XXXV.
361 1206 430 1247 Ad
469 1221 517 1248 ea
554 1221 662 1260 quae
701 1208 848 1248 contra
888 1206 1134 1257 afferuntur,
1164 1205 1207 1246 in
1238 1220 1390 1258 genere
1420 1205 1653 1247 notandum

95 1279 171 1330 est,
211 1277 324 1330 quod
363 1278 719 1330 quemadmodum
757 1278 905 1319 vitae
942 1292 1109 1329 nomen,
1148 1277 1247 1318 licet
1276 1277 1328 1318 ad
1358 1291 1652 1330 quamcunque

93 1349 227 1390 vitam
265 1349 423 1391 bonam
459 1350 527 1392 vel
563 1350 719 1391 malam
755 1350 811 1391 sit
847 1349 1101 1400 indifferens,
1132 1348 1198 1390 vel
1227 1348 1279 1390 ad
1307 1349 1475 1390 beatam
1504 1352 1546 1391 et
1574 1350 1652 1390 mi-

95 1434 243 1473 seram,
282 1421 513 1473 aliquando
551 1423 696 1463 tamen
733 1421 795 1462 ita
832 1421 1039 1474 accipitur
1067 1419 1271 1472 restricte,
1302 1422 1349 1461 ut
1377 1420 1510 1462 vitam
1540 1434 1653 1462 com-

94 1491 275 1544 modam,
304 1491 475 1534 beatam
505 1494 547 1534 et
574 1492 807 1547 optabilem
830 1492 1055 1545 significet,
1080 1494 1127 1532 ut
1152 1505 1246 1532 cum
1271 1492 1400 1544 poeta
1424 1491 1527 1532 dicit
1549 1506 1653 1533 non

96 1565 176 1604 est
213 1563 416 1616 vivere,
455 1564 546 1606 sed
585 1564 769 1606 valere
807 1563 941 1616 vita,
974 1563 1185 1616 quomodo
1218 1563 1346 1605 etiam
1374 1564 1418 1604 in
1447 1562 1651 1616 Symbolo

96 1633 273 1676 dicimus
309 1649 386 1677 nos
423 1635 589 1676 vitam
628 1637 905 1677 aeternam
945 1634 1131 1676 credere:
1171 1634 1229 1676 sic
1258 1634 1510 1676 resurrectio
1541 1634 1653 1688 apud

95 1709 290 1748 auctores
328 1721 470 1749 sacros
508 1722 633 1761 saepe
662 1709 830 1749 tantum
856 1707 901 1748 in
927 1707 1041 1749 bono
1072 1706 1339 1760 intelligitur,
1371 1708 1418 1748 ut
1447 1721 1538 1748 eam
1567 1706 1654 1759 sig-

94 1778 250 1830 nificet,
289 1793 372 1831 qua
410 1779 649 1832 resurgitur
677 1779 729 1821 ad
758 1779 928 1821 beatam
956 1779 1100 1821 vitam.
1131 1777 1369 1830 Praeterea,
1399 1778 1652 1820 resurrectio

97 1849 147 1890 de
185 1849 274 1891 vita
313 1865 362 1892 ea
389 1850 563 1904 proprie
601 1851 765 1902 dicitur,
805 1865 888 1903 qua
927 1865 1040 1892 mors
1070 1865 1215 1891 revera
1244 1852 1481 1903 superatur,
1511 1864 1653 1891 succe-

96 1921 220 1964 dente
247 1921 449 1963 nimirum
477 1922 578 1974 vita,
608 1937 716 1975 quae
743 1924 880 1963 morte
910 1922 965 1963 sit
994 1921 1237 1975 optabilior.
1269 1920 1414 1970 Qualis
1445 1936 1539 1962 cum
1566 1936 1653 1962 11011

97 1993 152 2034 511
189 1993 417 2048 impiorum
449 1994 716 2046 resurrectio,
747 2009 928 2047 quorum
958 1993 1123 2035 animae
1152 1992 1204 2034 ad
1231 1992 1313 2034 1100
1341 1993 1548 2046 recipient
1578 2008 1653 2034 sua

97 2078 287 2120 corpora,
327 2068 375 2107 ut
412 2066 582 2119 gravius
612 2066 858 2119 puniantur,
888 2068 929 2108 et
959 2065 1112 2118 quibus
1141 2064 1293 2106 melius
1324 2066 1443 2117 esset,
1472 2079 1558 2106 non
1587 2079 1652 2106 re-

97 2151 281 2190 surgere,
321 2152 448 2190 quam
486 2137 539 2179 ad
575 2137 707 2179 talem
745 2140 905 2179 statum
941 2150 1182 2190 resurgere:
1215 2135 1314 2177 hinc
1342 2136 1402 2188 fit,
1434 2138 1482 2177 ut
1509 2135 1652 2189 Scrip—

96 2209 192 2250 tura
230 2209 290 2250 sic
327 2209 378 2251 de
417 2208 560 2262 impiis
592 2208 805 2262 loquatur,
837 2207 957 2261 quasi
985 2222 1071 2249 non
1099 2207 1183 2249 sint
1210 2221 1398 2259 unquam
1427 2207 1652 2249 revocandi

97 2279 150 2321 ad
186 2279 333 2333 vitam,
373 2293 457 2333 qua
494 2280 621 2322 beata
660 2283 701 2322 et
741 2279 942 2334 optabilis
980 2279 1069 2320 vita
1097 2277 1364 2331 intelligitur.
1393 2277 1510 2332 Ergo
1541 2278 1652 2321 vitae

97 2353 292 2394 aeternae
331 2352 563 2406 appellatio
602 2352 663 2393 ita
702 2350 1006 2394 consideranda
1044 2351 1118 2401 est,
1157 2351 1203 2390 ut
1237 2349 1471 2403 accipiatur
1499 2350 1651 2403 primo,

98 2422 148 2464 de
184 2424 273 2465 vita
312 2424 541 2466 secundum
579 2423 804 2466 essentiam
843 2425 1059 2465 creaturae
1102 2421 1281 2463 viventis
1324 2422 1368 2462 in
1411 2436 1466 2474 se,
1509 2423 1545 2463 2.
1589 2437 1653 2464 se-

98 2494 279 2536 cundum
315 2495 583 2539 affectionem
611 2498 829 2538 creaturae
857 2493 1037 2536 viventis
1066 2493 1119 2535 ad
1148 2492 1407 2546 principium
1435 2494 1653 2534 aeternum

97 2566 224 2619 vitae,
260 2566 343 2609 hoc
381 2569 457 2618 est,
495 2566 656 2620 Deum3
694 2567 766 2620 qui
807 2568 1037 2620 propterea
1074 2564 1120 2605 in
1147 2564 1380 2618 Scripturis
1409 2564 1652 2618 appellatur

97 2638 186 2681 vita
222 2641 405 2681 aeterna.
444 2639 683 2683 Secundum
719 2638 852 2680 vitam
888 2637 1006 2679 illam
1045 2635 1322 2688 essentialem,
1360 2635 1504 2677 vivent
1532 2635 1653 2689 impii

96 2710 142 2752 in
183 2712 423 2762 aeternum3
467 2710 696 2753 secundum
740 2708 919 2751 alterum
961 2706 1145 2760 modum,
1184 2706 1264 2749 soli
1301 2706 1362 2760 pii
1399 2706 1443 2748 111
1482 2705 1650 2748 Christo

97 2780 201 2824 Jesu
229 2785 329 2824 sunt
356 2782 522 2824 victuri.

150 2851 348 2895 XXXVI.
378 2852 656 2902 Quaestiones
685 2850 736 2892 de
759 2849 993 2891 infantibus
1018 2848 1063 2890 in
1086 2851 1207 2891 utero
1231 2850 1416 2890 matrum
1442 2848 1651 2902 extinctis,

99 2923 149 2965 de
185 2923 371 2966 foetibus
410 2922 626 2974 abortivis,
664 2920 714 2962 de
752 2921 966 2973 monstriS,
1006 2922 1048 2962 et
1083 2920 1307 2973 similibus,
1337 2920 1443 2962 solvi
1472 2924 1651 2974 possunt

99 2995 330 3049 commode,
369 2995 511 3049 posita
548 2992 777 3049 hypothesi
816 2992 866 3034 de
904 2990 1175 3035 animatione.
1211 2987 1325 3035 Nam
1362 2994 1436 3034 aut
1473 3007 1653 3046 corpora
