1931 3224
242 141 320 180 392
777 138 1022 180 DISPUTATIO
1050 136 1270 179 XXXVII.

243 279 293 305 ex
332 263 513 316 imperio
551 262 744 313 aliorum,
783 275 831 303 ac
867 261 1120 303 necessitate
1158 262 1200 302 et
1230 275 1325 303 cum
1354 263 1486 304 animi
1513 263 1701 316 tristitia,
1732 265 1805 306 sed

241 333 576 385 voluntarie,
616 333 891 382 lubenter,
930 334 1186 386 prompto
1218 335 1386 385 atque
1413 333 1584 375 hilari
1614 334 1804 377 animo.

242 405 362 446 Alias
400 404 493 445 Deo
533 406 703 457 gratum
742 406 784 446 et
822 405 1045 458 acceptum
1083 418 1174 446 esse
1211 419 1298 446 non
1335 406 1494 458 potest,
1522 405 1646 447 Rom.
1676 406 1738 458 12,
1767 407 1804 448 8.

242 478 265 516 2
295 475 387 517 Cor.
417 475 454 526 8,
486 475 547 516 12.
580 477 621 516 01
649 475 686 526 9,
717 475 753 516 7.
783 473 906 516 Non
943 474 1207 516 mercedis
1237 475 1594 528 accipiendae
1623 476 1804 518 studio

242 562 290 588 ac
318 562 405 600 spe,
436 546 508 587 sed
536 546 748 599 gratiose:
778 546 881 587 illud
910 546 1023 587 enim
1051 560 1138 587 non
1165 546 1408 588 humanitas
1438 548 1511 587 aut
1540 547 1708 598 caritas,
1733 547 1806 589 sed

242 618 370 659 officii
401 620 509 659 esset
537 617 706 658 venatio
737 631 786 658 ac
813 617 1034 669 feneratio,
1062 617 1161 659 Luc.
1186 618 1223 669 6,
1249 618 1312 659 33.
1347 617 1466 660 Non
1500 633 1684 671 parce,
1718 618 1807 660 sed

242 689 585 741 liberaliter,
624 689 649 729 2
678 688 770 730 Cor.
800 690 838 741 9,
868 690 904 730 6.
934 689 1130 742 Denique
1160 704 1222 731 ex
1250 689 1362 731 fide
1393 703 1519 742 erga
1550 688 1734 741 Deum,
1765 691 1807 730 et

242 760 468 812 Christum,
500 761 520 801 1
552 759 660 801 Tim.
693 761 727 811 I,
758 761 794 801 5.
826 762 867 802 et
895 761 1137 802 caritate
1166 775 1292 813 erga
1315 759 1638 814 proximum,
1665 760 1685 800 1
1712 759 1804 802 Cor.

242 832 302 881 13,
343 831 380 871 3.
410 830 473 871 Ε3
512 831 623 872 0111111
659 830 771 872 30110
810 830 871 872 113
904 833 945 872 01
974 831 1208 873 voluntatis
1239 833 1282 872 et
1311 831 1539 884 potestatis
1569 832 1645 882 est,
1673 830 1803 872 Marc.

242 903 303 952 14,
334 903 369 943 7.
399 905 446 943 ut
474 902 751 944 nihilominus
782 902 970 955 regenda
1001 902 1056 943 sit
1087 902 1140 943 ad
1172 902 1360 944 caritatis
1386 902 1592 955 regulam.

292 972 448 1014 XXIX.
493 973 706 1028 Respectu
746 988 846 1015 vero
890 975 1007 1026 ejus
1051 974 1135 1015 cui
1177 974 1359 1024 datur3
1401 975 1449 1014 ut
1487 973 1806 1015 administretur

240 1044 388 1087 habita
416 1044 667 1086 necessitate
698 1045 913 1097 cujusque,
941 1044 1101 1086 scilicet
1126 1044 1534 1098 aequabilitate
1560 1045 1804 1097 quadani,

244 1117 293 1156 et
331 1115 669 1168 geometrica-
706 1116 1096 1169 proportione,
1126 1116 1169 1157 id
1199 1118 1275 1168 est,
1306 1130 1401 1157 cum
1430 1116 1681 1158 discretione
1710 1131 1806 1169 per-

243 1201 381 1238 sonae,
421 1201 582 1238 causae,
621 1187 716 1238 loci,
754 1189 797 1228 et
833 1187 1053 1240 temporis,
1094 1202 1167 1229 seu
1198 1188 1379 1240 quando,
1412 1190 1631 1240 quatenus,
1660 1187 1735 1230 ubi
1764 1191 1806 1229 et

244 1259 478 1311 quomod03
517 1258 560 1299 in
600 1258 754 1312 quibus
793 1258 1020 1311 prudentia
1051 1261 1092 1300 et
1122 1259 1443 1312 circumspectio
1473 1259 1658 1301 maxime
1687 1273 1806 1313 spec-

236 1332 371 1387 tatur,
402 1331 426 1371 2
455 1329 548 1372 Cor.
578 1331 615 1371 8.

295 1401 429 1443 XXX.
467 1401 772 1456 Pauperum
811 1403 997 1444 vicissim
1037 1403 1126 1455 qui
1164 1402 1579 1456 Eleemosynam
1607 1404 1806 1458 accipi-

244 1476 359 1525 unt,
400 1473 587 1515 officium
622 1475 698 1525 est,
728 1476 776 1514 ut
805 1488 882 1515 sua
911 1473 1154 1515 conditione
1183 1473 1268 1515 sint
1299 1474 1500 1527 contenti,
1531 1489 1618 1516 non
1645 1477 1806 1529 petant,

244 1545 327 1585 nisi
368 1544 411 1596 ii,
456 1547 497 1586 et
540 1559 760 1597 quousque
803 1559 900 1587 vere
944 1547 1117 1598 egentes
1161 1547 1280 1596 sunt3
1324 1560 1460 1599 pauca
1500 1545 1628 1587 hilari
1666 1546 1806 1588 animo

245 1616 414 1668 donata,
451 1616 580 1658 hilari
618 1616 814 1658 similiter
851 1617 992 1658 animo
1023 1616 1256 1670 accipiant3
1288 1631 1454 1670 semper
1484 1616 1738 1669 existiment,
1765 1617 1808 1658 id

242 1687 425 1729 multum
464 1690 506 1729 et
544 1702 747 1741 magnum
787 1702 889 1739 esse,
917 1688 1031 1741 quod
1060 1688 1218 1729 sufficit
1247 1687 1299 1729 ad
1325 1689 1504 1729 naturae
1534 1687 1808 1729 sustentatio-

245 1774 354 1811 nem,
394 1759 572 1812 Deoque
611 1760 772 1813 gratias
812 1762 943 1813 agant
974 1759 1088 1811 quod
1118 1759 1315 1801 excitarit
1344 1759 1440 1812 pios
1470 1759 1544 1812 qui
1571 1759 1676 1813 ipsis
1707 1773 1809 1812 pro-

247 1831 439 1884 spiciant.

295 1902 451 1944 XXXI.
510 1902 647 1944 Cura
701 1902 805 1945 haec
861 1917 1109 1956 pauperum,
1167 1902 1234 1944 vel
1287 1903 1512 1956 privata
1573 1905 1674 1954 est,
1727 1918 1810 1956 qua

246 1974 532 2028 singulorum3
576 1974 642 2016 vel
686 1974 932 2027 publica,
977 1988 1060 2026 qua
1104 1974 1249 2028 egenis
1293 1973 1489 2016 omnibus
1531 1974 1576 2015 in
1618 1974 1809 2016 ordinem

244 2046 437 2098 redactis,
467 2046 511 2087 in
540 2045 776 2100 Republica
806 2061 830 2087 a
858 2045 1119 2099 Magistratu
1144 2046 1231 2099 pio,
1258 2048 1331 2087 aut
1353 2046 1399 2087 in
1423 2045 1615 2088 Ecclesia
1640 2045 1694 2087 ab
1720 2047 1808 2099 ejus

244 2117 484 2171 praefectis,
521 2133 597 2171 per
635 2117 749 2159 viros
787 2132 950 2171 graves,
991 2116 1204 2170 providos,
1233 2117 1421 2170 idoneos,
1452 2119 1494 2159 et
1522 2117 1693 2170 publico
1724 2119 1809 2159 tes-

244 2189 424 2231 timonio
464 2189 684 2242 probatos,
725 2189 801 2230 sub
841 2191 1077 2242 spontanea
1105 2188 1297 2244 religiosi
1327 2189 1478 2242 pop-uli
1505 2188 1807 2240 munificentia,

246 2261 298 2302 ab
338 2261 535 2302 omnibus
574 2260 736 2302 viritim
765 2263 807 2302 et
835 2261 880 2302 in
909 2260 1050 2313 capita
1080 2260 1328 2302 collectione
1357 2259 1483 2311 facta,
1512 2260 1557 2304 in
1587 2274 1810 2302 commune

245 2335 287 2374 et
326 2347 376 2374 ex
413 2332 599 2386 publico,
639 2332 822 2374 fideliter
859 2334 901 2373 et
929 2331 1172 2385 prudenter,
1202 2345 1280 2385 pro
1311 2331 1564 2373 necessitate
1593 2332 1809 2384 cujusque,

246 2403 518 2457 prospicitur.

298 2473 476 2516 XXXII.
509 2474 585 2516 Cui
614 2474 697 2516 fine
726 2474 914 2528 Respub.
945 2474 1446 2528 Eleemosynarios,
1475 2473 1667 2516 Ecclesia
1695 2473 1811 2515 Dia-

248 2562 432 2599 conOS,
473 2549 514 2589 et
552 2546 902 2598 Diaconiam,
935 2561 990 2588 sc.
1029 2561 1279 2600 pauperum,
1318 2545 1414 2588 Act.
1445 2546 1482 2598 6,
1512 2546 1548 2587 1.
1578 2548 1619 2588 01
1649 2544 1810 2587 Gazo-

247 2619 584 2673 phylacium,
627 2633 698 2660 seu
735 2632 900 2659 sacrum
939 2617 1215 2670 Thesaurum,
1252 2632 1339 2659 non
1377 2619 1545 2659 tantum
1575 2617 1700 2659 rebus
1728 2616 1811 2659 Ec-

239 2691 409 2745 clesiae,
441 2691 513 2732 sed
543 2693 585 2732 01
614 2689 873 2744 pauperibus
903 2689 1062 2731 alendis
1088 2689 1291 2742 instituit,
1321 2689 1418 2731 Luc.
1448 2690 1511 2741 21,
1538 2689 1574 2730 1.
1606 2688 1743 2738 Quare
1769 2690 1812 2730 et

248 2762 463 2804 Ecclesiae
494 2762 732 2813 thesaurus,
764 2775 1000 2814 pauperum
1029 2760 1301 2814 singulariter
1331 2760 1497 2802 dicitur.
1525 2759 1648 2802 Unde
1678 2774 1702 2801 a
1728 2759 1810 2814 piis

248 2834 479 2886 majoribus
522 2832 796 2885 xenodochia,
840 2832 1100 2883 nosocomia,
1145 2831 1479 2885 gerontocomia,
1524 2830 1810 2884 orphanotro-

249 2904 363 2957 phia,
415 2905 768 2958 brephotrophia,
819 2903 1043 2945 viduarum
1086 2903 1248 2954 domus,
1292 2905 1370 2945 etc.
1412 2902 1610 2955 religiose
1651 2903 1810 2955 passini

251 2976 409 3017 exstrui
441 2979 684 3029 coeperunt.
717 2975 879 3025 Quibus
908 2974 940 3015 si
973 2974 1206 3016 communis
1232 2976 1273 3016 01
1297 2973 1546 3016 universalis
1570 2973 1810 3016 sollicitudo
