1931 3224
235 156 315 196 400
772 155 1013 197 DISPUTATIO
1042 154 1261 196 XXXVII.

237 297 330 323 cum
368 281 563 334 precibus
601 294 726 332 saepe
762 279 1046 332 conjungitur,
1083 279 1207 321 Matt.
1236 281 1301 332 26,
1329 281 1393 322 38.
1421 281 1486 323 41.
1517 282 1538 323 1
1568 281 1660 324 Pet.
1687 282 1726 334 4,
1756 282 1794 323 8.

237 368 320 406 qua
355 367 439 394 non
478 351 603 392 modo
639 349 848 404 Vigilia
887 350 1066 391 cordis
1103 350 1397 404 animique,
1437 367 1520 405 qua
1548 368 1715 407 semper
1741 353 1795 395 ad.

236 439 394 477 preces,
420 425 461 464 et
483 422 711 464 adventum
725 421 902 462 Domini
917 421 1059 474 parati
1075 423 1116 463 et
1133 422 1320 475 expediti
1335 437 1492 476 sumus,
1507 423 1631 466 Matt.
1651 424 1714 476 24,
1729 425 1794 466 42.

235 495 366 536 Marc.
405 494 466 545 13,
505 493 567 535 35.
602 492 700 534 Luc.
730 492 792 543 12,
822 493 885 533 39.
915 492 937 532 1
967 491 1111 533 Thess.
1142 493 1180 544 5,
1208 494 1244 534 6.
1275 494 1409 547 Apoc.
1439 495 1477 547 3,
1501 495 1539 536 3.
1570 497 1612 537 et
1641 495 1701 544 16,
1731 495 1794 536 15.

236 564 454 608 securitati
483 564 640 606 carnali
669 562 881 616 opposita,
909 562 1187 616 intelligitur;
1213 564 1286 606 sed
1315 567 1365 606 et
1394 565 1664 619 corporis,
1695 581 1796 618 qua

234 638 378 689 libere,
408 651 487 690 pro
510 636 763 678 necessitate
786 648 886 688 pars
911 634 1053 686 aliqua
1077 635 1127 676 de
1150 637 1275 676 nocte
1300 635 1550 687 detrahitur,
1575 636 1627 677 ad
1650 650 1796 689 preca-

234 709 408 760 tionem,
435 710 476 749 et
498 706 821 748 meditationem
846 706 1050 747 adventus
1073 705 1260 748 Domini.
1284 706 1354 748 Sic
1373 706 1512 749 David
1533 707 1582 749 de
1603 722 1646 749 se
1664 709 1796 749 testa-

236 783 316 831 tur,
354 779 466 821 Psal.
506 779 595 830 119,
625 778 688 820 55.
717 779 780 819 62.
811 777 1003 819 Christus
1031 777 1226 831 praeivit,
1255 777 1352 820 Luc.
1383 779 1420 831 6,
1452 779 1514 820 12.
1545 779 1798 821 confirmant

236 850 450 904 Apostoli,
480 849 637 891 Coloss.
662 850 700 901 4,
730 851 765 890 2.
791 848 937 891 Actor.
965 850 1028 900 16,
1051 849 1114 890 25.
1139 849 1298 892 scilicet
1320 852 1367 892 ut
1389 866 1729 904 praecaveamus,
1745 866 1798 893 ne

235 922 441 963 intremus
470 921 514 962 in
542 921 837 972 tentationem,
867 920 990 962 Matt.
1020 921 1084 972 26,
1114 921 1177 962 38.
1205 921 1269 962 41.

288 992 397 1035 LIX.
435 993 499 1034 Ea
534 1007 620 1034 non
658 993 795 1034 solum
832 992 1067 1045 privata,
1107 992 1196 1034 sed
1235 995 1285 1033 et
1324 992 1547 1047 publica
1576 995 1626 1034 et
1654 995 1798 1034 stata

238 1067 341 1109 olim
362 1065 456 1118 fuit,
480 1065 524 1106 in
548 1064 827 1124 Paschalibus
852 1063 1036 1117 Vigiliis,
1061 1063 1221 1105 scilicet
1244 1066 1369 1106 nocte
1393 1066 1491 1106 ante
1512 1064 1623 1106 diem
1642 1063 1799 1105 Resur-

236 1136 448 1189 rectionis,
480 1151 587 1189 quae
615 1135 842 1189 pervigilio
873 1134 1209 1187 celebrabantur,
1238 1135 1469 1177 luminibus
1499 1138 1540 1177 et
1563 1135 1732 1188 publice
1757 1137 1799 1177 et

237 1208 439 1262 privatim
459 1208 656 1259 accensis,
678 1206 875 1248 Ambros.
894 1205 1027 1248 Serm.
1048 1207 1111 1248 60.
1133 1205 1191 1248 In
1215 1205 1500 1248 Paschalis
1520 1206 1798 1248 Sabbatho

234 1281 556 1333 jejunamus,
581 1277 822 1331 Vigilias
849 1277 1201 1327 celebramus,
1228 1280 1278 1319 et
1303 1276 1660 1320 Orationibus
1684 1292 1800 1331 per-

239 1353 564 1393 cunctanter
597 1348 938 1400 insistimus,
964 1340 1125 1390 seilicet
1153 1350 1201 1389 ut
1226 1348 1415 1390 Lactant.
1440 1348 1530 1390 Lib.
1557 1349 1593 1390 7.
1619 1363 1710 1402 cap.
1737 1349 1800 1389 19.

240 1425 282 1463 et
311 1421 485 1463 Hieron.
516 1435 685 1462 causam
713 1420 906 1471 reddunt,
933 1419 1073 1472 quod
1101 1434 1157 1461 ea
1179 1422 1338 1462 nocte
1363 1418 1572 1461 Christi
1593 1419 1800 1472 judicis

240 1494 630 1547 exspectarent
655 1491 956 1533 adventum.
983 1490 1066 1533 Sed
1091 1506 1183 1533 eam
1207 1506 1297 1533 rem
1321 1505 1399 1543 pro
1420 1488 1660 1531 Christiana
1673 1489 1801 1531 liber-

238 1566 339 1616 tate,
372 1566 421 1605 ut
449 1563 580 1605 libere
605 1566 841 1618 susceptam
870 1565 1215 1616 usurpatamque,
1244 1562 1306 1605 ita
1335 1562 1466 1604 libere
1496 1576 1665 1615 quoque
1692 1560 1801 1602 anti-

239 1635 386 1689 quavit
413 1638 534 1677 vetus
562 1634 766 1677 Ecclesia.

290 1706 378 1749 LX.
416 1706 480 1749 Ac
516 1709 685 1748 tantum
722 1706 772 1748 de
805 1705 997 1759 Jejunio:
1027 1705 1395 1748 Bacchanalia
1423 1719 1535 1756 vero,
1566 1718 1673 1757 quae
1703 1705 1801 1745 ante

236 1778 445 1832 jejunium
484 1777 867 1832 Quadragesimale,
895 1778 940 1818 in
969 1792 1132 1820 morem
1162 1778 1377 1831 gentilem,
1401 1776 1599 1831 improba
1627 1790 1801 1818 consue-

239 1850 385 1892 tudine
424 1850 702 1892 observantur
739 1865 763 1891 a
795 1849 1044 1901 Pontificiis,
1076 1850 1150 1902 qui
1179 1849 1518 1892 extraordinaria
1544 1847 1729 1899 lascivia,
1760 1849 1802 1889 et

240 1922 341 1963 luxu
378 1922 552 1963 initiant
588 1920 672 1963 hoc
708 1935 829 1962 suum
862 1922 1069 1975 jejunium
1107 1920 1491 1974 Quadragesimale,
1523 1919 1576 1961 ab
1606 1918 1801 1961 omnibus

241 1993 494 2035 Christianis
524 1993 758 2035 execranda
787 1996 828 2036 et
857 1993 1030 2036 vitanda
1060 1993 1232 2035 omnino
1258 1995 1368 2034 sunt.

584 2350 767 2404 August.
796 2351 840 2392 in
869 2350 1085 2393 Euchirid.
1116 2351 1169 2393 ad
1196 2350 1319 2393 Laur.
1350 2364 1382 2391 c.
1412 2348 1475 2391 75.

298 2493 433 2536 Sane
473 2493 563 2546 qui
593 2493 1026 2536 sceleratissime
1052 2493 1262 2545 vivunt,
1294 2507 1390 2535 nec
1418 2493 1612 2535 curant
1638 2489 1803 2531 talem

245 2564 411 2606 vitam
439 2578 724 2617 moresque
755 2564 1050 2617 corrigere,
1084 2567 1134 2606 et
1161 2564 1306 2606 inter
1335 2565 1453 2617 ipsa
1476 2562 1727 2604 facinora
1752 2561 1803 2601 et

244 2635 480 2689 flagitia
517 2650 609 2677 sua
644 2635 1024 2688 eleemosynas
1053 2635 1409 2688 frequentare
1435 2649 1539 2676 non
1567 2633 1801 2683 cessant,
1851 2655 1854 2659 ·

245 2708 453 2749 frustra
477 2707 728 2749 sibiideo
748 2705 1407 2759 blandiuntur,quoniam
1425 2703 1686 2746 Dominus
1706 2701 1802 2753 ait,

246 2777 357 2820 Date
381 2778 700 2831 eleemosynam,
727 2780 769 2819 et
793 2792 899 2829 ecce,
925 2777 1067 2819 omnia
1089 2777 1246 2819 munda
1266 2779 1363 2819 sunt
1381 2776 1516 2818 vobis.
1535 2775 1648 2817 Hoc
1667 2774 1804 2815 enim

248 2864 400 2902 quam
449 2850 560 2891 late
606 2851 813 2903 pateat,
851 2863 954 2891 non
990 2848 1340 2902 intelligunt,
1378 2850 1474 2890 etc.
1511 2845 1666 2888 Itane
1706 2845 1805 2887 hoc

246 2920 598 2963 intellecturi
634 2935 834 2972 sumus,
872 2922 928 2961 ut
970 2918 1290 2961 Pharisaeis
1329 2933 1434 2961 non
1474 2916 1804 2960 habentibus

246 2990 417 3033 fidem
460 2991 688 3043 Christi,
732 2991 950 3034 etiamsi
980 3005 1084 3033 non
1114 2991 1474 3042 crediderint,
1503 3004 1597 3032 nec
1625 2988 1804 3031 renati
