1931 3224
634 147 697 189 DE
725 146 871 189 LIBERO
899 147 1108 188 ARBITmo.
1575 148 1651 188 145

92 276 239 316 nostra
288 275 503 326 potestate
545 272 685 325 situm,
728 274 901 322 vocant3
945 285 1126 324 quorum
1166 270 1271 312 illud
1311 271 1363 311 ab
1406 270 1648 323 Academia,

91 343 206 386 istud
233 358 258 387 a
285 343 502 396 Peripato,
533 343 615 385 hoc
647 358 671 384 a
700 342 804 385 Stoa
835 345 911 384 est.

145 413 219 457 IV.
258 414 326 456 Ex
352 413 420 456 his
448 414 521 455 illa
554 414 805 465 αὐτεξουσίου
834 429 931 466 VOX,
971 428 1078 467 quae
1119 413 1351 462 ἀδέσποτον,
1381 412 1519 465 quod
1546 413 1658 455 nul-

92 486 201 528 lius
232 485 367 539 juri,
406 485 643 539 imperio
683 500 739 527 ac
779 485 1080 527 directioni
1123 484 1331 536 subest,
1371 499 1396 526 a
1424 484 1542 526 nullo
1572 484 1659 526 scil.

93 557 292 611 pendenS,
322 557 367 597 in
395 555 582 598 humana
609 558 763 598 natura
789 559 830 597 et
859 555 1106 609 fragilitate,
1138 570 1246 608 quae
1274 555 1508 596 voluntatis
1533 554 1660 596 liber-

94 630 182 669 tate
221 628 274 669 ab
314 627 579 681 obligatione
619 630 661 669 et
698 627 929 668 directione
967 626 1047 668 Dei
1074 641 1293 679 nunquam
1323 628 1386 668 est
1412 625 1559 677 libera,
1589 626 1662 667 sed

96 700 184 752 ejus
221 698 515 752 providentiae
553 701 595 740 et
634 697 937 751 gubernationi
973 697 1209 750 subjicitur,
1238 697 1511 750 arrogantius
1541 697 1663 749 quid-

96 770 194 812 dam
231 772 377 820 notat3
418 784 466 811 ac
503 769 583 811 soli
620 769 712 811 Deo
749 768 854 810 haec
877 769 986 822 juris
1015 768 1191 810 libertas
1222 768 1430 810 convenit.
1461 767 1663 816 Quamvis

97 841 300 895 Origenes
324 841 368 882 in
392 840 577 894 Dialogo
605 855 699 882 cum
724 839 913 893 Magetio
931 840 1043 881 inter
1060 838 1308 889 αὐτεξούσιον
1326 841 1368 881 et
1384 838 1665 889 παντεξούσιον

97 912 346 965 distinguat,
376 914 424 953 ut
451 911 558 953 illud
587 911 715 953 etiam
745 913 973 962 creaturae,
1002 910 1085 953 hoc
1113 913 1282 953 tantum
1312 910 1404 953 Deo
1431 911 1665 953 conveniat.

97 984 157 1026 At
185 999 285 1026 vero
310 983 415 1025 illud
437 983 578 1037 ipsimi
601 998 687 1025 non
711 983 795 1024 nisi
818 983 984 1036 tropice
1008 984 1050 1024 et
1074 985 1269 1036 respectu
1296 982 1490 1035 quodam,
1516 996 1668 1035 nempe

97 1055 327 1098 secundum
354 1054 740 1109 participationem,
772 1055 991 1096 creaturae
1019 1053 1153 1095 tribui
1181 1056 1338 1107 potest.

152 1126 205 1169 V.
234 1126 386 1168 Potior
416 1128 458 1168 et
487 1125 846 1167 accommodatior
868 1125 938 1166 hic
962 1140 1045 1167 vox
1070 1128 1134 1167 est
1163 1125 1344 1174 ἑκουσίου,
1362 1126 1405 1167 id
1422 1128 1497 1177 est,
1514 1140 1668 1178 spon-

99 1197 250 1239 tanei
289 1200 340 1239 et
376 1197 707 1249 voluntarii,
746 1212 853 1250 quae
883 1196 1054 1249 quidem
1084 1196 1262 1249 οέκουσίῳ,
1293 1199 1485 1239 coacto
1516 1199 1568 1238 et
1595 1197 1669 1238 in-

100 1269 237 1320 vito,
286 1283 373 1311 non
418 1268 671 1322 simpliciter
699 1268 925 1321 οένοιγκοιίῳ,
964 1267 1302 1319 necessario,
1333 1268 1446 1320 quod
1475 1282 1564 1309 sese
1593 1267 1669 1309 ha-

100 1340 173 1382 bet
189 1340 243 1382 ad
269 1340 313 1383 τὸ
342 1340 485 1392 βίαιον,
516 1340 882 1391 coactionem,
908 1341 955 1380 ut
976 1354 1108 1393 genus
1129 1339 1181 1381 ad
1201 1339 1399 1393 speciem,
1425 1339 1669 1392 opponitur.

103 1410 280 1453 Gemina
310 1411 422 1453 enim
450 1412 691 1463 necessitas,
720 1410 1085 1452 immutabilitatis
1115 1413 1157 1452 et
1188 1410 1442 1460 coactionis3
1474 1410 1548 1451 illa
1577 1425 1671 1451 cum

101 1482 344 1525 voluntario
386 1483 616 1525 consistere
655 1484 811 1536 potest,
848 1482 952 1524 haec
991 1497 1077 1524 non
1106 1484 1260 1537 potest.
1290 1481 1358 1523 Ita
1385 1480 1501 1523 Deus
1530 1495 1672 1523 neces-

102 1553 214 1595 sario
255 1555 297 1595 et
336 1553 664 1595 immutabiliter
702 1554 841 1595 bonus
870 1555 946 1605 est,
975 1556 1023 1594 ut
1053 1553 1126 1606 qui
1155 1553 1207 1594 ad
1237 1552 1496 1595 contrarium
1524 1566 1566 1594 se
1596 1551 1672 1594 ha-

106 1625 206 1667 bere
242 1639 330 1666 non
364 1627 519 1678 potest,
549 1639 634 1667 non
665 1626 809 1666 tamen
839 1626 995 1676 coacte,
1026 1625 1098 1666 sed
1125 1624 1268 1666 libere.
1298 1623 1543 1676 Aliquando
1571 1637 1672 1665 vero

105 1696 334 1738 necessitas
364 1696 581 1738 lubentiae
612 1698 653 1737 et
682 1695 885 1737 libentiae
916 1696 1160 1749 opponitur.
1187 1694 1333 1737 Simile
1358 1694 1427 1736 hic
1452 1694 1676 1736 discrimen

104 1767 217 1807 inter
253 1766 434 1808 liberum
474 1769 515 1808 et
555 1766 828 1820 contingens,
868 1781 967 1808 nam
1004 1766 1087 1807 hoc
1123 1765 1229 1806 illud
1263 1764 1595 1818 comprehendit,
1627 1779 1675 1806 ac

107 1852 240 1891 genus
271 1840 335 1879 est
362 1837 486 1879 liberi
517 1852 565 1879 ac
592 1837 772 1879 fortuiti.
804 1837 1009 1890 Adeoque
1039 1836 1200 1890 optime
1229 1835 1441 1878 voluntati
1471 1838 1512 1877 et
1539 1825 1686 1878 libero*

107 1908 284 1951 arbitrio
313 1911 531 1951 creaturae
561 1909 758 1951 convenit
789 1923 883 1950 cum
914 1908 1196 1963 praescientia
1220 1910 1262 1950 et
1286 1908 1556 1962 providentia
1580 1907 1674 1949 Dei.

158 1979 236 2022 VI.
269 1979 331 2023 Ut
360 1982 503 2022 autem
533 1995 598 2022 res
630 1979 769 2023 Sacris
800 1979 1032 2033 Scripturis
1063 1982 1126 2021 est
1153 1979 1323 2031 tradita,
1354 1980 1416 2022 ita
1444 1980 1573 2022 etiam
1601 1994 1676 2021 sua

107 2050 178 2092 hic
213 2050 343 2093 habet
380 2051 598 2104 vocabula,
640 2051 795 2093 dicitur
829 2051 942 2093 enim
974 2051 1144 2102 θέλημα,
1177 2051 1453 2104 voluntas,
1491 2054 1533 2093 et
1564 2053 1675 2093 ἐλευ-

109 2120 240 2174 θερία,
289 2121 551 2174 libertas,
600 2124 643 2164 et
687 2122 924 2164 voluntatis
975 2122 1148 2173 ἐξουσία,
1195 2125 1466 2176 potestas,
1516 2122 1538 2163 1
1584 2121 1676 2164 Cor.

109 2193 146 2243 7,
187 2192 250 2234 36.
288 2193 351 2234 37.
390 2194 453 2235 39.
494 2193 606 2243 Quin
641 2194 684 2236 τὸ
722 2194 889 2236 ἑκούσιον
928 2193 999 2236 hic
1026 2196 1258 2248 usurpatur
1287 2195 1308 2235 1
1341 2193 1435 2236 Cor.
1466 2195 1502 2246 9,
1534 2194 1596 2236 17.
1625 2194 1678 2235 ad

108 2262 287 2306 Philem.
316 2279 355 2305 v.
386 2264 447 2305 14.
476 2263 607 2306 Hebr.
639 2265 700 2314 10,
729 2266 793 2307 26.
825 2265 846 2306 1
878 2265 970 2307 Pet.
1000 2266 1038 2317 5,
1067 2266 1104 2307 2.

162 2333 259 2376 VII.
298 2334 414 2376 Dum
452 2349 582 2388 porro
611 2333 863 2377 Liberum
892 2335 1188 2377 arbitrium
1216 2336 1382 2388 dicitur,
1413 2336 1474 2379 ibi
1503 2337 1678 2379 libertas

111 2405 325 2458 adjectum
367 2408 410 2447 et
451 2405 620 2447 affectio
659 2406 984 2459 proprietasque
1024 2409 1087 2448 est
1127 2407 1307 2459 arbitrii,
1352 2407 1465 2459 quod
1506 2407 1679 2461 proprie

107 2476 216 2529 juris
245 2479 287 2518 et
315 2477 544 2530 potestatis
573 2477 828 2518 vocabulum
858 2480 934 2529 est,
964 2478 1075 2519 unde
1105 2493 1205 2520 sane
1234 2492 1318 2520 non
1348 2479 1522 2531 proprie
1551 2478 1679 2520 deno-

111 2549 176 2588 tat
205 2547 359 2588 mentis
385 2547 593 2600 judicium
622 2551 663 2589 et
690 2548 902 2590 libertatis
932 2549 1210 2601 voluntatem,
1238 2552 1285 2591 ut
1309 2550 1459 2591 volunt
1483 2549 1679 2591 Scholas-

112 2617 200 2669 tici,
237 2618 300 2659 ita
337 2620 384 2659 ut
423 2618 528 2659 duae
557 2618 776 2671 potentiae
806 2619 931 2661 simul
962 2620 1228 2671 denotentur,
1255 2634 1393 2672 neque
1421 2622 1679 2673 potestatem

112 2689 293 2731 liberam
332 2690 498 2743 quidvis
536 2690 602 2731 vel
639 2690 799 2731 bonum
826 2690 891 2732 vel
919 2691 1079 2732 malum
1108 2690 1302 2739 faciendi,
1332 2691 1404 2732 secl
1433 2691 1576 2745 potius
1604 2706 1680 2733 vo-

112 2760 227 2801 lendi
255 2763 296 2802 et
325 2760 509 2812 nolendi,
539 2775 612 2802 seu
640 2760 823 2813 eligendi
855 2763 896 2802 et
927 2761 1198 2814 repudiandi3
1228 2761 1417 2814 liberam,
1444 2762 1534 2804 sine
1560 2776 1680 2804 coac-

114 2829 243 2881 tione,
272 2844 348 2872 suo
382 2846 430 2873 ac
458 2830 634 2885 proprio
662 2834 783 2873 motu
811 2831 1071 2874 facultatem.

170 2899 287 2943 VIII.
326 2900 432 2944 Sub
439 2902 646 2955 jectum
684 2916 786 2956 ergo
824 2903 948 2946 liberi
977 2903 1145 2945 arbitrii
1175 2904 1348 2957 proprie
1377 2907 1440 2947 est
1470 2905 1679 2958 voluntas,

119 2973 312 3025 quamvis
341 2974 496 3016 mentis
526 2973 749 3016 consilium
779 2976 821 3016 et
844 2974 1066 3027 judicium,
1095 2976 1144 3016 ut
1168 2975 1404 3018 necessario
1429 2977 1682 3019 antecedens

1506 3049 1541 3074 ιο
