1931 3224
530 125 594 168 DF.
624 125 769 168 Durum
798 126 1198 168 PRAEDESTINATIONE.
1565 126 1644 166 233

84 265 135 293 ex
174 249 519 293 antecedentibus
549 251 741 294 doctrina
768 250 1082 304 reprobationis
1110 264 1267 302 magna
1298 264 1348 290 ex
1376 251 1499 303 parte
1526 249 1651 291 inno-

84 324 233 373 tescat,
272 336 367 363 cum
402 321 514 363 illius
551 324 704 363 natura
733 321 822 363 sine
851 321 932 363 hac
961 320 1161 374 cognosci
1189 322 1318 372 atque
1349 320 1553 374 explicari
1580 320 1651 361 vix

87 393 244 447 possit;
281 395 425 434 tamen
458 408 510 434 ne
540 393 642 446 quid
670 393 740 435 hic
770 393 1040 445 desideretur,
1072 394 1114 434 et
1144 392 1244 444 quia
1270 392 1375 434 haec
1403 406 1502 444 pars
1530 392 1652 445 inge-

87 466 158 506 nio
197 465 383 506 humano
421 465 604 505 maxime
643 464 808 505 videtur
846 464 1033 514 adversa,
1062 477 1140 505 nos
1171 463 1330 516 paucis,
1363 463 1464 515 quid
1493 463 1542 504 de
1570 462 1653 505 hoc

90 551 260 589 quoque
298 535 487 577 membro
529 550 579 577 ex
616 534 836 588 Scriptura
871 534 1137 577 sentiendum
1169 534 1236 586 sit,
1267 534 1464 587 deinceps
1493 548 1653 587 propo-

90 622 249 649 nemus.

141 678 269 721 XLV.
307 679 566 733 Reprobum,
607 679 765 722 Graece
799 678 989 729 οὶδόκιμον
1016 678 1191 730 proprie
1219 679 1408 729 vocatur,
1439 677 1553 730 quod
1576 677 1656 719 im—

91 752 299 805 probatur
339 754 380 793 et
412 752 614 805 rejicitur,
647 750 1001 804 quemadmodum
1029 748 1057 791 -J
1061 765 1116 791 er.
1145 750 1182 801 6,
1213 750 1276 791 30.
1307 750 1356 791 de
1386 749 1538 803 populi
1566 764 1656 791 ma-

90 823 205 864 xima
242 825 364 876 parte
403 822 518 864 Deus
556 822 708 875 inquit,
749 821 1047 874 Argentum
1076 835 1166 874 rep
1179 836 1235 862 ro
1248 821 1365 862 bum
1391 835 1453 863 vo
1466 821 1656 863 cabun-

91 896 179 935 tur
226 893 338 945 illi,
384 894 510 947 quia
551 893 761 935 Jehova
804 892 1012 946 abjecit
1053 893 1138 934 vel
1178 907 1271 946 rep
1287 893 1511 934 robavit
1554 907 1655 934 eos.

91 964 241 1007 Utitur
278 965 359 1006 hac
395 979 498 1006 voce
525 966 570 1006 in
599 964 726 1005 simili
756 963 1068 1017 significatione
1096 963 1333 1017 Apostolus
1363 964 1387 1004 2
1417 963 1524 1004 Tim.
1551 963 1589 1015 3,
1619 963 1655 1005 8.

92 1035 201 1078 Heb.
231 1037 268 1089 6,
297 1036 333 1078 8.
365 1038 407 1078 et
437 1036 552 1077 alibi.

145 1107 295 1149 XLVI.
324 1107 656 1161 Reprobationis
686 1121 786 1149 vero
814 1107 928 1148 illius
958 1109 1165 1159 aeternae,
1207 1107 1273 1148 cui
1300 1107 1562 1160 temporaria
1593 1121 1659 1148 re-

93 1178 287 1231 spondet,
331 1193 443 1220 cum
484 1177 593 1220 Deo
637 1179 814 1220 omnia
852 1193 943 1220 sua
980 1193 1145 1232 opera
1182 1179 1243 1220 ab
1284 1180 1507 1220 aeterno
1548 1177 1659 1219 sint

93 1265 122 1292 n
133 1264 157 1291 o
173 1251 247 1301 ta,
277 1249 373 1291 Act.
404 1250 466 1301 15,
497 1250 533 1291 8.
559 1250 715 1303 duplex
740 1250 1050 1292 enunciationis
1073 1250 1223 1291 modus
1250 1250 1434 1292 occurrit
1457 1250 1502 1291 in
1524 1250 1654 1291 verbo

94 1321 188 1363 Dei.
226 1321 394 1363 Primus
433 1323 496 1363 est
528 1321 765 1375 negativus,
797 1322 904 1364 alter
933 1321 1225 1373 affirmativus,
1255 1324 1435 1374 uterque
1463 1336 1563 1363 vero
1593 1336 1659 1362 re-

94 1393 393 1446 probationem
432 1408 521 1436 esse
552 1393 720 1445 evincit,
751 1396 793 1435 et
820 1396 1000 1446 uterque
1029 1392 1334 1446 synecdochice
1364 1407 1444 1446 pro
1474 1395 1568 1434 tota
1596 1407 1661 1434 re-

94 1464 350 1517 probatione
378 1479 686 1518 nonnunquam
714 1465 901 1519 ponitur.

148 1534 319 1577 XLVII.
348 1535 611 1589 Negativum
640 1537 793 1590 primo,
822 1537 914 1591 ipsa
942 1551 1025 1578 vox
1056 1536 1275 1578 electionis
1298 1535 1438 1588 infert,
1464 1538 1512 1576 ut
1537 1538 1662 1578 antea

95 1607 337 1648 notavimus
350 1623 358 1657 ;
401 1608 474 1659 qui
512 1608 624 1649 enim
663 1608 830 1660 aliquos
868 1610 1037 1650 tantum
1075 1608 1210 1661 eligit,
1239 1608 1425 1660 reliquos
1454 1608 1662 1660 praeterit

97 1694 146 1720 ac
172 1678 388 1731 relinquit.
417 1678 530 1720 Hinc
559 1679 793 1732 Apostolus
823 1679 946 1721 Rom.
977 1680 1039 1731 11,
1071 1680 1106 1721 7.
1138 1695 1159 1721 0
1171 1679 1218 1721 le
1231 1682 1279 1720 ct
1292 1694 1315 1721 0
1328 1694 1346 1720 s
1377 1678 1559 1733 opponit
1587 1693 1608 1719 r
1621 1693 1662 1719 0-

97 1751 136 1791 li
148 1765 175 1802 q
186 1749 291 1802 uis,
330 1764 425 1791 cum
462 1750 616 1803 inquit,
657 1765 678 1792 0
690 1751 736 1792 le
748 1765 769 1792 0
778 1751 822 1791 ti
861 1751 1042 1792 assecuti
1082 1753 1193 1802 sunt,
1222 1765 1243 1791 r
1255 1765 1276 1791 e
1287 1751 1301 1791 l
1313 1750 1327 1791 i
1339 1765 1401 1803 qu
1412 1750 1427 1790 i
1458 1750 1663 1792 occallue-

97 1823 208 1862 runt.
238 1820 307 1862 Sic
336 1820 529 1862 Christus
557 1820 682 1862 Matt.
713 1821 749 1873 7,
774 1822 836 1863 23.
865 1821 1071 1874 operariis
1095 1821 1335 1874 iniquitatis
1359 1822 1512 1874 inquit,
1538 1836 1566 1862 n
1577 1836 1605 1862 u
1616 1835 1664 1862 n-

100 1907 254 1944 quam
290 1906 315 1932 n
330 1891 418 1933 ovi
450 1906 565 1944 vos,
596 1907 691 1933 cum
720 1892 842 1934 electi
871 1892 994 1934 Rom.
1024 1893 1060 1935 8.
1093 1895 1134 1935 et
1165 1893 1280 1946 alibi,
1311 1908 1504 1946 praeco
1518 1892 1666 1947 gniti

100 1978 125 2004 a
165 1963 205 2004 D
218 1978 240 2005 e
252 1977 275 2004 0
318 1962 599 2016 appellentur.
644 1962 713 2006 Sic
749 1962 777 2005 J
781 1963 848 2005 oh.
888 1964 951 2014 10,
990 1965 1053 2006 26.
1093 1965 1143 2006 de
1173 1965 1322 2007 iisdem
1351 1965 1424 2017 ait,
1454 1980 1472 2007 s
1485 1980 1505 2007 e
1518 1965 1544 2007 d
1572 1981 1598 2007 v
1609 1980 1633 2007 o
1647 1981 1665 2007 s

100 2051 204 2078 non
243 2034 485 2086 creditis,
523 2049 627 2076 non
666 2035 804 2076 enim
842 2036 978 2077 estis
1019 2051 1077 2078 ex
1118 2037 1313 2078 ovibus
1341 2037 1492 2089 meis,
1523 2038 1667 2079 sicut

100 2107 256 2149 vobis
295 2107 428 2159 dixi,
472 2121 596 2149 oves
632 2121 777 2148 meae
805 2121 985 2149 vocem
1013 2122 1177 2149 meam
1206 2108 1459 2160 audiunt,
1491 2110 1541 2150 et
1570 2123 1666 2161 ego

103 2193 375 2232 cognosco
406 2193 517 2230 eas,
549 2180 644 2220 etc.
675 2177 744 2220 Sic
769 2193 938 2231 quoque
962 2177 1150 2230 Joh.15,
1177 2179 1240 2220 19.
1271 2193 1368 2232 ego
1400 2179 1543 2232 elegi
1571 2193 1667 2220 vos

104 2264 164 2291 ex
200 2249 416 2301 mundo,
454 2251 752 2303 propterea
789 2250 905 2291 odit
934 2264 1026 2291 vos
1056 2250 1301 2302 mundus,
1335 2253 1377 2292 et
1408 2251 1469 2302 17,
1500 2251 1536 2292 9.
1564 2264 1668 2292 non

103 2335 239 2374 rogo
268 2335 364 2373 pro
394 2321 606 2375 mundo,
637 2324 726 2365 sed
753 2337 848 2378 pro
877 2321 948 2362 iis
979 2336 1111 2374 quos
1137 2322 1343 2363 dedisti
1366 2322 1518 2374 mihi,
1544 2322 1670 2374 quia

104 2391 186 2433 tui
225 2394 361 2433 sunt.
398 2392 506 2434 Item
542 2393 676 2447 Apoc.
716 2395 779 2446 13,
817 2395 854 2435 8.
895 2396 937 2435 et
966 2394 1028 2445 20,
1059 2394 1120 2435 15.
1150 2393 1414 2447 inscripti
1441 2392 1494 2434 in
1523 2392 1668 2434 libro

105 2464 255 2506 vitae
293 2466 571 2517 opponuntur
607 2465 671 2517 iis,
712 2480 845 2518 quor
861 2481 941 2507 um
969 2464 1187 2507 nomina
1214 2478 1318 2505 non
1346 2466 1473 2506 sunt
1502 2462 1670 2516 scrip-

106 2538 160 2579 ta
186 2537 232 2578 in
262 2537 371 2578 libro
400 2535 514 2578 vitae
543 2537 656 2590 agni.

159 2608 354 2652 XLVIII.
395 2608 713 2651 Affirmativum
750 2609 851 2662 quid
888 2612 930 2651 et
966 2610 1103 2662 magis
1136 2607 1315 2662 poenale
1343 2606 1570 2648 includunt
1597 2605 1672 2648 alii

106 2682 308 2734 loquendi
336 2681 464 2732 modi,
495 2681 569 2734 qui
597 2681 774 2723 subinde
803 2683 1041 2723 occurrunt.
1072 2680 1195 2721 Tales
1225 2680 1336 2729 sunt,
1365 2677 1411 2719 M
1422 2692 1446 2719 a
1453 2678 1469 2731 j
1484 2692 1508 2719 o
1519 2692 1541 2719 1·
1568 2692 1587 2718 s
1599 2692 1620 2720 e
1629 2692 1672 2719 r-

108 2755 222 2796 viet
257 2754 475 2804 minori3
512 2754 628 2805 item,
666 2751 808 2793 Esau
847 2751 970 2794 odio
1007 2751 1193 2801 habui,
1223 2749 1347 2791 Rom.
1378 2750 1414 2801 9,
1444 2749 1507 2791 12.
1538 2749 1600 2791 13.
1631 2751 1673 2791 et

109 2839 217 2867 vers.
255 2824 319 2866 18.
361 2823 522 2874 Quem
550 2823 687 2876 vult,
718 2823 913 2865 indura
928 2826 967 2874 t3
997 2837 1123 2863 vasa
1152 2821 1301 2862 facta
1329 2820 1390 2862 ad
1419 2820 1671 2873 dedecus,

109 2909 216 2937 vers.
245 2895 309 2937 21.
337 2910 465 2938 vasa
492 2895 607 2936 irae
635 2894 697 2936 ad
724 2894 1014 2936 interitum
1043 2906 1230 2945 coagm
1245 2893 1446 2944 entata,
1476 2906 1582 2933 vers.
1607 2892 1673 2932 22.

110 2967 178 3009 Ita
205 2967 358 3010 Petrus
388 2968 424 3009 1.
454 2967 592 3021 Epist.
623 2967 660 3018 2,
690 2967 727 3007 8.
758 2966 874 3018 dicit,
905 2980 976 3006 eos
1006 2963 1235 3019 impegisse
1262 2964 1307 3004 in
1329 2963 1516 3017 lapidem
1541 2964 1673 3006 offen-
