1931 3224
240 135 314 176 136
817 122 1055 163 strnrA'rxo
1083 116 1197 159 XVI.

241 254 457 298 sanctitati
497 266 544 293 ac
577 249 769 303 justitiae
802 243 1014 287 contraria
1044 243 1172 294 atque
1200 238 1384 290 inimica,
1412 237 1535 279 Rom.
1566 238 1604 289 8,
1634 238 1670 278 7.
1701 236 1791 279 Gal.

241 330 277 378 5,
316 327 378 367 17.
417 324 516 377 quia
553 323 694 362 motus
732 318 802 359 ille
839 317 967 367 atque
1005 312 1129 363 actio,
1169 310 1235 352 cui
1274 309 1460 362 privatio
1488 308 1562 350 illa
1590 307 1793 360 inhaeret,

243 415 291 440 ex
334 397 374 438 vi
412 391 664 448 privationis
702 385 972 436 inhaerentis,
1012 383 1260 424 adversatur
1296 379 1434 421 motui
1473 381 1600 432 atque
1638 379 1795 422 actioni

243 470 409 511 sanctae
439 468 480 507 et
504 465 657 516 justae,
689 474 735 500 ac
765 456 942 511 proinde
971 456 1013 495 et
1039 453 1121 495 Dei
1148 452 1247 505 legi.

295 538 366 580 [X.
396 536 639 588 Subjectum
669 532 809 572 autem
837 526 1078 580 proximum
1105 523 1230 576 hujus
1256 523 1306 564 de
1330 536 1414 575 quo
1439 521 1617 575 agimus,
1632 522 1798 576 peccati

244 609 356 662 quod
395 603 643 648 Scholastici
680 598 898 643 materiale
934 597 1101 647 vocant,
1141 597 1204 636 est
1247 608 1313 635 res
1354 608 1427 635 seu
1466 593 1577 635 actio
1621 592 1798 647 physice

243 682 365 729 bona,
409 677 474 719 cui
516 672 700 728 privatio
744 670 830 720 illa,
872 671 1093 720 tamquam
1133 665 1308 708 moralis
1349 665 1498 717 forma,
1543 665 1609 706 vel
1652 665 1797 719 potius

244 748 499 797 deformitas,
538 744 756 792 cohaeret3
795 739 904 781 unde
941 739 990 780 fit
1027 740 1074 779 ut
1112 751 1199 778 non
1235 738 1403 777 tantum
1438 735 1533 788 ipsa
1571 735 1798 788 vitiositas,

244 821 315 862 sed
353 822 395 860 et
433 818 542 860 actio
580 817 674 856 tota
712 827 807 854 cum
842 810 1079 853 vitiositate
1119 809 1355 861 conjuncta,
1397 807 1722 860 denominative,
1750 809 1799 849 ut

244 891 476 942 loquuntur
504 887 547 927 in
577 884 754 935 Scholis,
783 883 1005 936 peccatum
1035 882 1077 922 et
1104 879 1264 921 malum
1292 877 1544 932 appelletur.

296 960 347 1002 X.
388 960 456 1000 Ad
499 956 661 999 actuale
699 956 920 1008 peccatum
958 951 1028 993 hic
1067 966 1091 992 a
1127 950 1252 992 nobis
1290 949 1472 992 refertur
1508 963 1596 991 non
1631 950 1801 990 tantum

247 1029 483 1073 commissio
522 1027 605 1078 acti
634 1026 766 1079 pravi,
797 1023 868 1065 sed
893 1023 1020 1064 etiam
1052 1020 1225 1064 omissio
1255 1022 1375 1062 actus
1402 1019 1527 1070 boni3
1559 1019 1660 1072 quia
1690 1020 1801 1072 ejus-

246 1102 361 1145 modi
398 1098 566 1141 omissio
606 1097 716 1139 circa
754 1097 871 1137 actus
910 1093 1027 1146 ipsos
1065 1094 1270 1143 versatur,
1301 1094 1344 1133 et
1372 1091 1472 1145 quia
1501 1106 1610 1144 raro,
1639 1091 1723 1133 nisi
1752 1107 1803 1134 ex

248 1173 412 1214 actione
454 1170 576 1221 mala,
621 1170 738 1209 actus
780 1166 883 1208 boni
926 1164 1201 1214 omittuntur;
1245 1163 1332 1205 sive
1368 1163 1567 1205 voluntas
1606 1163 1721 1205 intra
1759 1178 1802 1205 se

249 1243 518 1286 omissionem
558 1240 674 1282 illam
710 1237 914 1287 intendat,
953 1236 1040 1277 sive
1079 1235 1252 1277 interim
1292 1237 1525 1288 occupetur
1562 1235 1803 1277 actionibus

249 1315 341 1356 aliis
378 1313 554 1363 vitiosis,
594 1325 700 1364 quae
739 1324 832 1351 cum
871 1307 1035 1349 actibus
1073 1306 1157 1348 illis
1186 1306 1428 1360 praeceptis
1458 1306 1689 1349 consistere
1716 1321 1804 1349 non

248 1388 436 1440 possunt,
476 1398 623 1425 nemo
664 1381 801 1423 enim
838 1381 1027 1434 potest
1058 1378 1265 1420 duobus
1294 1377 1544 1420 Dominis
1574 1378 1803 1432 servire,

251 1461 340 1500 etc.
370 1470 538 1509 neque
568 1454 676 1496 Deo
707 1452 864 1494 simul
895 1453 944 1493 et
972 1449 1320 1502 Mammonae,
1351 1449 1508 1491 Matth.
1539 1450 1577 1501 6,
1607 1450 1671 1492 24.

300 1528 374 1570 XI.
417 1526 668 1569 Differentia
709 1527 852 1565 tamen
894 1522 1037 1575 aliqua
1079 1524 1154 1573 est,
1197 1520 1308 1563 inter
1351 1521 1639 1574 privationem
1675 1521 1804 1574 illam,

250 1615 356 1653 quae
386 1602 446 1641 est
474 1599 518 1640 in
546 1598 720 1650 peccato
747 1593 987 1637 omissionis
1013 1596 1056 1635 et
1080 1592 1410 1643 commissionis3
1437 1592 1537 1645 quia
1560 1592 1606 1634 in
1628 1595 1805 1646 peccato

252 1670 489 1714 omissionis
513 1671 576 1711 est
599 1668 731 1710 totius
756 1668 874 1708 actus
901 1665 1034 1707 debiti
1060 1664 1248 1716 omissio,
1274 1663 1401 1705 sicuti
1424 1663 1629 1715 Christus,
1649 1663 1803 1706 Matth.

252 1744 314 1793 25,
350 1742 414 1784 42.
453 1741 639 1783 dicturus
679 1740 753 1790 est,
801 1735 1007 1779 esurivi
1045 1737 1095 1777 et
1131 1749 1236 1776 non
1276 1734 1509 1776 cibastis
1547 1749 1644 1787 me,
1688 1735 1806 1777 siti-

254 1815 305 1855 vi
343 1816 392 1855 et
428 1826 530 1854 non
569 1810 812 1865 potastis
849 1823 945 1859 me3
984 1807 1056 1850 sed
1093 1807 1138 1848 in
1175 1806 1363 1860 peccatis
1403 1805 1714 1848 commissionis
1745 1809 1807 1848 est

253 1884 434 1939 privatio
478 1882 635 1925 ordinis
677 1896 748 1923 seu
790 1879 1067 1932 rectitudinis,
1109 1878 1154 1920 in
1193 1877 1401 1930 ejusmodi
1441 1879 1537 1919 actu
1575 1877 1805 1919 secundum

253 1956 334 1998 Dei
362 1955 502 2011 legem
530 1953 771 2007 requisitae.

306 2026 401 2068 XII.
439 2026 556 2068 Haec
593 2027 734 2067 autem
772 2023 1036 2066 rectitudinis
1077 2025 1206 2075 atque
1235 2021 1394 2063 ordinis
1423 2020 1622 2074 privatio,
1650 2019 1718 2062 vel
1746 2021 1809 2061 est

255 2100 447 2151 respectu
484 2097 745 2139 substantiae
783 2098 824 2138 et
851 2095 1054 2138 materiae
1084 2096 1215 2146 actus,
1244 2093 1311 2134 vel
1340 2094 1538 2146 respectu
1565 2091 1692 2144 modi,
1725 2105 1807 2145 quo

255 2170 290 2211 is
321 2171 437 2211 actus
466 2183 490 2210 a
518 2168 610 2221 lege
639 2167 914 2222 praecipitur.

309 2238 423 2280 XIII.
462 2238 674 2293 Respectu
702 2237 964 2279 substantiae
994 2251 1066 2279 seu
1090 2235 1308 2287 materiae,
1335 2234 1504 2289 quando
1528 2234 1811 2277 committitur

257 2310 311 2361 id,
356 2310 467 2362 quod
504 2309 584 2351 Dei
620 2309 714 2362 lege
753 2323 949 2362 expresse
987 2310 1168 2359 vetatur,
1205 2309 1265 2360 ut,
1305 2307 1341 2349 si
1377 2306 1508 2349 homo
1547 2306 1660 2348 colat
1695 2305 1811 2347 Deos

258 2383 429 2434 alienos,
455 2384 602 2424 contra
626 2382 901 2434 praeceptum
925 2379 1132 2433 primum;
1158 2378 1194 2420 si
1219 2377 1491 2430 adulteretur,
1517 2379 1665 2419 contra
1687 2390 1811 2430 prae-

259 2455 427 2506 ceptum
465 2453 705 2505 septimum,
744 2455 822 2494 etc.
860 2451 1076 2505 Respectu
1113 2449 1241 2501 modi,
1271 2449 1440 2502 quando
1469 2463 1535 2491 res
1565 2448 1736 2502 quidem
1762 2447 1811 2489 fit

262 2539 366 2577 quae
403 2523 483 2565 Dei
519 2523 615 2577 lege
651 2523 913 2576 praecipitur
950 2524 1023 2564 aut
1059 2521 1337 2575 permittitur,
1377 2519 1450 2563 sed
1485 2534 1572 2561 non
1605 2534 1654 2561 eo
1683 2518 1810 2561 modo

262 2610 343 2648 quo
381 2595 641 2648 praecipitur
678 2597 751 2636 aut
787 2594 1073 2648 permittitur;
1113 2607 1295 2646 quorum
1331 2592 1404 2635 illa
1439 2593 1614 2645 peccata
1650 2605 1726 2644 per
1754 2604 1811 2643 se,

262 2665 364 2706 haec
400 2680 499 2706 vero
538 2668 712 2718 peccata
742 2680 818 2719 per
847 2665 1050 2717 accidens,
1082 2664 1162 2706 etsi
1190 2678 1276 2706 non
1303 2663 1406 2705 satis
1436 2662 1623 2716 proprie,
1653 2676 1677 2703 a
1705 2676 1813 2704 non-

265 2736 389 2776 nullis
427 2739 640 2788 vocantur,
680 2737 779 2789 quia
816 2736 965 2778 modus
1001 2736 1074 2778 ille
1112 2750 1198 2777 non
1227 2735 1366 2777 minus
1393 2735 1439 2778 in
1467 2733 1575 2787 legis
1603 2731 1813 2775 sententia

264 2805 389 2858 (quae
419 2807 651 2860 spiritualis
682 2810 756 2860 est,
785 2806 907 2849 Rom.
936 2808 972 2860 7,
1003 2807 1084 2860 14.)
1115 2807 1367 2859 continetur,
1395 2819 1522 2858 quam
1543 2818 1610 2846 res
1635 2805 1677 2845 et
1702 2803 1812 2845 actio

268 2876 360 2928 ipsa
390 2880 625 2929 praecepta.

319 2944 433 2987 XIV.
471 2945 587 2988 Modi
626 2950 767 2990 autem
802 2949 848 2990 hi
888 2949 942 2991 ad
969 2948 1074 2991 haec
1101 2949 1185 2991 tria
1212 2963 1367 3003 genera
1396 2946 1586 2991 revocari
1613 2947 1813 3001 possunt3
