1931 3224
563 133 626 176 DE
656 132 888 175 D1scn>LmA
916 132 1236 175 EccmsmsTIcA.
1600 130 1676 172 587

115 262 191 312 est,
230 273 314 300 una
352 261 526 302 externa
566 261 607 301 et
645 257 814 311 ordinis,
856 257 938 300 alia
975 258 1145 299 interna
1181 258 1223 298 et
1258 254 1515 308 spiritualis:
1546 255 1607 296 ita
1636 258 1677 296 et

116 331 497 375 excommunicatio
528 345 627 372 vera
653 345 700 372 ac
720 331 835 383 justa
859 331 1082 382 utramque
1107 328 1234 381 hujus
1258 326 1566 369 communionis
1589 326 1677 380 pri-

114 401 330 443 vationem
360 392 485 444 certo
504 402 631 444 modo
662 416 709 443 ac
740 404 854 443 certa
883 401 1126 442 conditione
1155 399 1343 453 respicit.

167 473 295 515 XLV.
333 473 569 521 Externam
608 472 947 514 communionem
984 472 1095 513 inter
1132 470 1347 512 Ecclesiae
1384 470 1574 512 membra
1603 469 1678 510 du-

114 544 270 598 plicem
312 545 465 586 statuit
508 543 741 597 Scriptura,
783 558 913 585 unam
954 558 1067 585 mere
1106 542 1461 593 Ecclesiasticam,
1501 541 1678 583 alteram
1712 575 1722 583 κ

115 616 449 659 conversationis
479 615 745 657 Christianae
773 616 817 657 in
845 615 934 656 vita
964 615 1089 657 civili.

167 687 317 730 XLVI.
346 687 415 729 Ab
445 686 743 729 Ecclesiastica
770 686 1067 729 communione
1093 686 1330 728 excluditur
1354 685 1483 728 homo
1510 700 1679 728 excom-

114 760 374 810 municatus:
406 759 505 812 quia
533 773 610 812 per
640 758 1121 800 excommunicationem
1148 757 1343 811 privatur
1372 757 1567 799 omnibus
1593 758 1679 811 sig-

114 831 179 872 nis
219 830 383 886 gratiae
423 829 602 881 divinae,
643 844 750 882 quae
788 829 904 870 Deus
943 844 1042 871 suae
1078 829 1296 871 Ecclesiae
1324 829 1559 883 peculiaria
1589 843 1679 871 esse

115 901 263 952 voluit,
294 903 336 943 et
364 916 440 955 per
470 916 577 954 quae
606 900 822 942 Ecclesiae
851 915 974 942 suum
1002 900 1192 942 favorem
1221 901 1480 954 singularem
1508 901 1680 942 demon-

115 975 243 1023 strat3
284 972 426 1025 qualia
462 974 572 1023 sunt,
612 973 646 1014 1.
685 971 838 1014 Omnia
874 987 1050 1014 munera
1087 972 1396 1021 Ecclesiastica,
1436 986 1460 1014 a
1499 986 1679 1024 quorum

114 1058 193 1084 usu
230 1043 466 1086 necessario
506 1043 662 1085 excidit
701 1044 1101 1085 excommunicatus.
1141 1044 1177 1085 2.
1216 1042 1497 1097 Participatio
1531 1042 1681 1085 Sacra-

114 1118 369 1158 mentorum.
407 1116 445 1156 3.
483 1114 617 1156 Verbi
657 1116 698 1156 et
735 1129 909 1167 precum
948 1114 1210 1156 communio:
1251 1118 1459 1167 quatenus
1489 1129 1680 1168 compre-

114 1185 263 1227 hendit
300 1185 467 1226 tabulas
506 1185 689 1227 foederis
726 1185 864 1227 mutui
902 1185 1011 1227 inter
1050 1185 1189 1227 Deum
1228 1189 1270 1228 et
1307 1186 1542 1229 Ecclesiam
1570 1187 1679 1239 initi,

114 1259 188 1298 aut
222 1256 526 1310 promissiones
567 1271 614 1298 ac
654 1256 966 1299 consolationes
1003 1257 1284 1310 Evangelicas
1326 1258 1592 1300 credentibus
1634 1273 1682 1300 ac

114 1327 459 1382 resipiscentibus
488 1328 644 1378 factas3
669 1328 779 1370 unde
804 1328 932 1370 etiam
955 1329 1000 1370 in
1024 1328 1172 1371 Veteri
1198 1329 1473 1371 Testamento
1500 1345 1524 1371 a
1547 1330 1681 1371 totius

112 1399 377 1442 tabernaculi
406 1414 454 1441 ac
483 1399 635 1453 templi
664 1414 741 1441 usu
772 1403 814 1442 et
843 1401 1140 1443 communione
1170 1401 1361 1443 exclusus
1390 1402 1484 1444 fuit.

167 1470 338 1513 XLVII.
376 1470 472 1512 Etsi
510 1473 652 1513 autem
690 1472 735 1513 in
771 1471 910 1525 prima
946 1471 1137 1514 Ecclesia
1175 1472 1305 1515 etiam
1344 1473 1397 1515 ab
1427 1474 1485 1516 eis
1515 1474 1682 1516 excludi

116 1543 312 1585 solebant
349 1543 718 1594 excommunicati,
757 1558 834 1585 nos
872 1545 1017 1585 tamen
1054 1543 1131 1585 sub
1168 1542 1295 1586 Novo
1335 1543 1608 1586 Testamento
1638 1544 1681 1585 id

115 1629 201 1656 non
230 1629 319 1656 esse
347 1614 632 1656 necessarium
656 1615 909 1668 judicamus,
941 1616 1040 1669 quia
1067 1615 1231 1669 templa
1258 1617 1405 1657 nostra
1432 1615 1541 1657 nihil
1564 1615 1608 1657 in
1638 1630 1681 1657 se

115 1685 428 1729 Sacramentale
467 1687 700 1738 continent,
739 1687 863 1739 quale
900 1686 1222 1729 tabernaculum
1261 1701 1309 1728 ac
1346 1687 1555 1740 templum
1583 1686 1680 1729 Vct.

115 1758 229 1800 Test.
268 1758 491 1809 continuit,
529 1772 607 1799 nec
644 1758 877 1811 peculiares
916 1759 968 1800 ab
1006 1759 1100 1800 aliis
1138 1758 1241 1801 locis
1271 1760 1434 1813 gratiae
1462 1759 1680 1812 promissi-

115 1844 215 1872 ones
243 1825 415 1882 habent,
441 1832 489 1871 ut
519 1830 816 1883 superstitiose
845 1830 1019 1873 credunt
1047 1830 1276 1883 Pontificii,
1306 1833 1454 1873 contra
1481 1831 1681 1873 assertio-

114 1916 213 1944 nem
243 1902 413 1954 Christi,
442 1901 470 1943 J
474 1901 541 1943 oh.
569 1902 606 1954 4,
636 1902 700 1943 21.
729 1903 791 1943 23.
822 1902 986 1944 Deinde
1011 1902 1109 1955 quia
1136 1903 1490 1945 excommunicati
1515 1918 1539 1944 a
1562 1903 1681 1944 verbi

115 1973 260 2015 auditu
300 1976 373 2015 aut
411 1973 583 2027 publico
624 1976 697 2014 aut
733 1974 902 2027 privato
942 1973 1189 2016 excludendi
1217 1988 1304 2016 non
1331 1977 1441 2025 sunt,
1473 1977 1681 2027 quatenus

115 2045 159 2086 in
199 2060 248 2087 eo
289 2045 560 2087 continentur
598 2046 909 2087 admonitiones
948 2049 1076 2099 atque
1115 2045 1435 2088 exhortationes
1476 2049 1527 2088 ad
1554 2047 1681 2089 fidem

117 2131 166 2158 ac
201 2117 559 2171 resipiscentiam3
600 2120 641 2159 et
679 2121 887 2170 quatenus
915 2118 960 2159 in
990 2133 1038 2160 eo
1068 2118 1196 2160 etiam
1222 2132 1299 2173 pro
1331 2132 1477 2160 eorum
1507 2133 1682 2162 conver-

116 2188 234 2231 sione
263 2189 316 2229 ab
344 2188 537 2231 Ecclesia
568 2191 724 2230 oratur.
756 2188 1119 2238 Quemadmodum
1142 2189 1332 2231 videmus
1363 2190 1384 2231 1
1411 2188 1504 2231 Cor.
1530 2190 1591 2241 14,
1617 2190 1680 2231 23.

117 2261 245 2302 etiam
272 2260 462 2302 infideles
494 2260 545 2302 ad
573 2260 910 2303 Christianorum
940 2263 1171 2303 conventus
1197 2261 1327 2303 fuisse
1356 2261 1400 2302 in
1429 2276 1524 2303 eum
1554 2261 1682 2303 finem

117 2331 335 2383 admissos,
365 2333 407 2373 et
436 2331 628 2373 Christus
656 2332 748 2385 ipse
776 2333 820 2373 in
849 2348 943 2374 eum
971 2333 1099 2374 finem
1126 2333 1238 2375 inter
1265 2335 1510 2386 peccatores
1537 2335 1578 2374 et
1602 2348 1681 2385 pu-

116 2400 306 2444 blicanos
338 2405 609 2444 conversatus
639 2406 714 2455 est,
746 2406 787 2445 et
815 2403 1050 2457 Apostolus
1081 2418 1277 2457 expresse
1307 2406 1452 2446 monet
1480 2405 1504 2445 2
1534 2403 1679 2446 Thess.

116 2475 154 2526 3,
194 2474 255 2516 15.
302 2474 368 2516 Ut
407 2489 512 2516 non
541 2475 793 2517 ducamus
823 2476 1091 2529 ejusmodi
1118 2476 1389 2518 hominem
1417 2478 1474 2517 ut
1502 2475 1681 2517 inimi-

118 2561 251 2598 cum,
284 2547 374 2588 sed
403 2549 458 2588 ut
490 2547 869 2588 admoneamus
899 2562 1011 2589 eum
1039 2550 1316 2607 tamquam
1344 2548 1586 2590 fratrem.

170 2617 363 2660 XLVIII.
403 2618 653 2660 Communio
693 2620 1025 2662 conversationis
1064 2619 1331 2661 Christianae
1369 2621 1413 2661 in
1450 2620 1540 2661 vita
1568 2621 1683 2663 civili

118 2705 168 2732 ex
206 2692 434 2744 praecepto
472 2689 724 2743 Apostolico
765 2690 893 2732 etiam
933 2691 1203 2745 abrumpitur
1239 2706 1314 2746 per
1343 2692 1682 2735 excommunica-

117 2760 247 2803 tionis
285 2775 419 2811 usum,
458 2763 506 2802 ut
544 2760 672 2803 homo
713 2762 875 2805 scilicet
902 2763 1147 2816 hujusmodi
1176 2763 1378 2817 pudefiat,
1409 2766 1451 2805 et
1481 2764 1533 2805 ad
1562 2764 1682 2807 meli-

119 2847 236 2875 orem
264 2836 451 2875 mentem
479 2835 710 2874 revocetur.
741 2832 885 2875 Verba
913 2834 1113 2888 Apostoli
1141 2835 1367 2889 perspicua
1396 2838 1506 2888 sunt,
1536 2836 1557 2877 1
1587 2835 1680 2879 Cor.

118 2904 154 2956 5,
195 2904 256 2945 11.
294 2903 448 2946 Nunc
487 2907 664 2946 autem
702 2905 906 2958 scripsi
942 2905 1098 2947 vobis
1135 2921 1197 2947 ne
1226 2906 1681 2949 commisceamini

118 2988 230 3016 cum
262 2976 358 3028 eis,
387 2978 437 3017 et
469 2990 581 3017 cum
610 2976 877 3027 eJ'usmodi
905 2991 966 3018 ne
996 2976 1172 3018 edatis
1204 2977 1433 3029 quidem.
1462 2978 1520 3023 Et
1545 2979 1679 3021 2J0h.
