1931 3224
509 132 574 174 Dr:
600 132 806 176 SABBATHO
836 146 882 174 ET
910 131 989 173 Dm
1017 131 1230 174 Donimco.
1571 134 1646 176 197

136 256 287 300 XLIII.
316 256 408 299 Imo
437 271 537 299 vero
568 260 610 299 et
633 257 786 310 reipsa,
811 257 959 310 ipsius,
983 259 1032 298 ut
1045 257 1303 310 reliquarum
1320 257 1647 300 cerimoniarum

82 328 252 371 Veteris
293 327 556 370 Testamenti
599 327 725 381 (quae
766 327 787 368 f
790 343 818 369 u
829 330 847 369 t
858 343 885 369 u
896 342 952 369 ro
966 343 986 369 r
996 343 1024 369 u
1034 343 1077 369 m
1117 328 1144 369 b
1157 343 1180 370 o
1194 343 1221 369 n
1235 342 1258 370 0
1271 343 1292 369 r
1302 342 1330 368 u
1341 343 1383 370 m
1421 329 1476 371 fu
1488 345 1508 372 e
1519 346 1540 371 r
1551 345 1579 371 u
1589 345 1618 371 n
1629 333 1649 372 t

82 402 139 453 ty
151 400 205 453 pi
244 401 295 441 et
334 413 393 441 ex
405 399 631 452 emplari
647 414 692 451 a,
728 399 837 441 Helo.
867 400 903 452 9,
934 400 970 441 9.
1001 402 1042 441 et
1072 400 1133 441 10.
1164 400 1213 452 1.,
1243 400 1330 442 sive
1358 399 1530 452 Christi,
1560 401 1647 443 sive

81 471 384 514 beneficiorum
408 471 518 522 ejus3
545 473 586 512 et
615 471 732 512 umb
744 486 764 512 r
776 487 799 512 a
812 486 833 512 e
845 505 854 523 ,
886 487 951 524 qu
964 486 987 513 0
1000 487 1111 513 rum
1140 486 1161 513 c
1173 487 1196 514 0
1209 487 1265 526 rp
1278 487 1335 513 us
1366 487 1386 514 e
1398 475 1446 514 st
1472 472 1647 515 Chris-

82 546 189 596 tus,
221 542 308 585 Col.
338 545 374 596 2,
407 543 482 595 17,,
512 543 597 584 11110
629 558 656 596 p
671 543 974 596 aedagogia
998 544 1059 585 ad
1084 543 1383 596 Christum,
1412 543 1501 585 Gal.
1528 545 1566 596 4,
1592 545 1647 597 2.)

82 615 263 666 duratio,
293 629 427 667 usque
452 615 504 655 ad
528 617 699 667 tempus
724 613 980 667 προθεσμίας
1016 617 1057 656 et
1085 615 1323 668 διορθώσεως,
1341 615 1385 657 id
1401 618 1482 667 est,
1497 631 1525 669 p
1538 632 1559 657 r
1570 631 1594 657 a
1607 631 1648 658 6-

83 685 347 728 definitio
361 685 444 727 nis
483 688 524 727 et
554 686 977 737 emendationis,
1008 685 1097 727 Gal.
1126 686 1366 739 4.Heb.9‚
1398 687 1647 729 1011116111-

82 757 219 811 genda
259 759 333 809 est,
373 757 599 810 ipsumque
638 772 732 798 cum
769 757 944 809 reliquis
982 756 1152 799 Veteris
1194 757 1457 800 Testamenti
1493 758 1647 800 ritibus

82 831 124 871 et
151 828 311 870 umbris
342 827 501 870 Christi
530 828 705 870 Domini
735 828 918 870 adventu
948 828 1157 869 abolitum
1187 831 1261 870 est,

133 897 282 940 XLIV.
325 898 511 940 Proinde
552 914 659 951 quae
697 899 747 941 de
782 899 1004 941 duratione
1044 880 1229 952 517195,
1252 900 1295 941 1(1
1320 903 1394 953 est,
1425 901 1477 942 in
1509 917 1527 943 s
1538 917 1558 943 e
1569 917 1590 944 c
1600 917 1648 944 u-

81 969 135 1012 lu
145 985 186 1011 m
200 1004 208 1022 ,
239 970 448 1023 dicuntur,
478 985 564 1011 non
592 971 642 1012 de
672 973 844 1012 aeterna
872 972 1059 1024 proprie,
1091 972 1163 1013 sed
1195 972 1394 1014 diuturna
1424 974 1648 1015 continua-

83 1056 164 1095 que
191 1041 395 1095 (qualiter
414 1056 497 1083 vox
517 1041 590 1083 illa
606 1056 691 1083 non
706 1057 803 1084 raro
819 1043 863 1083 in
881 1042 1103 1096 Scriptura
1118 1043 1338 1096 accipitur,
1357 1043 1460 1086 Gen.
1478 1046 1539 1097 17,
1558 1046 1593 1088 7.
1610 1046 1647 1087 8.

85 1112 164 1154 Ex.
198 1115 262 1165 21,
291 1114 327 1155 6.
352 1116 393 1155 et
423 1114 485 1165 29,
516 1113 572 1166 9.)
604 1128 738 1166 usque
768 1114 820 1155 ad
849 1116 1020 1167 tempus
1050 1130 1074 1155 a
1103 1113 1194 1156 Deo
1225 1115 1505 1168 designatum,
1535 1116 1648 1159 Mes-

81 1184 167 1226 siae
205 1185 411 1237 videlicet,
442 1185 734 1238 accipiendum
764 1188 838 1237 est,
870 1200 953 1238 quo
983 1188 1176 1239 tempore
1205 1187 1488 1239 promittitur,
1516 1186 1557 1229 N
1570 1202 1591 1229 e
1603 1202 1648 1229 o-

80 1256 256 1299 menia
285 1272 345 1298 ex
375 1256 694 1308 Neomenia,
724 1259 766 1298 et
797 1256 1133 1300 Sabbathum
1164 1272 1224 1299 ex
1249 1257 1551 1311 Sabbatho,
1576 1258 1646 1301 Es.

80 1327 156 1379 66,
194 1327 238 1369 id
278 1330 353 1379 est,
391 1327 599 1373 Sabbathi
606 1342 719 1369 smus
749 1328 986 1381 spiritualis
1016 1331 1058 1370 et
1086 1332 1329 1383 perpetuus,
1361 1330 1433 1383 qui
1461 1330 1648 1383 reliquus

83 1400 146 1440 est
171 1399 332 1452 populo
364 1399 457 1451 Dei,
489 1400 541 1441 ad
565 1399 675 1441 Heb.
704 1400 741 1441 3.
773 1402 813 1441 et
841 1401 878 1441 4.
909 1415 999 1453 cap.

134 1469 263 1512 XLV.
301 1470 359 1512 Et
397 1485 496 1512 sane
535 1470 740 1522 Christus,
775 1471 875 1512 dum
909 1472 1022 1523 dicit,
1055 1486 1111 1523 se,
1144 1474 1192 1513 ut
1231 1488 1273 1514 m
1286 1487 1309 1514 a
1316 1473 1332 1525 j
1347 1487 1370 1514 o
1382 1488 1403 1515 r
1414 1488 1435 1515 e
1446 1488 1489 1515 m
1520 1476 1540 1515 t
1551 1488 1572 1515 e
1584 1489 1647 1515 111-

81 1542 193 1594 plo,
230 1541 292 1583 ita
325 1544 366 1583 et
402 1541 441 1583 D
455 1543 688 1584 ominum
717 1541 1008 1595 Sabbathi,
1037 1543 1166 1585 Marc.
1197 1546 1234 1596 2,
1265 1545 1328 1586 28.
1357 1545 1516 1587 indicat
1541 1544 1645 1587 Sab-

82 1613 262 1655 bathum
278 1602 281 1604 .
304 1613 363 1655 sic
401 1613 445 1655 in
489 1629 564 1655 sua
607 1615 821 1666 potestate
864 1629 964 1666 esse,
1007 1617 1055 1656 ut
1092 1615 1142 1657 de
1180 1630 1228 1657 60
1266 1630 1352 1657 11011
1391 1616 1646 1669 dispensare,

82 1685 154 1727 sed
193 1688 234 1726 et
275 1685 379 1726 illud
422 1685 592 1726 abolere
630 1685 777 1740 possit.
814 1685 906 1727 Imo
946 1686 1180 1740 Apostolus
1220 1687 1428 1729 abolitum
1465 1687 1624 1730 indicat
1637 1704 1645 1738 ;

82 1758 173 1797 tum
216 1756 423 1808 universe,
468 1756 544 1797 sub
590 1756 765 1809 dierum,
806 1758 1026 1810 mensium,
1071 1760 1314 1811 temporum
1356 1761 1397 1800 et
1441 1773 1647 1801 annorum

81 1827 416 1879 nomenclatura,
460 1827 582 1869 Rom.
622 1828 684 1879 14,
731 1828 767 1869 5.
809 1827 849 1869 A
860 1828 936 1869 liu
949 1843 967 1869 s
1020 1844 1044 1870 a
1056 1844 1077 1870 e
1089 1828 1214 1870 stim
1228 1832 1280 1870 at
1330 1830 1356 1870 d
1369 1830 1383 1870 i
1396 1844 1416 1872 e
1427 1845 1470 1871 m
1518 1845 1546 1884 p
1559 1845 1580 1871 r
1591 1845 1645 1872 ae

83 1899 187 1951 die,
227 1899 369 1941 alius
406 1912 677 1952 peraeque
715 1900 986 1942 aestimat.
1026 1899 1116 1942 Gal.
1150 1901 1188 1952 4,
1219 1901 1282 1942 10.
1311 1900 1438 1943 Dies
1470 1902 1645 1943 obser-

81 1972 246 2023 vatis,
291 1974 341 2013 et
381 1986 586 2013 menses
651 1974 701 2014 et
743 1975 993 2026 tempora
1037 1975 1088 2014 et
1132 1988 1320 2025 annos,
1364 1988 1553 2015 vereor
1590 1976 1646 2015 ut

82 2042 292 2085 frustra
307 2043 394 2084 lab
407 2057 430 2084 o
443 2044 677 2085 raverim
718 2043 866 2086 inter
895 2058 956 2086 vo
970 2058 1009 2096 s,
1040 2047 1133 2086 tum
1159 2044 1381 2098 speciatim
1411 2047 1452 2086 et
1476 2045 1644 2098 diserte,

82 2113 168 2157 Col.
192 2114 308 2167 2,16.
334 2114 521 2167 Ν61110,
547 2115 699 2168 inquit,
725 2129 818 2157 vos
844 2116 1057 2158 damnet
1082 2116 1144 2157 ob
1171 2116 1347 2158 cibum
1372 2119 1423 2158 et
1448 2119 1644 2169 potum,

82 2188 174 2228 aut
216 2189 528 2240 respectum
569 2186 705 2228 festi
747 2189 839 2228 aut
877 2202 904 2228 11
919 2188 1176 2240 ovilunii,
1216 2190 1305 2229 aut
1343 2186 1644 2230 Sabbatho-

81 2272 216 2310 rum,
259 2273 394 2311 quae
437 2260 562 2300 sunt
601 2258 819 2300 umbrae
861 2273 1039 2300 rerum
1076 2259 1406 2311 futurarum,
1446 2273 1645 2312 corpus

82 2344 106 2370 a
116 2331 172 2370 ut
183 2344 204 2371 e
214 2344 257 2370 m
278 2339 283 2340 ⁷
305 2344 326 2371 e
338 2344 356 2370 s
366 2331 386 2370 t
434 2328 464 2370 C
475 2329 505 2370 h
516 2328 592 2370 ris
603 2329 658 2370 ti.
705 2328 857 2382 Itaque
903 2328 1182 2382 Sabbathum,
1222 2333 1264 2372 et
1301 2345 1346 2372 re
1384 2333 1425 2373 et
1461 2330 1643 2383 nomine,

81 2399 255 2454 speciali
289 2400 363 2441 illa
401 2400 648 2453 acceptione
685 2400 729 2442 in
767 2400 925 2443 Christi
959 2415 1104 2455 regno,
1145 2401 1400 2455 abrogatum
1428 2404 1512 2443 est:
1539 2401 1642 2443 adeo

79 2473 128 2512 ut
164 2471 210 2512 in
246 2469 371 2513 Novo
409 2470 684 2513 Testamento
718 2472 763 2513 in
791 2472 900 2525 legis
929 2472 1342 2524 commemoratione,
1373 2473 1451 2514 sub
1479 2472 1644 2514 ratione

80 2542 299 2598 praecepti
327 2542 580 2584 Christianis
609 2542 725 2584 nulla
753 2557 933 2596 usquam
964 2544 1052 2596 ejus
1081 2543 1156 2585 fiat
1185 2543 1359 2585 mentio.

133 2613 284 2657 XLVI.
314 2613 464 2667 Neque
494 2615 637 2656 tamen
666 2628 717 2655 ex
745 2612 953 2656 Sabbathi
981 2614 1107 2667 hujus
1137 2615 1415 2667 abrogatione
1440 2615 1643 2667 sequitur,

82 2689 281 2741 quartum
308 2687 585 2742 praeceptum
612 2684 745 2737 (quod
773 2700 848 2726 suo
877 2685 1003 2727 modo
1032 2684 1208 2738 morale)
1236 2686 1407 2728 omnino
1434 2686 1643 2728 abolitum

82 2773 182 2801 esse.
209 2757 323 2801 Nam
350 2758 394 2799 in
425 2772 474 2799 eo
504 2757 586 2798 duo
617 2758 727 2808 sunt,
758 2757 954 2810 generale
986 2757 1187 2810 quiddam
1212 2759 1253 2798 et
1270 2757 1464 2810 speciale.
1482 2756 1518 2799 G
1529 2772 1551 2799 e
1561 2773 1589 2799 n
1601 2772 1643 2800 e-

79 2846 101 2872 r
113 2831 197 2873 ale
222 2833 298 2883 est,
323 2829 450 2883 quod,
473 2831 521 2870 ut
544 2827 708 2881 reliqua
730 2828 908 2870 moralia
923 2830 1161 2883 praecepta,
1177 2830 1353 2870 naturae
1370 2830 1432 2870 est
1446 2828 1642 2882 insitum;

78 2901 294 2944 videlicet:

134 2973 170 3014 1.
217 2971 278 3015 Ut
321 2972 513 3024 quamvis
555 2973 649 3013 toto
692 2948 1038 3024 vitae’tempore
1081 2971 1234 3025 pietati
1277 2972 1333 3012 sit
1375 2971 1639 3023 studendum,
