1931 3224
266 95 270 99 ¹
303 125 381 168 634
915 126 1155 170 DisthTA'no
1183 125 1250 168 LI.

305 252 406 301 est3
451 254 500 292 et
542 250 836 304 perficere,
881 252 1133 304 quoniam
1171 251 1320 294 dives
1359 255 1409 294 et
1448 253 1727 306 perfectus
1765 258 1857 298 est.

302 321 514 373 Irenaeus,
544 321 633 363 Lib.
665 323 702 364 2.
733 337 822 376 cap.
853 324 915 365 51.

355 392 469 434 XVI.
509 391 745 434 Substratis
774 394 889 436 hisce
919 394 1082 436 duobus
1112 395 1344 437 voluntatis
1375 398 1416 437 et
1445 397 1665 449 potentiae
1693 399 1859 442 divinae

301 463 601 516 fundamentis,
627 464 885 508 sufficienter
909 481 1160 519 responsum
1184 469 1247 508 est
1272 467 1325 508 ad
1349 469 1661 520 quaestionem:
1685 469 1763 511 An
1788 470 1860 512 sit

301 537 445 578 futura
482 538 749 578 mortuorum
785 537 1053 579 resurrectio.
1091 537 1217 579 Nunc
1255 538 1379 591 quid
1420 539 1509 591 sit,
1547 540 1784 593 videndum,
1815 544 1860 583 et

300 610 389 661 ejus
426 611 579 650 natura
619 608 878 662 explicanda.
917 608 999 650 Hic
1028 609 1162 663 igitur
1191 610 1544 652 resurrectionem
1573 611 1859 665 describimus,

302 680 590 722 Actionem
626 680 725 722 Dei
762 680 968 732 Patris,
1000 681 1133 723 Filii
1165 684 1215 723 et
1244 681 1490 735 Spiritus
1519 682 1729 736 Sancti,
1761 699 1861 737 qua

302 751 672 805 omnipotenti
706 766 796 793 sua
832 752 1066 805 virtute,
1106 753 1167 794 ad
1203 754 1388 795 tubam
1428 754 1770 808 Archangeli
1807 755 1860 796 in

300 823 413 864 fine
439 822 765 875 seculorum,
792 823 1025 865 omnium
1049 823 1322 866 hominum
1344 828 1451 866 tam
1473 826 1686 879 piorum
1706 841 1860 879 quam

300 895 592 947 impiorum
630 908 863 948 corpora
903 895 1068 936 etiam
1105 895 1158 936 in
1197 895 1478 949 pulverem
1514 898 1757 950 redacta,
1786 912 1860 939 re-

302 965 524 1017 stituet,
549 965 741 1007 iisdem
766 966 1053 1008 animabus
1079 981 1103 1007 a
1125 966 1324 1019 quibus
1345 982 1440 1021 per
1464 970 1693 1010 mortem
1712 983 1859 1022 sepa-

301 1039 422 1078 rata
446 1037 687 1090 fuerant,
712 1038 1117 1092 conjungenda,
1145 1040 1196 1080 et
1221 1039 1284 1080 ab
1311 1039 1387 1081 eis
1410 1039 1775 1092 informanda,
1799 1040 1861 1082 ad

302 1108 649 1152 durationem
685 1125 957 1163 nunquam
995 1110 1319 1164 finiendam,
1357 1114 1412 1153 ut
1453 1112 1609 1165 impii
1648 1112 1860 1165 quidem

301 1183 557 1223 aeternas
599 1181 863 1223 scelerum
904 1197 1122 1224 suorum
1157 1197 1360 1235 poenas
1398 1183 1574 1235 luant,
1613 1184 1692 1238 pii
1733 1199 1858 1227 vero

301 1257 527 1296 aeterna
555 1254 906 1296 beatitudine
938 1255 1128 1297 donati
1158 1256 1336 1297 eadem
1365 1256 1415 1297 in
1439 1258 1721 1298 aeternum
1745 1271 1859 1310 per-

299 1325 569 1368 fruantur.

352 1397 490 1440 XVII.
519 1397 586 1439 Ex
614 1397 693 1439 hac
722 1397 1005 1451 descriptione
1033 1398 1323 1452 intelligimus,
1353 1398 1606 1440 efficientem
1632 1398 1859 1442 Resurrec-

300 1470 430 1511 tionis
469 1484 638 1511 causam
668 1484 757 1512 esse
786 1468 926 1511 Deum
954 1469 1139 1522 Patrem,
1171 1469 1270 1519 Qui
1299 1469 1595 1512 suscitavit
1624 1470 1652 1512 J
1664 1485 1807 1513 esum
1835 1486 1860 1513 a

300 1541 552 1592 mortuis,
591 1541 956 1583 resuscitabit
994 1542 1158 1583 etiam
1194 1542 1456 1584 mortalia
1494 1557 1727 1596 corpora
1754 1558 1859 1585 ves-

299 1614 406 1663 tra,
445 1611 569 1654 Rom.
607 1613 643 1664 8,
684 1613 746 1654 11.
776 1611 917 1654 Deus
948 1615 997 1654 et
1024 1612 1310 1655 Dominum
1339 1613 1658 1665 suscitavit,
1688 1616 1738 1655 et
1765 1628 1858 1656 nos

300 1683 599 1725 suscitabit
635 1699 727 1738 per
764 1684 1031 1726 virtutem
1071 1699 1236 1737 suam,
1277 1686 1298 1726 1
1339 1684 1432 1726 Cor.
1470 1685 1507 1737 6,
1548 1685 1609 1727 14.
1640 1687 1682 1727 et
1709 1686 1733 1726 2
1764 1684 1858 1728 Cor.

299 1756 337 1806 4,
390 1755 453 1796 14.
507 1754 611 1796 Cum
661 1757 803 1797 autem
846 1770 975 1809 opera
1016 1756 1241 1798 Trinitatis
1284 1756 1337 1798 ad
1379 1758 1499 1798 extra
1540 1756 1625 1797 sint
1666 1756 1857 1808 indivisa,

299 1827 456 1869 Filium
495 1830 536 1870 et
571 1827 780 1881 Spiritum
820 1827 1023 1870 Sanctum
1061 1828 1105 1869 in
1143 1828 1291 1870 eodem
1327 1827 1401 1869 illo
1441 1842 1569 1881 opere
1609 1842 1703 1870 cum
1732 1827 1860 1870 Patre

300 1898 469 1951 operari
512 1898 715 1951 sequitur.
757 1898 840 1941 Sed
883 1914 1079 1953 expresse
1115 1899 1322 1941 tribuitur
1360 1899 1488 1941 etiam
1527 1899 1665 1941 activa
1703 1899 1860 1942 Resur-

298 1970 432 2012 rectio
456 1969 584 2022 Filio,
608 1970 1061 2023 J011.5,28.Qu11n
1084 1972 1451 2014 monumentis
1471 1973 1615 2024 sunt,
1634 1971 1860 2014 audient

267 2056 479 2101 ‘vocem
522 2042 636 2084 filii
679 2042 939 2096 hominis,
980 2046 1031 2085 et
1068 2043 1387 2097 procedent,
1428 2043 1517 2096 qui
1545 2042 1684 2084 bona
1722 2042 1859 2085 fece-

299 2116 444 2166 runt,
473 2114 526 2155 in
554 2115 1029 2157 resurrectionem
1055 2115 1222 2167 vitae,
1254 2115 1344 2168 qui
1376 2117 1553 2157 autem
1581 2115 1720 2156 mala
1744 2129 1859 2168 ege-

298 2188 447 2238 runt,
487 2186 540 2227 in
578 2187 1043 2229 resurrectionem
1068 2186 1291 2240 judicii,
1316 2186 1416 2229 Joh.
1445 2188 1482 2238 6,
1511 2187 1574 2228 39.
1603 2186 1667 2227 40.
1696 2186 1761 2228 44.
1792 2186 1855 2228 54.

298 2256 410 2310 Ego
450 2258 800 2300 resuscitabo
840 2273 953 2300 eum
991 2258 1044 2299 in
1082 2258 1382 2300 novissimo
1421 2257 1524 2309 die,
1563 2257 1662 2299 Joh.
1702 2258 1764 2310 11,
1793 2257 1856 2299 25.

299 2328 410 2381 Ego
450 2343 560 2370 sum
597 2331 939 2372 resurrectio
972 2333 1022 2372 et
1048 2323 1175 2372 vita.
1208 2329 1330 2379 Quod
1358 2331 1501 2371 tamen
1529 2329 1704 2371 nonita
1732 2329 1857 2371 intel-

297 2399 516 2453 ligendum
554 2402 630 2452 est,
671 2401 791 2453 quasi
829 2400 986 2443 Christi
1023 2401 1292 2454 humanitati,
1332 2401 1395 2442 vis
1433 2401 1714 2443 resuscitandi
1742 2416 1857 2443 mor-

296 2473 393 2513 tuos
433 2472 744 2514 communicata
780 2473 927 2526 fuerit,
963 2488 1070 2525 quae
1100 2473 1234 2514 virtus
1263 2472 1391 2526 plane
1421 2472 1563 2514 divina
1591 2475 1667 2524 est,
1697 2473 1769 2514 sed
1796 2472 1857 2514 ita

296 2543 501 2585 tribuitur
537 2559 754 2598 personae,
793 2548 840 2587 ut
876 2546 1111 2588 necessario
1152 2545 1207 2587 sit
1245 2544 1591 2598 distinguendum
1621 2545 1709 2597 ejus
1738 2544 1856 2597 prin-

297 2617 476 2670 cipium:
529 2619 677 2659 contra
727 2633 854 2671 quam
902 2618 1096 2660 nonnulli
1145 2618 1321 2670 faciunt,
1371 2618 1414 2659 in
1467 2633 1515 2660 eo
1565 2618 1684 2660 litem
1730 2618 1854 2660 nobis

249 2688 251 2690 ’
296 2694 528 2743 moventes,
576 2706 624 2733 ac
669 2692 704 2733 si
751 2705 845 2733 cum
887 2690 1090 2732 Nestorio
1134 2689 1351 2731 Christum
1395 2703 1699 2742 separaremus,
1741 2689 1855 2741 quod

297 2777 383 2804 non
420 2762 581 2805 faciunt
619 2763 691 2816 qui
731 2761 946 2804 Christum
983 2762 1027 2803 in
1055 2761 1346 2814 utriusque
1374 2763 1604 2802 naturae
1634 2774 1874 2802 commu--

297 2836 457 2876 nione
496 2836 825 2888 agnoscunt,
866 2849 1026 2888 agere
1065 2833 1205 2886 quod
1233 2847 1380 2874 suum
1409 2835 1509 2884 est,
1541 2832 1704 2874 verbo
1734 2847 1854 2886 ope-

299 2908 453 2947 rante
497 2906 637 2958 quod
678 2905 833 2947 verbi
878 2908 977 2957 est,
1021 2908 1072 2947 et
1113 2920 1272 2947 carne
1315 2906 1670 2957 exsequente,
1713 2905 1853 2957 quod

299 2977 476 3017 carnis
514 2979 606 3018 est.
645 2976 763 3018 Haec
800 2976 872 3029 qui
900 2991 985 3018 non
1013 2976 1292 3029 distinguunt,
1323 2975 1422 3017 dum
1449 2973 1641 3016 Nestorii
1668 2974 1852 3028 Scyllam
