1931 3224
463 122 527 164 DE
555 122 809 165 PURGATORIO
839 138 886 165 ET
915 122 1208 165 INDULGENTIIS.
1539 126 1615 166 417

61 249 305 289 constanter
340 262 544 302 negamus
556 264 566 298 3
595 250 637 290 et
664 263 824 302 poenas
852 242 1109 301 temporales
1138 247 1293 290 Davidi
1323 250 1364 289 et
1392 248 1486 290 aliis
1516 252 1615 301 post

58 320 277 370 peccatum
306 318 502 368 inflictas,
533 319 770 372 asserimus,
798 318 1055 373 pertinuisse
1083 320 1251 360 tantum
1280 319 1332 361 ad
1361 320 1550 362 παιδείαν
1579 322 1621 361 613

60 389 313 440 δοκιμασίαν,
345 404 431 431 11011
469 393 611 432 autem
647 389 778 432 fuisse
815 390 881 432 vel
920 405 970 432 ex
1007 392 1130 444 parte
1166 390 1234 432 vel
1273 405 1324 432 ex
1361 392 1454 432 toto
1485 390 1621 443 λύτρον

58 474 136 514 pro
174 461 373 513 peccatis,
404 462 504 514 quia
531 465 630 515 post
658 462 960 513 remissionem,
991 477 1010 503 s
1022 478 1050 504 u
1059 477 1087 503 n
1097 465 1116 503 t
1145 477 1166 504 c
1179 477 1199 503 e
1211 477 1231 502 r
1244 464 1262 503 t
1273 477 1297 503 a
1306 462 1373 503 mi
1383 477 1411 503 11
1423 477 1447 503 3
1477 476 1499 503 6
1508 477 1536 503 x
1547 476 1568 503 e
1581 477 1621 502 r-

61 530 473 584 citationesque
524 534 824 585 justorum,
882 548 1016 586 quae
1068 535 1193 575 ante
1242 533 1622 575 remissionem

61 604 184 643 sunt
227 603 464 656 supplici
478 619 502 644 a
544 619 572 657 p
586 607 735 646 eccat
748 619 916 656 orum,
953 608 1001 646 ut
1037 605 1227 658 loquitur
1266 605 1532 658 Augustinus
1571 605 1620 646 (16

59 672 236 715 Peccati¹
255 689 355 716 mer.
386 676 428 716 et
456 675 616 716 remiss.
648 675 738 717 Lib.
765 677 802 717 2.
833 691 924 730 cap.
954 677 1017 717 34.

112 744 270 787 XXIV.
299 745 526 787 Praeterea
553 761 770 799 negamus,
800 761 960 799 poenas
983 747 1077 788 illas
1102 748 1401 800 castigatorias
1425 751 1498 789 aut
1522 763 1623 802 pur-

60 816 260 868 gatorias,
298 817 413 858 ultra
449 817 576 870 hujus
615 818 729 859 vitae
766 819 970 860 terminos
1008 819 1190 870 extendi,
1231 819 1345 871 quod
1375 834 1424 861 ex
1453 819 1623 860 illarum

59 887 155 938 fine,
183 890 363 941 propter
392 903 517 940 quem
545 888 683 942 infligi
712 888 861 941 solent,
890 890 1111 943 perspicue
1139 889 1358 942 probatur,
1377 891 1450 942 qui
1466 891 1623 944 partim

59 958 172 1000 vitae
208 961 379 1000 nostrae
419 959 724 1010 emendatione,
763 961 921 1013 partim
960 961 1005 1002 in
1047 961 1277 1014 exemplari
1315 961 1495 1003 aliorum
1526 977 1623 1004 cau-

59 1030 190 1082 tione,
220 1033 261 1072 et
289 1032 435 1072 nostra
462 1030 654 1084 ipsorum
679 1030 723 1072 in
746 1031 937 1072 futurum
959 1032 1260 1085 praecautione
1286 1033 1491 1085 consistit,
1517 1048 1623 1086 quae

60 1101 105 1142 in
141 1103 320 1144 mortuis
359 1103 500 1144 locum
538 1103 671 1144 ullum
709 1102 867 1144 habere
904 1117 990 1144 non
1028 1106 1206 1156 possunt
1219 1119 1227 1145 :
1267 1120 1290 1145 a
1304 1104 1329 1145 d
1357 1104 1387 1145 h
1398 1120 1422 1146 o
1437 1120 1457 1146 c
1487 1120 1507 1146 e
1519 1106 1624 1147 nim

61 1173 300 1228 corripit
337 1173 478 1216 Deus
516 1177 572 1215 ut
609 1175 875 1225 emendet,
916 1175 977 1216 ad
1004 1174 1105 1216 hoc
1136 1175 1408 1227 emendat,
1437 1179 1494 1218 ut
1522 1192 1625 1219 ser-

59 1260 84 1288 v
96 1260 118 1287 e
129 1248 148 1287 t
159 1279 168 1297 ,
197 1248 246 1287 1113
274 1246 380 1288 106116
410 1244 608 1299 Cyprian.
637 1245 728 1287 Lib.
756 1246 794 1287 4.
825 1245 1007 1298 Epistol.
1037 1247 1073 1286 4.
1106 1246 1178 1298 qui
1208 1247 1337 1288 etiam
1365 1250 1465 1300 post
1494 1263 1537 1288 m
1548 1263 1572 1289 0
1584 1264 1624 1289 1-

60 1319 162 1358 tem
214 1317 420 1359 nullum
462 1318 842 1371 poenitentiae
885 1317 1078 1368 locum,
1122 1318 1329 1360 nullum
1372 1320 1625 1362 satisfac-

6 1420 8 1422 ,
60 1388 234 1441 tionis
274 1389 534 1431 effectum
572 1405 595 1431 a
608 1403 710 1443 gno
723 1390 847 1440 scit,
889 1389 941 1430 ad
980 1389 1168 1431 Demetr.
1213 1389 1399 1432 Tractat.
1441 1392 1475 1433 1.
1508 1390 1620 1444 Ideo,

59 1460 441 1512 poenitentiae
471 1463 521 1502 et
549 1460 894 1502 remissionis
918 1463 1288 1513 peccatorum,
1312 1461 1365 1502 in
1390 1461 1487 1503 hac
1509 1463 1625 1504 vita

59 1533 271 1573 tantum
309 1532 714 1585 praescriptum
752 1535 962 1585 tempus
998 1546 1062 1572 no
1076 1546 1094 1572 s
1133 1531 1233 1573 hab
1247 1547 1354 1583 ere,
1385 1547 1482 1574 suos
1513 1536 1626 1575 cate-

62 1602 290 1644 chumenos
328 1603 508 1644 docebat
547 1601 728 1656 Cyrillus
767 1601 795 1644 J
798 1602 950 1644 erosol.
980 1601 1147 1643 Catech.
1180 1603 1242 1644 18.
1273 1603 1353 1644 Est
1381 1604 1494 1645 enim
1521 1603 1625 1646 haec

60 1674 149 1715 vita
185 1676 355 1727 tempus
393 1674 639 1716 medicinae.
678 1672 800 1715 Cum
828 1688 890 1715 au
903 1676 1007 1715 tem
1035 1688 1063 1726 p
1076 1688 1100 1714 o
1113 1688 1208 1715 ena
1239 1688 1259 1715 c
1272 1688 1295 1715 o
1308 1673 1491 1715 nsider
1504 1676 1627 1716 atur

60 1746 117 1786 ut
166 1744 454 1797 medicina,
508 1748 620 1787 tum
662 1745 866 1798 aliquis
910 1744 1032 1798 pius
1074 1745 1354 1786 interdum
1396 1746 1628 1799 punitur

62 1815 178 1857 sine
216 1830 309 1857 sua
347 1815 530 1869 culpa,
570 1816 772 1870 quippe
811 1830 946 1869 quae
977 1831 1070 1869 per
1100 1815 1379 1858 Christum
1407 1817 1517 1870 ipsi
1548 1820 1628 1859 est

63 1886 392 1939 condonata,
434 1901 540 1929 non
581 1889 761 1928 tamen
805 1887 919 1928 sine
966 1901 1138 1928 causa.
1167 1886 1228 1930 Ut
1281 1890 1394 1930 recte
1433 1888 1627 1931 distinxit

61 1957 249 2000 Thomas
280 1959 316 2009 1,
345 1958 383 1999 2.
413 1960 575 2010 quaest.
603 1958 693 2000 108.
720 1958 838 1999 311310.
867 1959 904 1999 4.

63 2083 65 2085 ¹
114 2028 250 2072 XXV.
287 2029 483 2083 Denique
521 2045 545 2072 a
582 2029 732 2083 poenis
770 2044 795 2071 a
826 2029 918 2071 Deo
948 2028 1134 2081 inflictis,
1165 2030 1218 2071 ad
1246 2045 1406 2084 poenas
1434 2031 1626 2074 satisfac-

62 2102 194 2144 torias
237 2101 290 2143 ab
331 2101 578 2143 hominibus
621 2101 690 2142 vel
731 2100 1024 2154 imponendaS,
1064 2101 1133 2142 vel
1170 2100 1285 2143 ultro
1325 2102 1625 2156 suscipiendas,

62 2173 181 2216 nulla
206 2176 270 2215 est
293 2172 608 2226 consequentia,
635 2187 740 2226 quas
764 2172 799 2214 si
824 2171 940 2214 Deus
963 2173 1199 2226 requireret
1224 2174 1277 2215 ad
1301 2174 1626 2227 satisfactiones,

63 2244 92 2286 b
102 2245 146 2286 is
186 2260 213 2286 v
225 2260 246 2287 e
255 2245 343 2286 ndi
354 2260 375 2287 c
386 2259 410 2286 a
421 2259 442 2286 r
452 2259 473 2287 e
482 2247 501 2286 13
542 2244 596 2286 111
633 2244 686 2286 id
723 2244 775 2299 ip
788 2259 806 2286 s
817 2260 845 2285 u
855 2259 919 2296 m,
960 2247 1003 2286 et
1041 2244 1254 2298 duplicem
1293 2246 1629 2289 satisfactionem

65 2318 213 2357 contra
246 2316 441 2368 justitiae
479 2315 670 2369 regulam
699 2315 923 2369 acciperet.
953 2314 1068 2357 Nam
1097 2316 1211 2368 quod
1239 2318 1509 2371 respondent,
1541 2333 1628 2360 esse

66 2401 84 2428 s
95 2402 123 2428 u
133 2387 161 2428 b
173 2401 197 2428 0
208 2401 230 2428 1
241 2387 291 2428 di
301 2402 330 2428 11
341 2402 366 2428 3
375 2389 394 2428 13
405 2401 429 2428 3
440 2401 459 2428 s
495 2389 664 2429 nostras
702 2386 1013 2428 satisfactiones
1053 2385 1210 2429 Christi
1250 2388 1628 2441 satisfactionibus,

64 2457 109 2500 id
135 2457 293 2500 frustra
322 2458 467 2500 dicunt
478 2474 487 2509 ;
520 2458 619 2511 quia
649 2458 864 2500 contraria
893 2458 1161 2500 subordinari
1190 2473 1276 2501 non
1303 2463 1495 2513 possunt.
1522 2459 1630 2502 Sunt

66 2532 210 2572 autem
251 2528 498 2581 contrariae,
542 2528 776 2570 satisfactio
818 2529 1007 2582 perfecta
1046 2531 1087 2571 et
1126 2529 1386 2583 imperfecta,
1424 2531 1547 2572 unica
1589 2534 1631 2573 et

65 2601 305 2655 multiplex,
333 2600 419 2642 imo
449 2600 555 2654 imp
568 2614 620 2642 er
631 2599 680 2642 fe
692 2602 777 2642 cta
805 2614 824 2641 s
835 2602 888 2641 at
899 2600 914 2641 i
925 2600 1007 2642 sfa
1018 2601 1151 2653 ctio,
1181 2616 1269 2643 non
1293 2603 1358 2643 est
1381 2601 1628 2654 satisfactio,

68 2686 164 2714 cum
200 2671 255 2713 sit
292 2671 572 2714 contradictio
599 2671 646 2713 in
674 2672 852 2725 adjecto.
884 2671 1006 2721 Quod
1036 2672 1071 2713 si
1100 2672 1435 2715 satisfactionem
1464 2674 1631 2728 accipe-

67 2745 174 2794 rent,
211 2757 289 2798 pro
329 2743 507 2796 alicujus
546 2743 802 2785 conditionis
838 2743 1088 2797 impletione
1127 2743 1345 2796 requisita,
1375 2744 1428 2785 ad
1456 2745 1630 2798 partici-

67 2814 252 2867 pandam
280 2814 613 2856 satisfactionem
641 2813 813 2866 Christi,
839 2829 946 2868 quae
971 2830 1047 2868 per
1070 2814 1370 2868 Metaphoram
1394 2815 1628 2859 satisfactio

69 2883 290 2936 diceretur,
318 2885 363 2926 id
393 2884 563 2937 quidem
592 2884 768 2926 tolerari
797 2887 952 2938 posset,
982 2885 1061 2926 etsi
1090 2901 1114 2927 a
1139 2885 1374 2928 catachresi
1398 2887 1629 2929 cavendum

70 2958 199 3006 esset3
229 2956 301 2998 sed
330 2970 424 2998 cum
452 2955 515 2997 illi
542 2970 666 2997 vere
691 2958 740 2997 et
764 2956 1010 3009 proprie,
1035 2971 1113 3009 pro
1138 2957 1322 3011 peccatis
1343 2959 1514 3011 nostris,
1538 2958 1629 3001 Deo

1449 3030 1483 3055 27
