1931 3224
570 122 634 164 Dn
663 121 811 165 D1v1NA
838 121 1241 163 PRAEDESTINATIONE.
1607 121 1684 162 229

176 249 352 293 XXXII.
389 248 554 291 Notum
584 248 696 290 enim
725 249 800 299 est,
829 246 1055 288 nonnullos
1085 247 1284 296 statuere,
1316 259 1486 286 causam
1514 244 1686 286 electio-

122 322 188 364 nis
225 317 494 376 impulsivam
534 335 622 361 esse
658 319 802 361 futura
840 319 952 360 bona
994 333 1135 372 opera,
1176 331 1284 370 quae
1323 315 1440 357 Deus
1470 316 1687 372 eligendos

122 393 189 435 vel
217 392 377 444 fecisse,
408 391 476 433 vel
504 391 540 432 si
569 390 853 444 supervicturi
883 392 1016 441 erant,
1045 388 1232 430 facturos
1260 387 1390 429 fuisse
1419 388 1641 441 praevidit.

177 461 377 506 XXXIH.
430 461 511 504 Sed
557 461 660 503 haec
706 461 919 502 sententia
965 459 1199 513 Pelagiana
1246 474 1271 500 a
1316 459 1451 500 veteri
1497 459 1689 501 Ecclesia

122 538 236 578 recte
272 535 355 576 fuit
382 534 607 576 haereseos
638 533 939 583 condemnata,
971 532 1070 584 quia
1101 531 1255 572 diserte
1286 531 1540 573 contradicit
1568 530 1688 583 Apo-

124 607 234 649 stolo
264 605 397 647 Paulo
428 604 550 646 Rom.
582 605 619 656 9,
654 605 716 646 11.
746 603 937 645 Nondu
951 618 993 644 m
1022 603 1169 644 natis
1196 602 1403 655 pueris,
1431 616 1545 643 011111
1574 616 1634 643 110
1648 616 1690 643 0-

123 679 241 720 dum
276 677 403 719 boni
441 678 533 717 aut
570 675 698 717 mali
738 675 1026 728 quicquam
1063 673 1352 724 fecissent,
1392 675 1449 714 ut
1493 687 1688 727 propo-

123 750 286 792 situm
333 747 432 789 Dei
484 746 625 800 quod
667 748 746 788 est
791 745 1084 787 secundum
1129 744 1476 796 electionem,
1518 758 1688 786 mane-

122 823 224 871 ret,
262 834 366 861 non
403 833 463 860 ex
502 817 782 872 operibus,
823 817 915 858 sed
953 831 1014 858 ex
1051 818 1305 867 vocante,
1344 816 1550 857 dictum
1580 818 1685 868 est,

122 892 294 945 major
332 890 535 933 serviet
571 889 794 941 minori,
825 890 866 930 et
894 902 1063 929 rursum
1091 886 1214 928 Rom.
1246 887 1307 939 11,
1338 888 1373 928 5.
1405 886 1490 928 Ita
1522 902 1542 928 e
1558 887 1689 928 tiam

122 963 221 1006 1100
244 965 490 1016 10111ροΥο
514 961 787 1013 reliquiae
811 959 1099 1001 secundum
1123 959 1451 1000 electionem
1473 958 1689 1011 gratiae

122 1034 272 1077 facta
309 1035 454 1083 sunt3
493 1033 537 1074 si
566 1046 691 1073 vero
723 1046 782 1072 ex
811 1029 1016 1083 gratia,
1041 1030 1149 1083 jam
1177 1044 1282 1071 11011
1311 1043 1371 1071 ex
1402 1029 1686 1082 operibus,

124 1105 376 1158 alioquin
418 1103 600 1156 gratia
641 1116 745 1144 non
789 1104 870 1143 est
911 1100 1147 1154 amplius
1188 1100 1387 1154 gratia.
1427 1099 1498 1151 Et,
1539 1100 1574 1141 si
1612 1114 1690 1141 nec

121 1176 303 1228 vocatio,
341 1189 418 1216 nec
451 1172 701 1227 justificatio
744 1187 793 1214 ex
831 1172 1031 1225 operibus
1071 1173 1180 1224 sunt,
1221 1174 1268 1212 ut
1307 1171 1466 1224 ubique
1504 1172 1687 1212 testatur

123 1247 357 1301 Scriptura,
397 1248 510 1287 certe
546 1259 623 1286 nec
659 1245 754 1298 ipsa
793 1243 956 1295 electio,
997 1257 1104 1295 quae
1145 1243 1198 1284 ad
1226 1242 1331 1284 haec
1361 1243 1502 1284 onmia
1532 1244 1607 1294 est,
1639 1258 1689 1284 ex

123 1317 323 1371 operibus
362 1331 452 1358 esse
489 1317 646 1370 potest.
678 1314 786 1364 Quia
814 1329 915 1356 vero
944 1313 1049 1356 haec
1080 1314 1226 1367 opinio
1254 1314 1298 1355 in
1328 1313 1531 1355 Ecclesiis
1560 1312 1689 1354 refor-

124 1389 263 1440 matiS,
300 1402 458 1442 paucos
496 1389 728 1429 sectatores
764 1386 970 1428 hactenus
999 1385 1164 1438 habuit,
1192 1386 1237 1427 in
1266 1400 1315 1427 ea
1343 1384 1568 1427 refutanda
1597 1384 1688 1426 diu-

124 1460 209 1502 tius
238 1474 325 1502 non
351 1459 599 1501 insistimus.

178 1530 375 1573 XXXIV.
418 1530 568 1572 Altera
610 1529 769 1582 opinio,
808 1543 915 1581 quae
952 1528 1096 1581 plures
1132 1526 1320 1569 fautores
1357 1527 1469 1569 inter
1507 1542 1577 1569 eos
1615 1527 1687 1580 qui

125 1602 342 1645 Ecclesiae
382 1601 639 1643 reformatae
676 1600 867 1642 membra
905 1614 995 1641 esse
1031 1599 1193 1651 volunt,
1231 1599 1402 1652 reperit,
1434 1601 1498 1640 est
1528 1614 1687 1651 eorum,

127 1673 199 1727 qui
236 1673 397 1724 volunt,
436 1671 575 1713 Deum
611 1671 822 1713 neminem
861 1669 1148 1724 peremptorie
1186 1669 1239 1710 ad
1277 1669 1456 1710 salutem
1495 1670 1686 1723 elegisse,

125 1744 208 1786 nisi
244 1758 296 1785 ex
333 1743 431 1785 fidei
468 1758 517 1785 ac
544 1742 887 1796 perseverantiae
915 1740 1182 1795 praevisione
1212 1740 1506 1793 antecedanea,
1539 1741 1688 1782 saltem

125 1817 174 1858 ut
217 1815 424 1868 qualitate
465 1814 787 1868 praerequisita,
833 1816 875 1855 01
918 1827 1043 1855 causa
1084 1813 1174 1854 sine
1219 1828 1301 1866 qua
1343 1827 1450 1863 n0n;
1495 1813 1597 1854 adeo
1640 1815 1687 1854 ut

127 1886 279 1929 electio
317 1886 423 1928 haec
450 1885 560 1926 nihil
589 1885 704 1926 aliud
733 1885 800 1936 sit,
832 1899 959 1937 quam
989 1884 1224 1937 assignatio
1253 1884 1395 1925 ultimi
1426 1884 1605 1937 praemii
1637 1899 1686 1925 ex

127 1957 441 2000 conditionibus
468 1956 687 2009 requisitis
718 1956 913 1998 omnibus
943 1958 1066 1998 antea
1094 1956 1294 2009 impletis.
1388 1956 1389 1962 ’

180 2028 356 2072 XXXV.
394 2028 513 2070 Haec
549 2028 773 2079 sententia,
812 2027 847 2069 si
884 2027 1011 2069 fidem
1051 2030 1091 2069 et
1128 2027 1488 2082 perseverantiam
1526 2027 1571 2068 in
1586 2055 1592 2061 -
1607 2026 1687 2068 fide

126 2116 291 2144 merum
318 2100 400 2143 Dei
428 2100 585 2142 donum
615 2114 705 2141 esse
735 2102 997 2152 agnosceret,
1028 2114 1079 2140 ex
1108 2099 1280 2153 speciali
1310 2099 1449 2153 gratia
1478 2099 1688 2141 salvandis

127 2187 385 2224 concessum,
413 2173 459 2213 in
487 2171 633 2213 ordine
662 2171 832 2223 decreti,
863 2173 905 2213 et
933 2171 1060 2212 modo
1091 2171 1292 2223 loquendi
1320 2172 1487 2212 tantum
1517 2186 1540 2212 a
1565 2170 1687 2212 nobis

127 2244 326 2297 differret,
374 2243 419 2285 in
455 2258 501 2285 re
536 2244 628 2298 ipsa
667 2245 708 2285 et
735 2243 1011 2284 fundamento
1042 2245 1152 2284 esset
1180 2257 1407 2284 consensus
1420 2258 1429 2293 3
1473 2242 1545 2284 sed
1588 2243 1688 2295 quia

126 2315 400 2357 manifestum
429 2317 502 2367 est,
536 2329 608 2356 eos
635 2314 766 2356 talem
795 2314 921 2356 fidem
953 2317 995 2355 et
1025 2313 1387 2368 perseverantiam
1416 2314 1460 2355 in
1489 2328 1537 2355 ea
1565 2328 1688 2367 prae-

128 2385 308 2439 exigere,
349 2400 456 2437 quae
493 2384 651 2438 partim
693 2384 864 2438 quidem
893 2399 943 2426 ex
972 2383 1052 2426 Dei
1082 2384 1206 2435 dono,
1236 2384 1395 2437 partim
1425 2398 1525 2425 vero
1557 2398 1606 2424 ex
1635 2383 1685 2423 li-

126 2457 228 2499 bera
264 2456 484 2498 voluntate
517 2456 704 2499 hominis
734 2459 875 2498 ortum
904 2456 1047 2508 habet,
1077 2470 1101 2497 a
1129 2455 1445 2508 Pelagianismo
1474 2454 1591 2496 nulla
1619 2468 1686 2495 ra-

126 2528 243 2571 tione
280 2527 452 2569 liberari
479 2529 643 2580 potest3
674 2530 716 2570 et
743 2530 909 2581 pugnat
943 2542 1039 2569 cum
1067 2541 1115 2569 eo
1152 2526 1266 2580 quod
1300 2526 1536 2580 Apostolus
1570 2525 1684 2577 dicit,

128 2604 242 2657 ejus
272 2599 482 2643 laudem
510 2613 614 2642 non
645 2613 760 2642 esse
785 2613 845 2640 ex
869 2599 1181 2642 hominibus
1207 2598 1296 2640 sed
1321 2612 1382 2639 ex
1405 2597 1537 2649 Deo,
1562 2596 1685 2638 Rom.

127 2676 163 2717 2.
202 2688 307 2716 vers.
349 2672 423 2714 ult.
463 2674 506 2714 et
542 2685 645 2713 non
685 2686 801 2713 esse
841 2673 1136 2724 currentis,
1176 2686 1272 2712 nec
1300 2670 1567 2722 volentis,
1597 2669 1686 2710 sed

126 2744 444 2788 miserentis
472 2743 511 2784 D
525 2743 583 2795 ei,
609 2742 732 2785 Rom.
757 2744 794 2796 9,
819 2743 882 2785 16.
910 2745 960 2785 01
986 2743 1106 2796 quis
1131 2743 1285 2796 prior
1312 2741 1460 2783 dedit
1484 2740 1529 2783 ei
1554 2741 1686 2794 quod

126 2816 476 2859 retribuatur
514 2814 581 2867 ei,
620 2829 736 2856 nam
774 2829 834 2856 ex
871 2813 1011 2869 ipso,
1052 2828 1145 2867 per
1180 2813 1358 2867 ipsum
1396 2814 1447 2854 et
1485 2811 1534 2853 in
1565 2812 1684 2865 ipso

128 2889 251 2930 sunt
290 2886 478 2937 omnia,
517 2885 639 2928 Rom.
678 2885 741 2937 11,
771 2886 834 2927 36.
864 2885 972 2927 Item
1000 2883 1020 2926 I
1050 2883 1142 2925 Cor.
1173 2884 1210 2935 3,
1239 2884 1276 2925 6.
1305 2883 1503 2925 Paulus
1533 2883 1683 2936 plan-

126 2960 230 3010 tat,
271 2957 475 3011 Apollo
516 2957 687 3010 rigat,
732 2956 821 2997 sed
862 2955 1003 2997 Deus
1042 2956 1123 2996 est
1161 2954 1250 3007 qui
1287 2954 1679 2996 incrementum
