1931 3224
672 76 741 149 Dr
763 106 945 150 PnccATo
974 107 1165 149 Acrmm.
1622 115 1697 156 135

187 229 241 272 ll.
283 230 476 283 Peccare,
521 230 631 272 sicut
668 233 710 272 et
750 229 921 272 Graecis
963 231 1212 285 ἁμαρτάνειν
1250 236 1292 275 et
1330 234 1538 279 Hebraeis
1578 240 1702 289 ΠὩΠ,

136 301 309 355 proprie
337 315 361 343 a
387 302 456 343 via
483 301 550 344 vel
578 316 708 356 scopo
739 302 956 353 aberrare;
986 304 1030 345 in
1053 303 1133 346 hac
1159 318 1259 346 vero
1285 307 1477 358 materia,
1495 323 1518 349 a
1535 308 1700 351 divinae

135 373 243 426 legis
271 372 538 426 praescripto
569 372 780 415 declinare
810 374 1034 427 significat.

188 443 264 486 ΙΠ.
293 443 524 486 Peccatum
553 444 718 487 actuale
749 459 800 487 ex
825 445 1084 499 Augustino,
1106 445 1214 488 Lib.
1235 447 1299 488 22.
1322 451 1515 491 contra
1542 448 1703 493 Faus-

133 517 260 567 tum,
290 530 400 569 cap.
431 516 494 557 27.
526 515 690 558 definiri
719 516 841 568 solet,
878 515 1102 569 factum,
1143 517 1351 559 dictum
1390 522 1481 561 aut
1511 536 1702 563 concu-

89 616 93 619 -
133 586 308 641 pitum
345 586 558 639 aliquid
598 590 792 629 contra
829 588 1003 641 legem
1042 591 1332 631 aeternam.
1364 590 1480 640 Quae
1510 592 1699 635 definitio

131 657 308 699 tolerari
337 660 493 712 potest,
523 658 558 699 si
588 658 641 700 ad
665 658 839 711 plenam
865 660 1228 702 enumerationem
1253 675 1336 702 vox
1361 663 1601 716 cogitati
1628 665 1700 706 ad-

134 728 270 782 datur,
314 732 355 770 et
396 743 481 771 vox
524 730 812 783 concupiti
855 733 945 772 tam
977 731 1026 772 de
1069 733 1416 785 concupiscentia
1453 734 1698 788 voluntatis,

135 814 263 853 quam
289 800 517 842 affectuum
546 801 828 854 intelligatur.

184 871 257 914 IV.
287 870 459 914 Plenior
485 875 628 914 tamen
656 872 847 915 definitio
876 888 899 914 a
922 874 1082 915 nostris
1108 874 1304 927 traditur,
1333 876 1447 928 quod
1474 877 1528 918 sit
1553 880 1699 920 actio

132 945 324 985 contra
361 943 537 997 legem
573 943 700 996 Dei,
737 943 901 986 Deum
931 944 1239 997 offendens,
1272 949 1322 988 et
1351 951 1701 1001 peccatorem

130 1029 276 1056 reum
313 1014 525 1056 faciens
562 1015 676 1056 irae
715 1014 813 1056 Dei
849 1018 900 1056 et
927 1017 1143 1068 mortis,
1176 1018 1283 1058 nisi
1312 1018 1564 1061 remissio
1594 1021 1700 1063 fiat

133 1088 365 1140 propter
394 1085 674 1128 Christum
702 1086 1075 1129 mediatorem.
1156 1076 1160 1078 .

183 1156 236 1199 V.
275 1156 480 1199 Definitio
519 1157 625 1199 haec
664 1158 830 1200 elicitur
871 1173 921 1200 ex
960 1160 981 1200 1
1013 1158 1112 1201 Joh.
1142 1160 1178 1213 3,
1208 1160 1245 1202 4.
1277 1162 1298 1209 ἡ
1334 1162 1521 1216 cifram-lx
1550 1164 1653 1207 ἐστὶν
1681 1166 1701 1213 ἡ

132 1229 293 1281 ἀνομίαι,
332 1231 619 1283 peccatum
664 1232 745 1271 est
785 1230 929 1283 legis
972 1233 1376 1285 transgressio,
1423 1236 1465 1275 et
1503 1249 1553 1276 ex
1578 1235 1696 1277 dicto

130 1300 267 1353 Pauli,
307 1299 395 1343 Gal.
430 1301 468 1353 3,
500 1301 562 1343 10.
593 1300 927 1343 Maledictus
957 1304 1141 1356 omnis,
1174 1304 1266 1357 qui
1295 1320 1400 1347 non
1432 1308 1697 1348 manserit

129 1373 183 1414 in
221 1371 490 1422 omnibus,
531 1386 666 1426 quae
704 1373 916 1426 scripta
951 1376 1076 1416 sunt
1113 1375 1168 1416 in
1198 1375 1339 1418 libro
1370 1377 1511 1430 legis
1541 1381 1597 1419 ut
1626 1378 1697 1420 fa—

132 1443 243 1485 ciat
283 1458 361 1493 ea,
402 1446 443 1485 et
480 1458 588 1485 vers.
624 1444 686 1485 13.
718 1443 973 1486 Christus
1002 1460 1098 1487 nos
1128 1446 1359 1488 redemit
1391 1463 1414 1489 a
1443 1449 1696 1491 maledic-

130 1515 285 1557 tione
313 1515 479 1569 legis,
507 1514 693 1556 factus
723 1529 820 1568 pro
850 1516 1009 1557 nobis
1038 1517 1376 1560 maledictio.

182 1585 256 1628 VI.
300 1585 367 1628 Ex
406 1600 490 1639 qua
528 1585 775 1628 definitione
813 1587 1087 1629 manifestum
1126 1591 1200 1642 est,
1239 1591 1461 1643 propriam
1500 1595 1697 1635 naturam

129 1659 171 1698 et
202 1655 386 1698 formam
413 1656 542 1709 hujus
570 1658 737 1710 peccati
767 1658 1011 1711 consistere,
1040 1659 1084 1700 in
1113 1660 1307 1702 absentia
1337 1677 1409 1704 seu
1438 1662 1576 1705 forma
1605 1667 1695 1706 rec-

127 1727 324 1769 titudinis
364 1729 406 1769 et
445 1728 700 1781 sanctitatiS,
741 1743 848 1781 quae
889 1730 1119 1772 secundum
1158 1731 1238 1773 Dei
1278 1732 1416 1786 legem
1454 1735 1693 1777 actionibus

126 1798 286 1841 nostris
324 1800 414 1840 tam
450 1798 629 1841 internis
670 1814 797 1852 quam
837 1801 1023 1843 externis
1052 1802 1189 1844 inesse
1219 1803 1364 1855 debet;
1394 1806 1506 1847 unde
1535 1809 1576 1847 et
1605 1821 1691 1849 non

126 1869 237 1911 male
274 1868 456 1923 August.
496 1869 604 1912 Lib.
644 1870 706 1912 11.
747 1871 806 1913 de
835 1870 993 1915 Civit.
1024 1872 1144 1926 Dei,
1175 1889 1285 1928 cap.
1317 1876 1353 1917 9.
1383 1877 1513 1918 mali
1544 1878 1695 1919 nulla

126 1943 321 1983 natura
351 1943 450 1994 est,
482 1942 571 1984 sed
598 1943 820 1985 amissio
852 1944 980 1986 boni
1008 1946 1136 1987 mali
1164 1961 1355 1988 nomen
1385 1949 1613 2003 accepit.

178 2012 274 2055 VII.
315 2013 493 2063 Quando
532 2028 634 2068 ergo
665 2030 689 2057 a
717 2015 932 2057 nonnullis
960 2015 1236 2060 Reformatae
1264 2018 1482 2062 Ecclesiae
1512 2022 1694 2075 scripto-

125 2084 244 2127 ribus
275 2085 490 2138 asseritur,
520 2086 681 2128 malum
708 2101 795 2129 non
820 2102 910 2130 esse
940 2103 1101 2130 meram
1130 2090 1429 2144 privationem,
1455 2092 1498 2134 id
1522 2107 1608 2134 non
1635 2093 1693 2135 sic

126 2156 455 2210 intelligendum
493 2160 569 2209 est,
601 2159 723 2210 quasi
752 2159 912 2201 malum
940 2175 1016 2213 per
1047 2175 1091 2202 se
1121 2161 1309 2214 aliquam
1335 2178 1432 2205 vere
1462 2164 1693 2217 positivam

125 2229 323 2269 naturam
351 2227 509 2270 habeat
538 2243 612 2270 seu
639 2230 1000 2284 metaphysicam;
1031 2247 1125 2274 cum
1155 2248 1279 2275 omne
1308 2248 1379 2275 ens
1408 2234 1505 2287 tale,
1532 2235 1691 2277 bonum

126 2298 194 2351 sit,
233 2301 276 2340 et
305 2313 330 2340 a
358 2298 449 2340 solo
479 2298 570 2341 Deo
603 2301 740 2343 omnis
768 2301 870 2344 boni
901 2305 1087 2356 auctore,
1116 2319 1236 2345 nam
1264 2305 1318 2346 in
1348 2320 1405 2347 eo
1434 2307 1687 2359 vivimus,

75 2413 80 2417 ,
124 2383 396 2411 movemur
427 2373 477 2412 et
506 2385 701 2425 sumus,
726 2372 822 2415 Act.
849 2374 911 2426 17,
938 2374 1001 2415 28.
1028 2374 1100 2416 sed
1125 2374 1208 2416 hoc
1234 2376 1286 2417 ab
1311 2376 1394 2418 illis
1418 2377 1687 2431 intelligitur,

126 2441 176 2483 de
213 2441 454 2495 privatione
491 2442 700 2486 inefficaci
739 2446 866 2498 atque
903 2445 1062 2497 otiosa3
1103 2446 1247 2499 quales
1287 2450 1385 2488 sunt
1423 2448 1687 2501 privationes

126 2527 235 2566 quae
264 2513 504 2567 potentiam
533 2513 726 2556 absolute
757 2515 966 2570 auferunt,
998 2519 1046 2559 ut
1077 2518 1258 2559 caecitas
1288 2518 1437 2559 visum.

178 2584 294 2627 VHI.
338 2584 567 2627 Peccatum
609 2601 709 2628 vero
753 2590 927 2630 actuosa
970 2589 1156 2643 privatio
1196 2592 1270 2641 est,
1313 2605 1395 2642 qua
1431 2590 1688 2646 principium

126 2670 268 2710 agens,
299 2659 427 2710 atque
451 2657 546 2711 ipsa
571 2658 683 2700 actio
710 2673 761 2701 ex
785 2673 835 2701 eo
860 2660 1066 2713 profecta,
1092 2660 1285 2714 privatur
1309 2660 1398 2702 sola
1421 2662 1686 2716 rectitudine,

127 2742 224 2769 cum
274 2728 478 2782 principii
520 2728 655 2782 ipsius
700 2731 986 2784 corruptione,
1029 2746 1115 2774 non
1159 2731 1398 2782 ablatione3
1444 2733 1580 2785 qualis
1625 2738 1690 2777 est

128 2798 290 2841 luxatio
330 2799 475 2851 cruris,
515 2815 540 2841 a
571 2814 654 2853 quo
683 2803 826 2843 motus
853 2817 939 2844 non
969 2803 1171 2855 aufertur,
1202 2803 1274 2846 sed
1301 2806 1444 2846 motus
1474 2805 1686 2849 ordinatio

128 2872 171 2911 et
198 2870 420 2913 rectitudo.
450 2870 574 2914 Unde
602 2871 652 2913 fit
678 2875 726 2914 ut
753 2876 976 2926 peccatum
1003 2889 1089 2916 non
1117 2877 1285 2916 tantum
1313 2877 1523 2929 negative,
1549 2878 1621 2920 sed
1646 2882 1687 2921 et

124 2940 380 2985 affirmative
424 2944 674 2986 enuncietur
716 2960 740 2987 a
778 2944 1010 3000 Scriptura,
1051 2949 1092 2988 et
1131 2946 1319 2990 efficacia
1355 2948 1420 2990 illi
1457 2949 1683 3002 tribuatur,
