1931 3224
269 153 348 194 580
813 148 1059 190 DisPU'rATlo
1088 147 1284 191 XLVIII.

269 276 422 331 templi
460 276 589 318 aditu.
628 272 750 315 Unde
790 274 831 314 et
867 273 912 314 in
950 272 1211 326 Evangelica
1245 271 1440 314 Historia
1478 271 1576 314 Joh.
1614 272 1652 324 9,
1690 271 1753 313 22.
1792 275 1834 314 et

270 349 372 390 alibi
409 348 600 401 legimus,
641 360 712 387 eos
751 359 857 398 quos
894 359 972 398 pro
1010 344 1154 398 impiis
1181 343 1411 396 habebant,
1440 343 1577 386 factos
1608 356 1696 385 esse
1729 343 1832 385 azm-

270 420 548 470 σωνοιγώγουςς
593 420 634 459 et
677 416 870 458 Christus
912 416 1025 457 inter
1066 415 1251 468 reliquas
1295 414 1558 458 calamitates
1603 429 1716 467 quas
1746 413 1831 455 suis

270 489 492 543 Apostolis
542 488 761 542 praedicit,
815 487 942 529 etiam
994 487 1104 529 hanc
1150 487 1305 540 adjicit,
1351 487 1464 540 quod
1507 502 1557 529 ex
1600 485 1833 541 synagogis

268 564 445 616 propter
472 560 606 613 ipsius
634 574 790 602 nomen
820 561 959 601 essent
989 558 1195 611 ejiciendi,
1226 557 1326 600 Joh.
1358 559 1421 610 16,
1450 560 1487 600 2.

321 632 435 675 XVI.
473 631 539 674 Ex
575 631 701 674 Novo
737 630 1012 674 Testamento
1051 630 1236 684 plurima
1265 645 1434 684 quoque
1464 629 1711 684 Scripturae
1739 631 1835 672 loca

266 704 311 745 in
339 704 449 746 hanc
478 704 734 746 sententiam
763 704 989 746 manifesta
1018 706 1128 756 sunt,
1159 717 1267 756 quae
1297 702 1349 744 ad
1377 717 1529 744 munus
1556 701 1836 755 Magistratus

268 776 386 818 nullo
421 779 548 829 pacto
587 778 768 830 possunt
806 775 965 818 referri.
1005 773 1140 817 Locus
1179 773 1303 815 Matt.
1343 774 1406 825 16,
1448 774 1508 815 19.
1549 773 1672 815 Tibi
1701 774 1834 815 dabo

270 847 451 889 claves
479 848 637 901 regni
667 847 965 899 coelorum,
996 849 1046 888 et
1075 845 1338 899 quicquid
1360 844 1629 899 ligaveris
1654 845 1708 885 in
1732 847 1836 885 ter-

269 918 367 969 ris,
396 918 632 971 ligatum
662 919 769 961 erit
796 919 850 960 in
880 917 1061 960 coelis.
1089 916 1199 959 Item
1222 916 1322 958 Joh.
1347 917 1411 969 20,
1436 917 1499 958 23.
1526 915 1835 969 Cuicunque

270 989 606 1031 remiseritis
648 992 899 1043 peccata,
941 988 1171 1031 remissa
1215 990 1402 1040 erunt,
1442 990 1492 1029 et
1530 987 1836 1040 cuicunque

270 1060 650 1113 retinueritis,
691 1063 911 1103 retenta
954 1062 1132 1112 erunt,
1173 1060 1224 1101 de
1263 1058 1404 1101 officio
1442 1057 1723 1112 Magistratus
1759 1072 1836 1099 nec

270 1132 454 1186 intelligi
483 1135 676 1186 possunt,
705 1148 783 1175 nec
811 1147 1000 1185 unquam
1028 1132 1200 1174 fuerunt
1226 1130 1452 1183 intellecta,
1483 1131 1555 1173 sed
1585 1130 1634 1172 de
1662 1145 1836 1172 munere

270 1203 583 1258 Apostolorum
611 1207 779 1246 tantum
809 1207 850 1247 et
872 1204 1087 1247 Ecclesiae
1110 1204 1356 1255 Pastorum3
1383 1202 1736 1257 quemadmodum
1760 1217 1837 1244 nec

271 1274 389 1317 locus
427 1274 551 1317 Matt.
584 1276 645 1317 18.
676 1274 774 1317 Dic
800 1275 1106 1328 Ecclesiae,
1137 1278 1187 1317 et
1216 1276 1259 1317 si
1287 1275 1595 1318 Ecclesiam
1622 1289 1726 1316 non
1754 1289 1836 1315 au-

273 1346 463 1399 dierit,
518 1347 590 1388 sit
641 1347 749 1389 tibi
792 1348 942 1389 velut
983 1346 1255 1389 Ethnicus
1299 1349 1348 1389 et
1391 1346 1751 1398 Publicanus,
1795 1348 1838 1387 et

273 1418 294 1458 1
335 1417 427 1459 Cor.
466 1418 502 1470 5,
541 1419 577 1460 3.
615 1419 652 1460 4.
690 1419 727 1460 5.
764 1419 839 1460 11101
877 1418 1115 1472 Apostolus
1144 1419 1434 1460 incestuosum
1462 1418 1515 1459 ab
1545 1417 1737 1460 Ecclesia
1765 1416 1838 1459 Sa—

270 1491 397 1530 tanae
435 1489 547 1530 tradi
580 1489 766 1542 mandat,
807 1492 848 1531 et
885 1490 1001 1544 leges
1038 1490 1292 1543 praescribit
1332 1489 1561 1531 secundum
1601 1504 1704 1542 quas
1732 1489 1837 1530 haec

274 1559 497 1613 disciplina
537 1560 735 1615 deinceps
779 1561 964 1603 exerceri
1009 1561 1181 1612 debeat;
1227 1563 1398 1615 praeter
1441 1561 1604 1603 diversa
1647 1560 1839 1615 exempla

273 1645 381 1684 quae
403 1632 448 1673 in
476 1633 613 1686 praxi,
644 1635 685 1674 et
713 1632 922 1686 Epistolis
952 1633 1273 1687 Apostolorum,
1304 1633 1465 1687 passim
1490 1634 1706 1685 occurunt,
1732 1646 1838 1685 quo-

271 1717 366 1744 rum
396 1703 440 1744 in
470 1703 745 1757 sequentibus
774 1703 968 1746 facienda
997 1705 1078 1746 erit
1105 1704 1279 1746 mentio.

325 1774 464 1816 XVII.
506 1775 573 1817 Ex
617 1775 770 1830 quibus
813 1776 1009 1818 omnibus
1049 1776 1322 1818 manifestum
1367 1779 1441 1830 est,
1482 1775 1729 1830 gravissime
1767 1790 1838 1817 eos

274 1860 425 1898 errare,
469 1847 543 1899 qui
583 1846 693 1888 hanc
733 1848 994 1899 potestatem
1034 1847 1251 1889 Ecclesiae
1294 1847 1437 1889 datam
1473 1862 1631 1901 negare
1669 1847 1838 1899 audent,

273 1932 382 1970 quae
419 1918 616 1961 universa
653 1918 824 1960 Veteris
863 1921 904 1960 et
941 1918 1056 1961 Novi
1085 1919 1361 1972 Testamenti,
1393 1922 1435 1961 et
1461 1919 1676 1962 Ecclesiae
1703 1919 1837 1960 totius

273 1987 541 2032 Christianae
569 1991 749 2032 immota
776 1990 900 2043 praxi
928 1989 1117 2032 fulcitur.

326 2059 484 2102 XVIII.
514 2059 710 2103 Graviter
735 2062 865 2103 etiam
889 2064 1031 2103 errant
1054 2062 1129 2114 illi,
1155 2062 1228 2115 qui
1250 2061 1361 2103 hanc
1385 2063 1644 2115 potestatem
1670 2059 1838 2113 quidem

272 2130 487 2174 Ecclesiae
527 2147 551 2173 a
590 2131 760 2174 Christo
800 2132 943 2174 datam
982 2133 1184 2186 fatentur,
1224 2134 1295 2175 sed
1333 2135 1452 2175 extra
1486 2132 1677 2174 ordinem
1716 2133 1757 2172 et
1785 2130 1839 2172 ad

273 2205 442 2257 tempus
478 2206 661 2257 tantum,
699 2204 902 2258 quamdiu
939 2204 1129 2247 Ecclesia
1157 2205 1234 2247 sub
1266 2219 1387 2246 cruce
1414 2204 1509 2256 fuit,
1540 2206 1580 2245 et
1608 2202 1838 2255 Magistra-

273 2274 387 2316 tibus
427 2274 680 2317 Christianis
715 2276 861 2318 caruit.
888 2276 996 2325 Quia
1025 2279 1277 2331 argumenta
1306 2291 1358 2318 ex
1389 2274 1536 2317 Veteri
1564 2274 1837 2317 Testamento

274 2349 399 2389 antea
438 2347 579 2399 allata,
619 2349 669 2390 de
699 2347 890 2390 Ecclesia
919 2347 997 2389 sub
1025 2347 1220 2389 fidelibus
1248 2345 1577 2400 Magistratibus
1608 2344 1839 2386 constituta

274 2420 430 2471 agunt3
469 2421 510 2460 et
549 2417 742 2461 Christus
782 2420 826 2461 in
858 2418 984 2461 Novo
1015 2418 1290 2461 Testamento
1320 2417 1534 2460 Ecclesiae
1558 2416 1668 2457 hanc
1695 2417 1839 2469 potes-

273 2490 408 2530 tatem
444 2489 639 2531 absolute
681 2493 723 2532 et
760 2491 804 2531 in
842 2492 1097 2545 perpetuum
1136 2490 1264 2542 dedit,
1301 2489 1417 2530 nulla
1455 2487 1660 2542 ejusmodi
1689 2500 1839 2539 excep-

273 2560 404 2602 tionis
440 2562 657 2603 mentione
697 2565 770 2603 aut
801 2562 1041 2616 suspicione
1070 2577 1250 2616 usquam
1278 2561 1453 2614 injecta3
1483 2560 1594 2602 unde
1623 2561 1666 2600 et
1693 2558 1839 2600 Eccle-

275 2633 336 2674 sia
377 2633 597 2686 primitiva
640 2634 816 2676 eandem
858 2636 1118 2688 potestatem
1157 2634 1263 2675 citra
1302 2647 1470 2674 omnem
1507 2630 1840 2674 controversiam

277 2704 476 2756 exercuit,
505 2719 591 2746 non
618 2707 788 2747 tantum
817 2705 894 2747 sub
925 2720 1045 2748 cruce
1071 2708 1112 2747 et
1137 2708 1367 2759 antequam
1389 2703 1675 2757 Imperatores
1700 2702 1840 2743 essent

276 2774 520 2828 Christiani,
559 2777 631 2819 sed
660 2777 789 2819 etiam
817 2777 894 2819 sub
923 2777 988 2829 iis,
1019 2777 1189 2830 quando
1214 2778 1303 2830 jam
1332 2776 1386 2818 ad
1414 2775 1541 2818 fidem
1572 2776 1710 2816 essent
1739 2787 1840 2814 con-

276 2848 399 2899 versi,
431 2850 472 2889 et
501 2849 579 2890 sub
610 2863 756 2890 eorum
784 2849 964 2902 politico
994 2849 1215 2903 regimine,
1246 2848 1359 2901 quod
1388 2847 1441 2889 ab
1468 2845 1769 2888 Ecclesiastico
1798 2846 1840 2885 et

277 2918 490 2972 spirituali
516 2919 600 2962 hoc
628 2920 833 2974 regimine
862 2934 1029 2974 semper
1058 2920 1306 2962 distinctum
1336 2921 1378 2961 et
1406 2918 1635 2960 discretum
1665 2917 1758 2958 fuit.

331 2987 445 3030 XIX.
488 2989 583 3031 Etsi
625 3006 724 3032 vero
768 2991 878 3034 hanc
920 2992 1187 3046 spiritualem
1230 2991 1503 3044 potestatem,
1545 3003 1569 3030 a
1611 2986 1841 3030 Christiani
1926 2993 1931 3011 ¹
