1931 3224
207 148 271 190 Da
300 148 405 191 Vm
434 165 479 192 Ac
507 150 650 192 MORTE
678 151 868 194 AETERNA
897 168 942 194 ΕΤ
971 152 1300 195 CONSUMMATIONE
1330 169 1474 196 sncnm.
1541 155 1620 197 667

66 273 200 322 erunt,
239 286 324 314 non
353 286 404 313 ex
436 288 484 315 eo
512 276 655 316 tamen
685 276 877 328 sequitur
905 291 974 318 eas
1002 276 1165 319 futuras
1194 278 1411 330 aequales;
1441 278 1513 320 sed
1541 279 1621 320 sic-

65 342 128 382 uti
167 341 320 394 gradus
358 343 401 383 in
438 343 526 385 vita
561 348 732 387 aeterna
769 346 921 388 diversi
961 350 1095 399 erunt,
1135 362 1185 389 ex
1222 348 1311 390 sola
1348 348 1429 390 Dei
1458 349 1622 402 gratiae

66 413 229 455 diversa
254 415 656 466 communicatione;
682 417 741 458 sic
766 420 807 458 et
830 432 992 471 poenae
1016 419 1060 459 in
1080 421 1217 460 morte
1237 422 1407 462 aeterna
1422 421 1622 473 inaequa-

65 484 124 526 les
167 487 301 537 erunt,
343 500 422 539 pro
466 486 629 528 diversa
672 491 942 540 peccatorum
988 492 1029 531 et
1071 491 1360 532 contumaciae
1402 491 1622 534 hominum

65 570 262 597 mensura
300 571 350 598 ex
388 555 468 598 Dei
492 557 609 609 justo
636 558 797 609 judicio
827 559 970 613 impiis
1000 560 1240 613 infligenda,
1270 563 1623 614 quemadmodum

65 626 256 669 Christus
291 627 382 681 ipse
419 630 613 681 testatur,
642 629 796 671 Matth.
827 631 887 682 11,
917 632 979 672 22.
1011 631 1124 684 quod
1153 631 1290 685 Tyro
1331 635 1381 674 et
1419 633 1623 686 Sydoni

65 699 420 741 tolerabilius
462 700 570 741 erit
602 701 656 741 in
696 701 778 743 die
803 702 1025 754 judicii,
1055 717 1209 755 quam
1237 703 1465 745 urbibus
1494 704 1622 757 illis,

64 770 117 811 in
155 770 348 822 quibus
387 771 626 813 virtutes
662 772 798 814 illae
836 773 897 814 ab
935 773 1056 826 ipso
1087 774 1311 826 fiebant,
1341 777 1390 816 et
1418 790 1522 817 non
1550 791 1624 817 re-

66 840 432 894 sipiscebant:
470 843 573 884 item
603 842 700 885 Luc.
731 844 793 896 12,
823 845 886 886 47.
917 845 1055 897 quod
1084 860 1268 887 servus
1296 846 1391 887 ille
1422 847 1512 899 qui
1538 862 1624 889 no-

65 918 145 960 vit
180 916 522 959 voluntatem
560 914 763 956 domini
801 915 892 967 sui,
931 930 1024 957 nec
1061 931 1112 957 se
1153 918 1493 970 comparavit
1529 933 1624 960 nec

65 989 200 1031 fecit
228 1004 286 1031 ex
327 987 615 1029 voluntate
658 987 786 1039 ejus,
833 987 1088 1029 caedetur
1126 988 1333 1039 multis3
1373 988 1464 1040 qui
1499 1003 1622 1031 vero

64 1076 168 1103 non
195 1059 350 1102 novit
381 1060 430 1101 et
457 1057 593 1100 fecit
623 1058 786 1111 digna
814 1058 1008 1111 plagis,
1038 1059 1296 1100 caedetur
1325 1059 1525 1112 paucis.

118 1131 228 1173 LIII.
257 1130 391 1173 Locus
420 1129 584 1171 miseris
612 1129 696 1170 illis
725 1128 970 1170 hominibus
998 1132 1046 1170 ut
1075 1132 1116 1171 et
1142 1130 1415 1172 daemonibus
1441 1131 1624 1173 destina-

64 1206 133 1245 tus
162 1203 206 1244 in
235 1202 456 1255 Scriptura
483 1199 747 1253 frequentius
776 1202 952 1242 vocatur
991 1199 1102 1255 ᾅδης,
1122 1201 1164 1242 id
1189 1204 1263 1252 est,
1287 1201 1486 1254 infernus,
1507 1202 1622 1254 item,

66 1274 255 1328 abySSUS,
283 1273 489 1326 gehenna,
520 1275 672 1326 puteus
701 1272 854 1326 abyssi,
884 1274 926 1314 et
952 1274 1150 1325 stagnum
1175 1273 1323 1314 ardens
1348 1273 1447 1328 igne
1473 1275 1514 1314 et
1539 1273 1622 1314 sul-

64 1345 213 1400 phure,
253 1347 298 1386 ut
333 1359 383 1386 ex
410 1345 503 1398 ipso
533 1344 615 1385 loci
644 1343 819 1385 horrore
848 1357 1079 1397 poenarum
1108 1343 1295 1397 gravitas
1323 1346 1444 1386 tanto
1473 1344 1622 1386 melius

66 1417 305 1470 colligatur.
344 1415 430 1457 Ubi
468 1429 566 1457 vero
605 1414 732 1467 hujus
769 1414 852 1456 loci
890 1413 995 1455 situs
1032 1414 1099 1466 sit,
1137 1415 1263 1456 nimis
1292 1415 1454 1457 curiose
1483 1415 1623 1469 inqui-

69 1487 247 1529 rendum
285 1501 371 1528 non
408 1488 482 1538 est,
521 1485 592 1527 sed
619 1485 764 1539 potius
791 1484 860 1527 via
889 1499 936 1527 ac
966 1486 1087 1537 ratio,
1119 1501 1201 1539 qua
1229 1486 1264 1527 is
1293 1502 1316 1528 a
1344 1486 1467 1528 nobis
1496 1487 1624 1529 vitari

64 1557 211 1611 possit.
241 1556 419 1599 Interim
449 1558 604 1608 tamen,
634 1558 681 1597 ut
710 1556 964 1598 sententiam
993 1571 1138 1598 eorum
1166 1557 1407 1611 improbare
1436 1572 1522 1600 non
1551 1574 1623 1600 au-

65 1629 220 1680 demus,
264 1629 336 1681 qui
367 1630 544 1682 propter
572 1628 914 1670 antecedentium
942 1628 1161 1669 nominum
1191 1642 1455 1671 communem
1482 1629 1623 1672 notio-

65 1715 174 1752 nem,
201 1702 242 1741 et
268 1700 368 1752 quia
393 1714 590 1753 supremo
617 1700 735 1742 coelo
761 1700 920 1754 passim
945 1700 1189 1754 opponitur,
1215 1703 1343 1753 atque
1364 1715 1412 1742 eo
1430 1701 1623 1743 descendi

64 1771 152 1814 fere
190 1771 356 1823 dicitur,
394 1785 490 1812 eum
526 1771 570 1812 in
607 1773 746 1813 terrae
785 1773 826 1813 et
863 1771 991 1813 maris
1021 1771 1258 1813 tenebrosis
1289 1772 1622 1815 concavitatibus

62 1843 292 1893 collocant;
330 1843 392 1884 ita
429 1841 723 1896 Chrysostomi
762 1857 809 1884 ac
846 1842 1021 1885 Lutheri
1050 1843 1313 1896 aliorumque
1342 1844 1624 1886 recentiorum

62 1915 317 1957 sententiam
354 1915 528 1968 rejicere
567 1914 778 1966 nolumus,
809 1914 882 1967 qui
912 1930 1006 1956 eum
1036 1917 1154 1956 extra
1183 1915 1386 1956 mundum
1414 1915 1623 1957 visibilem

63 1987 344 2028 constitutum
383 1985 582 2036 sentiunt,
622 1988 751 2039 atque
788 1986 883 2028 ideo
924 2001 1019 2027 eum
1050 1988 1169 2027 extra
1198 1986 1423 2028 coelestem
1452 1986 1624 2029 Jerusa-

62 2057 145 2099 lem
182 2057 393 2109 collocari,
432 2057 567 2111 Apoc.
605 2058 668 2110 22,
709 2058 771 2099 15.
802 2059 844 2099 et
874 2057 1128 2099 exteriorum
1158 2057 1428 2099 tenebrarum
1455 2058 1624 2100 nomine

67 2128 280 2182 designari
304 2129 510 2182 judicant,
540 2128 695 2170 Matth.
725 2130 762 2181 8,
792 2129 852 2170 12.
884 2131 925 2170 et
954 2128 1017 2180 25,
1046 2129 1110 2170 30.

114 2198 221 2241 LIV.
250 2199 394 2252 Atque
423 2199 527 2241 haec
556 2202 619 2242 est
650 2200 801 2241 ultima
828 2200 1062 2252 hominum,
1092 2202 1167 2241 tan
1194 2199 1363 2254 piorum
1394 2214 1522 2252 quam
1545 2200 1623 2241 im-

62 2271 230 2324 piorum
270 2274 368 2325 post
404 2271 605 2313 ultimum
639 2272 847 2325 judicium
883 2271 1027 2313 futura
1066 2271 1266 2323 conditio,
1297 2271 1450 2324 quibus
1479 2271 1624 2313 statim

61 2343 254 2385 succedet
283 2342 409 2396 hujus
437 2343 616 2385 visibilis
646 2343 792 2385 mundi
821 2346 948 2396 atque
977 2343 1081 2385 adeo
1112 2343 1245 2384 totius
1278 2342 1407 2384 seculi
1433 2357 1624 2384 consum-

60 2414 191 2456 matio
223 2416 264 2456 et
293 2413 400 2466 finis,
433 2414 787 2467 quemadmodum
816 2414 1006 2468 Angelus
1035 2414 1105 2456 ille
1131 2415 1284 2467 jurat
1322 2429 1416 2467 per
1448 2413 1624 2455 viven-

59 2487 168 2527 tem
200 2486 253 2526 in
287 2485 470 2527 secula
510 2486 828 2537 seculorum,
859 2488 1068 2538 tempus
1098 2499 1201 2526 non
1229 2485 1348 2528 fore
1377 2485 1624 2545 amplius,

59 2556 142 2610 Ap.
173 2557 235 2608 10,
263 2556 300 2598 4.
332 2559 374 2598 et
402 2557 554 2610 Apost.
594 2558 615 2598 1
648 2557 741 2599 Cor.
771 2556 834 2608 15,
864 2556 927 2597 24.
956 2556 1161 2597 Deinde
1201 2556 1308 2597 erit
1346 2556 1478 2598 finis
1514 2571 1624 2598 cum

59 2628 312 2670 Christus
341 2628 643 2670 tradiderit
671 2643 894 2681 regnum
918 2627 1027 2669 Deo
1055 2629 1103 2668 et
1133 2626 1296 2679 Patri,
1324 2643 1480 2680 quum
1505 2628 1623 2670 abo-

59 2699 262 2740 leverit
292 2714 440 2742 omne
469 2700 767 2753 imperium,
797 2701 848 2740 et
879 2713 1081 2740 omnem
1110 2698 1418 2751 potentiam
1445 2701 1496 2741 et
1523 2699 1625 2741 vir-

59 2772 241 2812 tutem.

48 2868 58 2873 —
111 2841 197 2884 LV.
235 2841 352 2884 Licet
393 2843 506 2884 enim
544 2841 797 2895 Philosophi
828 2841 1014 2894 quidam,
1045 2843 1087 2882 et
1115 2842 1226 2882 inter
1254 2855 1324 2883 eos
1353 2841 1618 2895 Aristoteles,

59 2912 206 2954 mundi
229 2914 526 2956 aeternitatem
552 2927 774 2966 perperam
799 2911 1073 2963 defenderint,
1100 2911 1203 2953 fides
1224 2911 1462 2954 Christiana
1477 2915 1620 2955 tamen

60 2985 180 3025 extra
208 2985 540 3027 controversiam
570 2983 706 3036 ponit,
737 2997 830 3024 eum
862 2982 987 3024 sicuti
1014 2982 1138 3024 initio
1169 2997 1245 3036 per
1269 2982 1409 3025 solum
1430 2983 1511 3026 Dei
1526 3000 1619 3027 ver-
