1931 3224
235 171 310 211 166
816 166 1059 208 DISPUTATIO
1087 163 1202 206 XIX.

234 294 362 335 etiam
407 292 578 346 judicio,
631 307 688 333 eo
732 288 1102 332 damnabilius
1144 288 1346 341 agebat
1388 288 1611 342 Seneca,
1655 290 1797 343 quod

232 365 330 406 illa
370 379 501 417 quae
530 362 870 405 mendaciter
899 360 1119 413 agebat,
1150 358 1228 400 sic
1257 360 1457 413 agebat
1484 363 1541 402 ut
1570 376 1682 403 eum
1709 376 1796 415 po-

233 437 390 490 pulus
419 435 696 477 veraciter
725 447 888 486 agere
918 431 1289 483 existimaret,
1321 431 1371 473 de
1396 431 1519 474 Civit.
1544 431 1636 482 Dei,
1652 431 1741 474 Lib.
1759 432 1795 476 1.

233 522 321 562 cap.
351 508 387 548 (3.
419 509 460 548 et
491 507 591 559 ejus.
621 505 710 546 Lib.
743 519 832 557 cap.
863 504 925 544 10.

284 578 378 620 XII.
417 578 485 619 Ad
521 577 813 619 Idololatriam
850 575 1036 630 pertinet
1066 575 1195 616 etiam
1225 575 1362 617 cultus
1390 574 1583 628 Divinus,
1613 590 1699 618 non
1728 591 1796 618 so-

230 651 317 691 lum
347 664 441 690 cum
466 651 681 691 creaturae
713 647 937 689 exhibetur
966 646 1114 688 relicto
1140 645 1246 698 Deo,
1276 646 1348 687 sed
1377 647 1505 688 etiam
1531 661 1626 688 cum
1643 647 1797 689 colitur

231 720 429 774 religiose
474 721 664 760 creatura
706 717 830 759 simul
873 733 967 760 oum
1005 717 1109 769 Deo,
1150 717 1236 759 sive
1276 718 1331 759 sit
1368 717 1511 771 imago
1538 718 1795 771 manufacta,

232 793 317 834 sive
345 807 410 833 res
441 791 521 832 alia
551 789 783 831 artificialis
815 789 882 831 vel
908 789 1116 830 naturalis
1145 791 1265 830 extra
1293 788 1373 831 Dei
1402 790 1715 843 praescriptum
1743 791 1797 832 ad

231 864 521 906 adorationem
564 863 805 914 assumpta:
850 876 936 902 non
978 860 1116 902 solum
1155 861 1255 913 quia
1293 875 1387 902 cum
1416 860 1609 902 homines
1638 876 1796 903 novum

231 938 271 977 et
308 934 505 976 fictitium
542 932 807 975 constituunt
844 932 1014 984 cultum,
1053 945 1211 973 novum
1241 931 1370 972 etiam
1399 933 1441 973 et
1467 931 1667 973 fictitium
1696 946 1796 974 con·-

231 1007 412 1048 stituunt
436 1005 593 1055 Deum;
612 1018 836 1057 quosensu
850 1003 962 1045 idem
973 1003 1241 1056 Augustinus
1258 1002 1371 1054 dicit,
1387 1001 1495 1044 Lib.
1520 1003 1556 1044 1.
1583 1002 1642 1045 de
1667 1002 1795 1045 Con-

231 1093 334 1119 sen.
374 1077 522 1118 Evan
535 1091 574 1129 g.
613 1091 646 1117 c.
687 1076 749 1117 15.
782 1074 971 1117 renuisse
1010 1077 1158 1128 gentes
1186 1074 1453 1116 Ebraeorum
1479 1074 1619 1116 Deum
1646 1075 1794 1129 colere,

233 1147 485 1201 quoniam
524 1147 567 1188 si
600 1147 707 1188 alio
736 1146 889 1188 modo
919 1145 1083 1188 Deum
1115 1146 1296 1188 colere
1326 1147 1532 1189 vellent
1562 1163 1715 1201 quam
1743 1163 1795 1190 se

232 1220 513 1262 colendum
551 1218 660 1271 ipsi
697 1218 956 1269 dixisset,
986 1233 1092 1260 non
1120 1219 1312 1271 utique
1340 1219 1495 1261 illum
1523 1219 1794 1272 colerent,

231 1294 318 1335 sed
357 1293 493 1346 quod
529 1292 648 1346 ipse
684 1290 1007 1341 finxissent3
1039 1305 1146 1344 quae
1173 1290 1284 1332 ratio
1315 1290 1368 1332 ad
1397 1290 1622 1332 secundam
1651 1305 1796 1344 super-

231 1365 416 1407 stitionis
467 1364 649 1418 speciem
701 1364 838 1418 magis
879 1363 1079 1417 pertinet,
1124 1377 1277 1416 nempe
1320 1363 1373 1404 ad
1415 1363 1588 1404 modum
1631 1363 1796 1406 colendi

231 1436 390 1488 Deum;
421 1436 493 1478 sed
521 1436 785 1489 praesertim,
817 1435 916 1488 quia
946 1435 1060 1488 quod
1088 1448 1174 1475 non
1199 1433 1322 1475 debet
1347 1434 1440 1486 coli,
1469 1434 1669 1488 religiose
1693 1435 1795 1477 ado-

230 1511 359 1559 ratur,
400 1507 567 1549 etiamsi
604 1507 766 1549 factum
799 1507 855 1549 sit
894 1506 946 1548 ad
974 1505 1379 1559 repraesentandum
1407 1505 1558 1548 Deum.
1587 1505 1654 1548 Ibi
1684 1506 1796 1549 enim

232 1579 456 1632 dupliciter
484 1580 697 1632 peccatur,
728 1578 762 1619 1.
796 1577 895 1630 quia
924 1579 1072 1619 contra
1102 1591 1348 1630 expressum
1375 1577 1457 1620 Dei
1481 1577 1683 1631 Verbum,
1711 1594 1794 1633 quo

230 1650 430 1704 prohibet
457 1665 508 1692 ne
539 1650 632 1702 quis
664 1664 758 1691 eum
785 1649 873 1691 ulla
901 1648 1039 1702 specie
1070 1649 1295 1702 exprimat,
1327 1649 1545 1703 effingitur
1569 1650 1662 1692 Deo
1685 1651 1796 1705 figu-

229 1735 287 1772 ra,
326 1721 494 1762 infinita
530 1720 662 1775 ipsius
700 1719 926 1773 Majestate
964 1733 1139 1773 prorsus
1175 1720 1364 1774 indigna.
1394 1722 1430 1763 2.
1461 1722 1561 1775 quia
1588 1722 1633 1764 in
1663 1722 1795 1765 socie-

229 1794 362 1834 tatem
392 1792 528 1834 cultus
559 1806 652 1833 cum
680 1791 773 1833 Deo
805 1792 1058 1834 admittitur.

282 1863 397 1905 XIII.
427 1863 604 1905 Frustra
635 1864 746 1905 enim
776 1866 817 1905 et
845 1864 953 1906 falso
984 1864 1246 1906 contendunt
1275 1863 1503 1917 Pontifioii,
1533 1865 1575 1906 in
1603 1864 1654 1907 V.
1682 1865 1793 1908 Test.

227 1950 313 1976 non
356 1935 533 1988 reperiri
576 1935 829 1989 exemplum,
871 1937 917 1977 in
960 1950 1043 1989 quo
1082 1936 1135 1977 ad
1171 1935 1466 1977 Idololatriam
1503 1938 1701 1979 revocata
1739 1937 1796 1979 sit

229 2006 420 2048 adoratio
459 2007 548 2048 veri
585 2006 678 2058 Dei,
707 2007 752 2048 in
782 2007 983 2061 imagine,
1013 2022 1108 2049 cum
1136 2007 1336 2060 imagine,
1365 2007 1431 2049 vel
1460 2022 1536 2061 per
1564 2007 1796 2061 imaginem

228 2078 361 2129 facta3
402 2093 495 2120 cum
533 2078 755 2133 Scriptura
794 2078 949 2121 diserte
987 2081 1180 2131 testetur,
1219 2078 1344 2120 vituli
1373 2079 1620 2121 adoratores
1649 2079 1694 2121 in
1724 2080 1795 2122 de-

229 2152 341 2191 serto
379 2150 614 2204 publicasse
652 2150 809 2192 festum
845 2149 873 2192 J
876 2150 1047 2202 ehovae,
1085 2150 1169 2192 Ex.
1209 2150 1273 2202 32,
1313 2151 1348 2192 1.
1397 2153 1438 2192 et
1475 2149 1663 2192 Micham
1696 2153 1796 2205 post

231 2221 414 2262 effictam
464 2221 633 2263 fusilem
684 2221 915 2274 imaginem
967 2236 1074 2275 quae
1116 2221 1407 2275 Teraphim
1447 2224 1637 2274 vocatur,
1679 2221 1708 2264 J
1717 2238 1745 2264 u
1756 2223 1795 2265 d.

230 2292 293 2343 17,
329 2293 367 2334 4.
408 2307 458 2334 ex
498 2295 674 2346 argento
715 2293 828 2347 quod
866 2294 1020 2335 diserte
1054 2292 1254 2335 scribitur
1284 2293 1594 2335 dedicatum
1622 2293 1796 2336 fuisse

229 2362 492 2415 Jehovae,
533 2365 700 2413 dixisse,
737 2380 875 2407 nunc
912 2365 1039 2407 novi
1075 2364 1339 2407 Jehovam
1375 2364 1796 2407 benefacturum

230 2449 346 2477 esse
385 2436 539 2488 mihi,
579 2436 707 2478 ibid.
745 2452 782 2478 v,
818 2437 880 2478 13.
912 2439 953 2478 et
982 2437 1143 2478 cultum
1170 2437 1404 2479 vitulorum
1432 2436 1677 2489 Jeroboam,
1709 2437 1795 2480 dic-

229 2507 321 2547 tum
349 2506 480 2548 fuisse
507 2507 759 2563 timorem
788 2508 1051 2560 Jehovae,
1082 2509 1106 2550 2
1135 2508 1206 2551 Re
1222 2523 1261 2562 g.
1293 2508 1355 2561 17,
1386 2509 1449 2550 28.
1479 2508 1582 2551 adeo
1612 2511 1660 2551 ut
1683 2508 1796 2551 Jehu

232 2578 305 2629 qui
345 2578 578 2620 vitulorum
619 2579 700 2621 fuit
743 2582 962 2633 patronus,
1001 2583 1051 2622 et
1087 2595 1191 2622 non
1227 2581 1459 2623 recessit
1496 2596 1520 2622 a
1548 2581 1795 2635 peccatis

229 2647 252 2689 J
269 2650 533 2703 eroboam,
565 2652 820 2704 gloriaretur
849 2654 993 2694 tamen
1022 2652 1134 2706 apud
1165 2651 1436 2695 Jonadabum
1466 2653 1525 2695 de
1555 2653 1673 2694 zelo
1702 2667 1794 2694 suo

231 2734 326 2772 pro
356 2720 587 2774 Jehova,
618 2723 642 2763 2
671 2722 794 2776 Reg.
825 2723 888 2774 10,
919 2723 981 2765 16.

285 2789 398 2833 XIV.
429 2791 520 2833 Nec
549 2793 690 2835 obstat
721 2794 834 2847 quod
862 2794 1083 2848 Scriptura
1107 2795 1264 2838 vitulos
1289 2796 1385 2838 illos
1415 2796 1626 2838 alienos
1654 2796 1796 2839 Deos

238 2862 437 2914 appellat,
484 2865 595 2916 quod
637 2865 824 2907 Judaeos
869 2866 972 2908 dicit
1013 2865 1260 2909 Daemoniis
1298 2882 1385 2909 non
1422 2867 1513 2909 Deo
1542 2867 1796 2920 immolasse,

242 2932 518 2975 obtulisse
554 2936 891 2978 sacrificium
927 2936 1102 2989 Idolo,
1140 2940 1248 2989 etc„
1282 2953 1367 2981 non
1403 2938 1547 2992 agitur
1574 2938 1686 2980 enim
1713 2938 1796 2981 illis

236 3002 354 3054 locis,
385 3004 434 3044 de
463 3004 682 3047 hominum
711 3007 977 3049 adorantium
1005 3023 1128 3050 sensu
1154 3011 1195 3051 et
1225 3009 1537 3051 existimatione
1561 3011 1634 3051 aut
1657 3009 1797 3052 inten-
