1931 3224
246 156 323 196 358
805 154 1046 196 DlsPUTATm
1074 153 1251 196 XXXV.

247 279 452 332 quaestio,
492 282 539 319 ut
570 293 647 320 nec
682 279 731 320 de
763 278 974 320 contraria
1001 278 1218 330 libertate3
1250 293 1300 319 ex
1330 279 1483 331 quibus
1511 281 1654 320 tamen
1682 279 1811 320 verba

248 354 288 392 et
329 350 505 403 phrases
549 350 753 402 quasdam
796 349 1067 401 desumimus,
1110 349 1163 391 ad
1205 349 1502 402 explicandam
1545 350 1812 404 spiritualem

246 422 493 462 servitutem
544 423 586 461 et
625 420 881 472 libertatem,
925 420 975 462 de
1020 436 1103 473 qua
1143 420 1365 473 Dominus,
1407 420 1461 462 Si
1502 420 1680 463 Filius
1719 436 1811 463 vos

246 492 454 534 liberos
492 492 822 543 reddiderit,
852 502 975 534 vere
1002 492 1172 533 liberi
1201 491 1382 544 eritis,
1413 492 1512 535 Joh.
1543 493 1579 545 8,
1608 493 1672 534 36.
1704 508 1812 545 quae

248 580 341 606 cum
370 565 414 605 in
443 563 772 605 manumissione
800 566 840 605 et
864 564 1118 606 liberatione
1143 563 1361 616 consistat,
1386 564 1577 617 sequitur
1599 565 1812 606 neminem

246 636 363 678 nasci
399 636 594 686 liberum,
633 636 706 676 sed
742 635 845 688 fieri,
881 638 924 677 et
950 636 1115 677 nullum
1141 635 1360 677 hominem
1387 651 1543 689 purum
1571 650 1660 678 esse
1689 635 1812 690 spiri-

246 707 419 749 tualiter
455 707 769 759 ingenuum,
809 706 880 748 sed
917 706 1154 749 libertos
1196 721 1298 760 esse,
1329 707 1584 760 quicumque
1613 707 1811 750 libertate

246 779 454 820 fruuntur.

299 850 350 892 V.
380 849 480 891 Fuit
510 851 651 891 autem
677 849 856 891 servitus
881 848 1111 904 spiritualis
1134 849 1372 904 multipleX,
1398 853 1629 904 postquam
1652 850 1813 904 primus

246 924 374 965 homo
412 920 600 962 naturali
638 935 712 962 sua
749 920 947 962 libertate
986 921 1153 973 abusus,
1193 936 1286 963 eam
1314 921 1396 963 sibi
1426 924 1467 963 et
1494 923 1678 975 posteris
1708 922 1813 964 ami-

246 995 321 1045 sit3
361 996 402 1035 et
430 992 568 1034 factus
599 994 663 1034 est
692 1007 836 1033 servus
865 992 1004 1044 hujus,
1036 992 1103 1034 cui
1131 992 1332 1034 derelicto
1360 992 1452 1034 Deo
1484 993 1685 1045 obedivit,
1714 1008 1814 1047 pec-

249 1065 332 1108 cati
369 1079 535 1117 nempe,
571 1064 637 1105 cui
665 1063 899 1116 mancipati
930 1078 1074 1105 omnes
1103 1065 1314 1116 tenentur,
1345 1065 1435 1105 tam
1464 1064 1693 1105 secundum
1721 1079 1814 1106 rea-

248 1140 341 1179 tum
379 1135 755 1187 condemnationiS,
796 1150 923 1187 quam
957 1135 1186 1177 secundum
1216 1135 1461 1177 dominium.
1492 1135 1603 1177 Hinc
1632 1136 1814 1178 Satanae

249 1210 440 1263 potestas
474 1210 515 1249 et
545 1206 780 1249 dominatio
810 1206 855 1247 in
882 1206 993 1248 filios
1023 1206 1280 1258 rebellionis,
1314 1221 1420 1259 quae
1449 1207 1565 1248 nulla
1595 1209 1704 1249 esset
1732 1208 1816 1249 nisi

250 1296 273 1322 a
310 1281 487 1333 peccato
528 1280 670 1320 ortum
705 1277 894 1319 haberet.
932 1277 1055 1319 Hanc
1084 1277 1332 1319 servitutem
1361 1280 1504 1320 secuta
1534 1281 1597 1320 est
1627 1279 1815 1331 ejusdem

248 1352 364 1403 velut
394 1350 622 1392 declaratio
654 1352 694 1391 et
722 1349 1023 1398 manifestatio,
1054 1364 1161 1402 quae
1192 1351 1234 1391 et
1257 1349 1352 1403 ipsa
1381 1349 1561 1391 servitus
1590 1350 1704 1392 dicta
1732 1353 1815 1401 est3

251 1422 418 1476 quando
448 1421 563 1463 Deus
591 1421 728 1474 legem
755 1421 962 1462 moralem
990 1436 1098 1474 pene
1126 1421 1169 1462 in
1195 1421 1346 1462 animis
1370 1421 1591 1463 hominum
1616 1421 1816 1463 oblitera-

251 1498 351 1546 tam,
383 1494 536 1536 saltem
564 1493 685 1534 valde
715 1493 999 1545 obscuratam,
1034 1492 1084 1534 de
1113 1507 1224 1534 novo
1255 1492 1458 1544 sanciens,
1488 1492 1673 1546 rigidam
1701 1492 1815 1534 illius

251 1566 515 1608 exactionem
553 1564 800 1617 proposuit3
830 1566 878 1605 ut
907 1563 1036 1605 homo
1067 1563 1326 1605 dominantis
1354 1563 1519 1616 peccati
1545 1563 1817 1617 tyrannidem

252 1654 302 1680 ex
333 1653 380 1679 eo
411 1638 698 1690 cognosceret,
725 1635 840 1689 quod
864 1636 914 1677 de
940 1635 1195 1688 praestanda
1219 1635 1327 1688 legis
1355 1634 1597 1677 conditione
1621 1635 1683 1677 1111
1708 1637 1818 1677 esset

251 1708 570 1763 desperandum.
608 1707 800 1749 Accessit
837 1707 905 1749 lex
939 1706 1242 1758 ceremonialis,
1272 1721 1356 1759 qua
1382 1707 1537 1748 merita
1565 1706 1817 1749 condemna-

249 1781 311 1822 tio
350 1779 658 1833 obsignabatur
695 1778 822 1820 variis
860 1778 989 1833 typiS,
1016 1778 1170 1831 quibus
1199 1779 1329 1820 homo
1361 1779 1411 1820 de
1435 1780 1557 1820 reatu
1585 1778 1817 1831 convictus,

250 1851 592 1894 maledictionem
629 1852 862 1893 extremam
887 1852 1166 1904 exspectaret,
1194 1850 1276 1892 nisi
1306 1849 1571 1892 liberationis
1601 1864 1681 1904 ope
1709 1849 1817 1892 redi-

249 1926 445 1966 meretur.

302 1994 376 2036 VI.
417 1993 530 2036 Huic
578 1994 743 2047 peccati
796 1992 991 2035 servituti
1040 2007 1118 2047 per
1159 1993 1297 2047 legem
1339 1995 1614 2046 contestatae,
1657 1993 1819 2036 accedit

250 2067 501 2110 Servitus
544 2064 746 2107 vanitatis
785 2066 827 2106 et
864 2064 1070 2117 miseriae,
1110 2067 1200 2106 tam
1240 2064 1284 2105 in
1320 2064 1403 2106 hoc
1433 2065 1587 2117 seculo,
1619 2080 1747 2118 quam
1774 2064 1819 2106 in

250 2139 408 2181 futuro.
434 2137 511 2179 Cui
535 2136 763 2190 multiplici
788 2136 995 2187 servituti,
1022 2135 1256 2189 opponitur
1279 2136 1437 2189 triplex
1463 2136 1650 2186 libertas,
1667 2151 1820 2190 nempe

254 2212 288 2251 1.
330 2208 596 2260 Naturae,
642 2208 729 2250 sive
768 2207 1143 2259 innocentiae,
1185 2207 1321 2260 qualis
1358 2207 1440 2249 fuit
1479 2208 1523 2249 in
1560 2207 1740 2251 Adamo.
1781 2210 1817 2250 2.

254 2280 500 2331 Gratiae,
541 2279 710 2332 qualem
738 2278 885 2320 fideles
916 2278 1110 2320 coelestis
1139 2279 1376 2321 vocationis
1405 2279 1638 2334 participes
1666 2279 1711 2321 in
1739 2279 1819 2322 hac

252 2352 341 2394 vita
369 2351 624 2405 percipiunt.
654 2351 691 2392 3.
723 2350 964 2403 Gloriae,
997 2365 1080 2403 qua
1108 2350 1402 2393 liberabuntur
1430 2353 1530 2404 post
1553 2351 1664 2393 hanc
1688 2351 1820 2393 vitam

254 2423 306 2465 ab
337 2422 453 2465 omni
483 2422 687 2464 servitute-
717 2421 1002 2475 corruptionis
1032 2424 1074 2463 et
1103 2422 1310 2464 miseriae.

305 2493 401 2536 VH.
439 2492 648 2535 Libertati
683 2493 858 2544 mediae,
899 2508 1006 2546 quae
1045 2493 1209 2546 gratiae
1236 2493 1412 2535 libertas
1441 2495 1518 2546 est,
1548 2508 1633 2546 qua
1661 2493 1821 2536 donan-

254 2569 324 2608 tur
352 2566 396 2607 in
426 2565 610 2618 Christo,
643 2565 716 2618 qui
743 2565 788 2606 in
818 2579 873 2617 se,
903 2567 1047 2607 metu
1074 2565 1270 2607 mortis
1299 2580 1392 2618 per
1423 2579 1625 2607 omnem
1652 2566 1821 2607 vitam

254 2637 481 2679 obnoxii
511 2638 668 2679 erant
696 2636 981 2688 servituti,
1007 2635 1137 2678 Hebr.
1159 2636 1286 2692 2„15.
1310 2635 1614 2678 Libertatis
1644 2635 1821 2678 Chris-

256 2709 439 2750 tianae
489 2723 643 2767 nomen
694 2708 936 2762 specialiter
978 2708 1264 2760 attribuimus,
1310 2722 1486 2760 eamque
1529 2707 1819 2760 describimus,

258 2780 547 2823 conditionem
583 2779 806 2822 hominurn
845 2793 951 2832 quos
989 2779 1130 2832 gratia
1168 2778 1326 2820 Christi
1368 2778 1581 2830 liberavit,
1613 2792 1697 2831 qua
1722 2793 1822 2822 con-

254 2852 454 2894 scientiae
484 2866 628 2893 eorum
658 2866 681 2892 a
709 2851 912 2893 servitute
937 2850 1114 2904 peccati,
1139 2849 1364 2904 tyrannide
1387 2849 1573 2902 Diaboli,
1597 2849 1706 2904 legis
1730 2865 1822 2894 mo-

254 2922 356 2965 ralis
411 2923 630 2965 exactione
674 2925 716 2965 et
756 2921 1067 2974 maledictione,
1110 2924 1152 2964 et
1195 2920 1486 2963 ceremonialis
1529 2921 1823 2964 observatione

257 2997 491 3048 exemptae,
530 3009 704 3036 excusso
744 2994 1025 3037 traditionum
1052 2993 1335 3035 humanarum
1359 2993 1477 3046 jugo,
1505 2992 1631 3034 rebus
1658 2992 1822 3045 mediis,
