1931 3224
223 127 287 169 DE
316 126 422 169 Vm
449 140 494 168 Ac
524 125 666 167 Momm
694 126 883 168 AETERNA
912 141 959 168 Er
990 126 1318 168 CONSUMMATIONE
1349 142 1491 169 sucum.
1555 129 1632 169 657

134 251 270 293 XVII.
309 251 375 293 Ex
414 265 497 304 quo
536 250 664 292 etiam
701 254 816 292 recte
854 251 1080 305 colligitur,
1116 251 1254 294 Deum
1281 267 1332 294 ne
1363 252 1530 305 quidem
1560 268 1636 305 per

80 323 340 365 abstractam
378 324 451 363 aut
488 335 730 376 expressam
767 322 996 376 imaginem
1034 337 1058 363 a
1096 323 1231 364 beatis
1269 323 1414 375 videri,
1451 324 1523 365 sed
1561 339 1637 377 per

81 395 169 448 ejus
199 394 445 444 essentiam3
476 394 575 446 quia
605 394 793 447 cognitio
822 408 897 448 per
925 394 1183 435 abstractam
1212 395 1441 448 imaginem
1466 397 1529 437 est
1557 395 1637 436 iin-

80 465 282 519 perfecta,
320 468 361 507 et
399 467 577 518 propter
612 466 674 507 rei
716 465 831 507 visae
859 465 1094 507 absentiam
1123 468 1196 507 aut
1225 466 1277 507 ab
1306 466 1525 508 intellectu
1554 467 1637 508 dis-

79 537 260 579 tantiam
283 537 518 579 necessaria
544 539 618 589 est,
644 536 725 578 Dei
748 552 847 579 vero
872 537 1053 579 essentia
1078 537 1313 590 spiritualis
1339 540 1413 590 est,
1439 540 1480 579 et
1505 539 1637 580 menti

78 609 301 651 beatorum
337 609 485 650 intime
523 623 722 662 praesens
761 611 803 649 et
842 609 1085 661 conjuncta;
1125 624 1172 650 ac
1201 609 1378 661 proinde
1406 609 1499 662 ipsa
1527 611 1636 651 tam-

80 695 207 733 quam
236 681 450 733 objectum
476 680 770 721 immediatum
800 694 842 721 se
872 680 1003 721 menti
1031 679 1215 721 hominis
1243 679 1366 721 facile
1392 695 1637 733 repraesen-

77 754 169 794 tare
211 754 365 806 potest,
410 751 686 804 quamobrem
729 754 770 792 et
806 751 897 804 ipse
927 751 1066 793 Deus
1097 751 1251 793 dicitur
1279 754 1388 792 tum
1416 751 1636 793 futurus

79 823 339 876 (immediate
378 822 554 875 scilicet)
585 823 761 865 omnia
790 822 842 863 in
873 823 1090 864 omnibu
1104 838 1134 874 s,
1166 824 1186 864 1
1215 822 1307 864 Cor.
1334 824 1395 873 15,
1424 823 1485 864 18.
1512 823 1637 864 Fate-

79 910 174 936 mur
210 897 354 936 tamen
388 894 433 934 in
470 894 562 949 ipso
602 894 821 936 intellectu
858 893 1044 935 hominis
1084 894 1225 935 lumen
1255 894 1638 936 extraordinarium

80 980 169 1008 esse
207 964 548 1019 imprimendum,
589 980 672 1018 quo
705 965 890 1006 divinam
919 965 1144 1007 essentiam
1173 968 1392 1018 tamquam
1422 966 1638 1019 objectum

78 1036 321 1078 beatificum
358 1036 520 1078 visione
558 1036 758 1078 intuitiva
795 1036 982 1090 recipere
1012 1037 1158 1091 possit,
1190 1037 1544 1089 quemadmodum
1573 1037 1637 1077 lu-

78 1108 191 1150 mine
229 1107 539 1161 supernaturali
576 1107 620 1149 in
657 1107 873 1149 intellectu
913 1107 1098 1149 hominis
1126 1108 1170 1148 in
1199 1108 1280 1149 hac
1308 1108 1397 1149 vita
1426 1110 1489 1150 est
1518 1123 1637 1161 opus,

79 1183 127 1222 ut
163 1195 258 1222 cum
293 1179 385 1222 Deo
419 1195 495 1233 per
531 1180 659 1221 fidem
689 1179 1029 1221 communionem
1058 1194 1201 1220 veram
1229 1179 1385 1221 habere
1414 1180 1636 1233 possimus,

79 1252 204 1294 sicuti
231 1251 451 1306 Scriptura
478 1253 661 1293 testatur
688 1250 843 1291 Matth.
870 1250 931 1301 16,
957 1250 1020 1291 17.
1044 1250 1140 1291 Act.
1167 1250 1228 1301 16,
1254 1250 1316 1290 14.
1342 1251 1362 1290 1
1392 1249 1483 1292 Cor.
1509 1251 1546 1302 3,
1574 1251 1635 1292 14.

78 1323 218 1365 Deus
259 1323 396 1365 enim
434 1322 525 1375 qui
563 1321 716 1373 dixit,
750 1324 808 1363 ut
846 1337 867 1363 e
905 1321 1150 1363 tenebris
1180 1321 1269 1362 lux
1298 1322 1637 1374 splendesce-

78 1398 182 1447 ret,
222 1394 502 1448 splenduit
535 1393 588 1434 in
627 1393 882 1435 cordibus
920 1392 1142 1443 nostris,
1178 1392 1239 1433 ad
1271 1393 1636 1445 praebendum

78 1465 255 1507 lumen
293 1463 636 1517 cognitionis
675 1463 727 1505 in
763 1463 905 1505 facie
933 1462 1062 1504 Jesu
1092 1462 1324 1514 Christi,
1354 1464 1378 1504 2
1409 1463 1501 1505 Cor.
1530 1464 1567 1515 4,
1598 1464 1635 1505 6.

77 1535 136 1577 Et
173 1535 256 1577 huc
293 1535 440 1577 referri
477 1535 587 1576 solet
624 1535 741 1576 locus
777 1534 1028 1576 Psalmistae
1067 1534 1176 1575 Psal.
1205 1536 1268 1586 86,
1298 1536 1360 1577 10.
1391 1535 1560 1578 Penes
1585 1539 1636 1577 te

80 1609 159 1649 est
185 1606 308 1648 fons
337 1606 498 1658 vitae,
528 1606 581 1647 in
609 1606 726 1648 luce
755 1608 848 1647 tua
876 1606 1114 1647 fruemur
1143 1605 1273 1647 luce.

131 1676 290 1720 XVIII.
319 1677 390 1718 An
412 1692 511 1719 vero
538 1677 765 1719 essentiam
789 1676 974 1718 divinam
999 1692 1092 1718 cum
1120 1677 1313 1718 omnibus
1338 1677 1422 1719 suis
1448 1678 1637 1732 proprie-

77 1749 238 1791 tatibus
267 1751 395 1802 atque
425 1749 625 1803 operibus
654 1749 770 1791 beati
798 1749 1056 1801 intueantur,
1086 1749 1212 1801 idque
1236 1749 1280 1790 in
1304 1749 1514 1790 infinitate
1540 1764 1635 1801 sua3

79 1823 121 1862 et
159 1836 213 1863 an
240 1820 345 1863 haec
374 1820 480 1862 visio
510 1835 535 1862 a
563 1823 686 1874 parte
714 1819 794 1862 Dei
824 1820 878 1861 sit
907 1820 1154 1871 necessaria,
1186 1835 1239 1861 an
1267 1835 1366 1862 vero
1397 1820 1635 1873 arbitraria,

78 1891 285 1945 prolixius
324 1891 550 1945 disceptari
592 1892 700 1933 solet
734 1907 758 1932 a
795 1890 1082 1943 Scholasticis,
1113 1891 1162 1933 de
1192 1891 1345 1944 quibus
1375 1892 1634 1944 quaestioni-

77 1963 157 2005 bus
184 1963 245 2005 sic
272 1963 510 2005 statuimus.

131 2033 246 2077 XIX.
283 2034 525 2077 Essentiam
563 2034 645 2076 Dei
681 2035 893 2076 infinitam
931 2035 974 2076 in
1013 2049 1088 2076 sua
1124 2034 1334 2075 infinitate
1371 2048 1456 2075 non
1494 2034 1575 2075 nisi
1613 2049 1636 2075 a

78 2108 220 2148 mente
255 2105 422 2148 infinita
459 2106 693 2160 adaequate
732 2107 827 2160 capi
864 2121 1002 2160 posse,
1040 2120 1106 2147 res
1134 2106 1226 2158 ipsa
1254 2105 1407 2155 dictat,
1437 2104 1508 2146 sed
1539 2105 1638 2157 quia

78 2178 246 2220 infinita
284 2178 364 2220 Dei
405 2178 586 2220 essentia
623 2178 781 2231 ubique
820 2180 882 2219 est
914 2179 1019 2228 tota,
1048 2176 1142 2218 ideo
1172 2191 1266 2217 cum
1296 2177 1487 2217 creatura
1515 2175 1637 2217 finita

78 2251 216 2291 totam
252 2249 365 2291 uniri
402 2263 526 2303 posse
563 2249 798 2292 incarnatio
838 2248 936 2290 Filii
965 2247 1046 2289 Dei
1076 2248 1357 2297 demonstrat3
1386 2261 1435 2288 ac
1458 2246 1636 2300 proinde

80 2336 164 2374 quo
201 2321 340 2363 minus
377 2336 401 2363 a
440 2324 581 2363 mente
618 2321 739 2363 finita
776 2319 972 2362 beatifica
1004 2318 1166 2360 visione
1195 2318 1358 2372 percipi
1385 2318 1532 2371 possit,
1561 2333 1637 2360 na-

78 2395 199 2435 turae
227 2407 314 2435 non
343 2395 569 2446 repugnat,
600 2395 642 2434 et
671 2392 840 2445 quidem
868 2392 973 2442 tota,
1003 2390 1081 2431 etsi
1110 2404 1196 2431 non
1224 2389 1415 2432 totaliter
1444 2392 1486 2431 et
1509 2389 1636 2431 modo

79 2463 259 2516 infinito,
298 2464 371 2506 sed
408 2465 534 2506 modo
571 2464 716 2505 finitae
753 2465 929 2504 naturae
967 2460 1246 2511 convenienti,
1284 2460 1637 2520 quemadmodum

79 2534 174 2577 loca
214 2534 458 2590 Scripturae
486 2535 615 2578 Thesi
667 2536 728 2576 11.
771 2533 978 2588 producta
1020 2533 1323 2574 demonstrant.
1361 2532 1505 2585 Atque
1542 2532 1635 2575 ideo

79 2604 236 2659 Angeli
277 2606 321 2648 in
349 2607 477 2649 coelis
505 2607 605 2649 licet
633 2606 784 2647 faciem
811 2604 892 2646 Dei
921 2619 1084 2658 semper
1112 2603 1296 2654 videant,
1328 2605 1468 2644 tamen
1494 2618 1637 2645 coram

79 2676 253 2719 Throno
282 2679 518 2731 majestatis
542 2678 719 2729 divinae,
749 2691 801 2718 ne
830 2692 854 2717 a
881 2676 1102 2728 majestate
1133 2676 1222 2728 ejus
1246 2675 1635 2728 praestinguantur,

80 2747 231 2791 faciem
259 2764 380 2791 suam
408 2749 519 2791 binis
550 2748 629 2790 alis
660 2748 856 2789 dicuntur
886 2748 1042 2799 tegere,
1072 2745 1143 2787 Es.
1171 2746 1209 2797 6,
1239 2747 1273 2787 2.

132 2819 225 2862 ΧΧ.
262 2820 453 2863 Eandem
491 2834 591 2862 vero
628 2819 847 2869 visionem,
885 2817 919 2858 si
957 2816 1092 2858 active
1131 2816 1430 2869 consideretur,
1469 2819 1511 2859 et
1549 2819 1637 2871 ejus

80 2905 319 2934 mensuram
357 2906 405 2933 ac
440 2890 627 2941 modum,
666 2904 716 2931 ex
754 2889 843 2930 sola
879 2887 959 2930 Dei
987 2888 1206 2930 voluntate
1235 2890 1276 2929 et
1300 2888 1525 2930 arbitraria
1552 2889 1637 2930 dis-

82 2964 331 3016 pensatione
371 2962 554 3016 pendere
592 2961 829 3012 asserimus,
866 2974 951 3001 non
990 2975 1039 3001 ex
1076 2959 1263 3001 naturali
1299 2959 1443 3011 aliqua
1481 2959 1637 3011 objecti

1461 3033 1494 3057 42
