1931 3224
281 154 359 196 516
861 152 1104 195 DISPUTATIO
1132 152 1262 195 XLV.

280 277 324 318 id
363 280 436 329 est,
475 292 628 330 panem
658 279 699 318 et
727 277 885 329 vinum,
915 277 1015 330 quia
1042 277 1135 329 hoc,
1166 279 1229 318 est
1259 290 1412 330 corpus
1443 278 1484 318 et
1513 277 1686 329 sanguis
1714 291 1844 318 meus.

280 347 400 389 Alias
439 347 708 388 ratiocinatio
748 362 855 400 quae
891 347 1102 389 indicatur
1144 347 1356 402 particula
1391 346 1567 399 Enim,
1608 347 1837 389 consistere

279 432 366 459 non
402 419 560 470 posset,
599 418 634 458 si
671 417 754 460 alio
792 418 1034 470 referretur,
1073 433 1211 472 neque
1248 433 1381 460 nexus
1410 418 1690 460 terminorum
1720 417 1842 460 foret.

279 488 475 541 Denique
516 487 673 530 Paulus
717 489 738 529 1
770 488 863 530 Cor.
907 489 968 530 10.
1009 504 1174 531 omnem
1216 490 1549 532 controversiam
1588 489 1713 542 tollit,
1744 489 1844 531 dum

278 559 430 612 inquit,
468 559 664 602 Panem
693 574 844 612 quem
870 559 1199 614 frangimus,
1237 563 1286 603 et
1314 561 1568 615 poculum
1595 561 1846 603 benedic-

278 630 452 671 tionis
491 631 577 672 cui
613 631 1011 683 benedicimus,
1054 647 1230 674 nonne
1274 635 1355 674 est
1399 632 1703 675 communio
1735 647 1845 674 cor-

277 703 430 754 poris
475 704 525 744 et
567 703 857 756 sanguinis
902 702 1131 755 Christi,
1171 703 1296 756 quia
1338 718 1471 746 unus
1499 703 1657 758 panis
1686 718 1845 745 unum

280 787 477 826 corpus
515 774 675 815 multi
709 789 909 815 sumus:
938 789 1055 815 nam
1085 788 1265 816 omnes
1295 774 1354 815 de
1382 789 1484 816 uno
1509 790 1645 828 pane
1675 774 1845 829 parti-

280 844 533 898 cipamus.
563 844 621 886 Et
651 846 671 886 1
704 844 797 887 Cor.
828 846 889 887 11.
921 844 1371 899 Quotiescunque
1401 847 1632 888 ederitis
1657 862 1843 900 panem

278 915 438 967 hunc,
480 918 530 957 et
568 916 824 969 poculum
858 916 958 958 hoc
996 916 1276 959 biberitis.
1320 917 1481 967 Quibus
1521 918 1739 970 evincitur,
1769 933 1846 972 per

278 986 377 1028 hoc
407 989 448 1028 et
476 987 564 1029 liic
590 987 873 1030 demonstrari
901 1002 1057 1041 panem
1086 991 1128 1030 et
1157 989 1315 1041 vinum,
1347 991 1388 1031 et
1418 988 1588 1042 quidem
1615 991 1845 1042 utrumque

276 1073 435 1101 verum.

340 1128 511 1172 XLVII.
549 1130 761 1174 Insulsum
796 1146 898 1185 ergo
929 1134 1003 1183 est,
1034 1146 1082 1173 eo
1113 1132 1227 1185 quod
1255 1146 1341 1174 non
1370 1132 1425 1174 sit
1459 1130 1579 1182 οὗτος,
1614 1132 1686 1175 3οᾶ
1717 1136 1842 1181 τοῦτο,

258 1206 325 1248 ,id
353 1205 522 1256 referre,
550 1206 599 1245 ut
627 1202 914 1245 Oarolstadius
945 1206 1206 1245 commentus
1236 1206 1311 1256 est,
1341 1204 1394 1245 ad
1422 1208 1555 1256 σῶμα,
1604 1219 1759 1258 corpus
1799 1203 1844 1245 in

277 1291 423 1319 mensa
459 1274 659 1325 residens,
699 1276 740 1315 et
778 1273 892 1326 quod
929 1273 1133 1327 Apostoli
1162 1274 1296 1316 oculis
1325 1274 1411 1316 suis
1443 1275 1682 1327 cernebant,
1712 1289 1842 1327 quum

278 1350 378 1401 post
417 1347 593 1397 dicatur,
627 1344 741 1386 Hoc
769 1344 1024 1396 poculum
1053 1347 1142 1386 est
1171 1344 1382 1388 Novum
1411 1346 1842 1399 Testamentum,

279 1421 355 1460 etc.
395 1417 517 1466 Quod
546 1430 645 1457 sane
673 1414 784 1455 nihil
812 1415 926 1455 aliud
956 1418 1020 1456 est
1051 1430 1177 1468 quain
1208 1416 1386 1469 subjecti
1415 1420 1456 1459 et
1485 1417 1747 1461 Sacramenti
1775 1433 1844 1460 ra-

277 1490 439 1531 tionem
484 1489 683 1529 evertere.
727 1484 950 1527 Perversio
995 1486 1189 1528 similiter
1230 1487 1509 1529 terminorum
1553 1491 1627 1540 est,
1666 1491 1843 1542 propter

278 1561 505 1603 articulum
533 1559 578 1601 τὸ
609 1558 801 1599 additum
838 1558 891 1598 ad
924 1561 1056 1609 σῶμα,
1098 1559 1211 1612 quod
1248 1560 1486 1613 subjectum
1521 1562 1644 1602 notat
1674 1559 1843 1614 (utpote

277 1632 377 1674 Joh.
421 1632 457 1684 1,
503 1632 538 1673 1.
585 1628 678 1676 θεὸς
719 1624 760 1676 ἦν
792 1629 809 1669 ὁ
844 1629 976 1680 λόγος,
1012 1630 1154 1673 Deus
1206 1633 1286 1672 est
1327 1631 1570 1683 verbum,
1614 1633 1656 1673 et
1696 1631 1734 1683 4,
1778 1631 1841 1673 24.

277 1707 438 1754 πνεῦμα
487 1703 503 1744 ὂ
546 1701 652 1751 θεὸς,
701 1702 794 1755 Spi
810 1702 951 1743 111113
998 1705 1078 1744 est
1120 1701 1281 1756 Deus)
1326 1718 1420 1745 cum
1462 1702 1738 1748 Swencfeldio
1780 1702 1842 1744 ita

276 1776 406 1817 verba.
444 1777 701 1825 construere,
741 1788 938 1827 corpus
975 1789 1142 1816 meum
1180 1777 1259 1816 est
1291 1774 1411 1826 hoc,
1441 1776 1546 1828 puta
1576 1774 1689 1826 quod
1717 1773 1841 1827 panis

275 1848 436 1889 fractus
479 1849 520 1888 et
564 1848 787 1897 comestus,
830 1860 905 1887 seu
948 1846 1065 1887 cibus
1107 1845 1341 1899 spiritualis
1381 1847 1422 1887 et
1461 1845 1666 1896 coelestis,
1703 1843 1765 1885 ita
1793 1846 1841 1885 ut

277 1933 363 1960 non
400 1918 661 1959 demonstret
695 1919 915 1959 externum
944 1932 1111 1970 panem,
1139 1931 1276 1969 neque
1304 1915 1462 1957 indicet
1491 1916 1592 1969 quid
1621 1915 1676 1957 sit
1705 1915 1839 1969 panis,

277 1990 350 2032 sed
388 1989 490 2042 quid
527 1989 581 2030 sit
619 2003 773 2042 corpus
811 1987 981 2040 Christi,
1013 1982 1126 2041 quod
1155 1991 1196 2029 et
1226 1988 1397 2030 adducit
1423 1988 1529 2029 illud
1556 1987 1654 2030 Joh.
1683 1988 1721 2029 6.
1750 1987 1840 2029 Pa-

277 2062 360 2102 nis
401 2075 551 2113 quem
590 2074 685 2112 ego
726 2059 882 2111 dabo,
914 2074 1038 2101 caro
1067 2074 1179 2101 mea
1211 2061 1312 2110 est,
1343 2061 1394 2101 et
1424 2074 1548 2100 caro
1578 2073 1689 2100 mea
1717 2073 1841 2100 vere

278 2136 360 2175 est
396 2134 567 2184 cibus,
600 2134 677 2174 etc.
706 2131 821 2173 Nam
849 2133 975 2179 τοῦτο,
1016 2129 1241 2171 articulum
1277 2129 1468 2182 includit,
1505 2132 1547 2171 et
1575 2128 1619 2170 in
1648 2128 1841 2181 sequenti

277 2204 469 2246 membro
500 2208 574 2252 est,
609 2206 721 2246 τοῦτο
754 2203 798 2245 τὸ
830 2201 1018 2254 ποτήριον,
1053 2215 1148 2242 011111
1191 2200 1383 2242 articulo.
1426 2200 1555 2254 Apud
1598 2199 1840 2242 johannem

277 2292 377 2318 vero
406 2276 529 2330 panis
560 2290 643 2317 vox
666 2273 958 2328 metaphorice
983 2272 1202 2326 accipitur.
1235 2271 1435 2321 Quamvis
1459 2286 1545 2313 non
1570 2269 1840 2323 diffiteamur,

279 2348 409 2389 etiam
437 2347 508 2388 hic
536 2347 580 2387 in
608 2360 710 2388 voce
738 2345 861 2399 panis
885 2344 1200 2398 Metaphoram,
1226 2343 1326 2386 licet
1349 2359 1436 2386 non
1459 2342 1714 2394 immediate,
1731 2357 1840 2384 com-

277 2418 504 2473 prehendi:
535 2421 576 2460 et
606 2433 706 2460 sane
735 2418 979 2470 reciprocae
1008 2417 1088 2458 hae
1117 2416 1434 2470 propositiones
1463 2417 1574 2457 sunt.

330 2489 526 2532 XLVIII.
566 2489 717 2542 Neque
757 2503 851 2530 cum
889 2488 1125 2530 Pontificiis
1159 2485 1840 2529 transubstantiatoribus

275 2577 352 2616 per
379 2561 512 2613 Hoc,
536 2560 796 2614 intelligitur
823 2559 1088 2601 individuum
1117 2574 1287 2612 vagum,
1312 2561 1361 2600 ut
1383 2557 1570 2600 Thomas
1595 2557 1696 2599 vult.
1726 2555 1839 2598 Nam

276 2632 410 2684 Hoc,
448 2631 610 2685 aliquid
639 2634 801 2673 certum
831 2633 872 2672 et
901 2645 1099 2684 praesens
1129 2631 1405 2672 demonstrat.
1434 2629 1523 2671 Aut
1552 2627 1726 2681 aliquod
1754 2627 1839 2668 sin-

276 2703 424 2756 gulare
455 2717 526 2744 seu
558 2702 823 2744 individuum
852 2702 1128 2755 generalioris
1158 2701 1432 2753 substantiae,
1459 2699 1572 2753 quod
1596 2714 1691 2741 011111
1715 2713 1839 2752 prae-

279 2774 419 2816 dicato
449 2774 562 2815 idem
591 2773 760 2825 referat,
790 2787 862 2815 seu
887 2788 966 2827 pro
999 2773 1160 2824 eodem,
1190 2775 1238 2814 ut
1266 2772 1457 2825 loquitur
1486 2771 1648 2823 Scotus,
1679 2784 1840 2824 suppo-

277 2847 364 2896 nat,
394 2846 453 2886 sic
483 2848 530 2886 ut
558 2859 645 2886 non
673 2844 871 2887 differant
899 2845 1010 2886 inter
1036 2859 1079 2886 se
1111 2858 1218 2896 quae
1248 2843 1541 2897 significantur
1569 2856 1645 2895 per
1674 2842 1839 2894 subjec-

277 2918 369 2956 tum
398 2918 439 2957 et
467 2916 733 2968 attributum,
763 2916 846 2957 nisi
873 2916 991 2958 varia
1025 2915 1290 2970 concipiendi
1316 2915 1492 2966 ratione,
1522 2915 1570 2954 ut
1599 2912 1657 2969 sit
1682 2926 1838 2963 sensus,

277 2985 392 3028 Hoc
430 2989 747 3029 contentum
785 2988 882 3029 sub
913 2987 1200 3042 speciebus
1229 2987 1384 3040 panis
1414 2986 1463 3027 et
1490 2983 1625 3037 vini,
1655 2985 1719 3026 est
1747 2997 1840 3025 cor-
