1931 3224
742 107 807 150 DE
836 107 1077 152 EVANGEmo.
1612 110 1689 151 205

130 231 366 284 Evangelio
389 232 699 285 removendam,
727 234 890 285 asserit,
916 233 1081 275 Deum
1103 233 1208 286 jam
1236 235 1379 285 ante,
1405 232 1545 274 illud
1572 247 1692 286 pro-

131 302 347 344 misisse
389 317 482 356 per
524 291 834 358 Prophetas
876 305 927 345 in
971 303 1278 357 Scripturis
1320 303 1523 356 Sacris,
1566 303 1689 345 Rom.

131 373 168 425 1,
206 374 243 415 2.
280 372 331 414 In
368 374 486 425 cujus
524 374 586 415 rei
623 374 760 427 fidem,
797 375 968 417 illorum
995 375 1159 429 profert
1186 375 1433 417 testimonia
1463 391 1513 417 ex
1541 375 1691 417 Veteri

131 444 243 487 Test.
274 445 472 488 adversus
500 445 686 488 <ludaeos
715 446 942 500 Evangelii
967 449 1297 500 contemptores,
1326 447 1421 488 Act.
1449 447 1510 488 13.
1537 446 1692 496 Quem-

131 516 358 558 admodum
395 517 523 558 etiam
562 516 767 569 Christus,
811 517 1006 560 Minister
1045 518 1387 571 circumcisionis,
1431 533 1479 561 ac
1520 521 1691 560 nostrae

129 587 405 640 professionis
434 587 682 640 Apostolus,
711 588 833 630 Rom.
864 589 926 641 15,
956 590 991 630 8.
1022 589 1151 631 Hebr.
1180 591 1217 641 3,
1248 589 1282 631 1.

183 658 321 701 XVII.
360 658 498 700 Tanta
535 659 708 700 interim
747 662 810 702 est
847 660 958 701 inter
999 659 1215 702 Christum
1257 659 1529 714 θεάνθρωπον,
1563 663 1691 714 atque

129 731 241 772 inter
264 731 370 772 alios
396 730 620 784 Evangelii
644 745 885 785 praecones,
911 731 1064 784 quibus
1091 731 1119 773 J
1123 732 1309 774 ohannes
1334 731 1542 785 Baptista,
1562 735 1691 786 atque

129 802 212 855 ipsi
235 801 392 855 Angeli
417 802 616 844 coelestes
636 804 978 853 annumerantur,
1000 802 1294 855 inaequalitas,
1317 806 1476 855 quanta
1498 806 1561 845 est
1580 804 1692 846 inter

129 871 362 914 Dominum
400 888 645 927 supremum
682 888 730 915 ac
768 887 922 924 servos,
962 873 1137 914 Domini
1165 874 1230 914 sui
1258 874 1439 923 nomine,
1468 873 1692 916 ministerii

129 944 379 998 Evangelici
404 959 541 995 causa,
567 945 754 996 emissos,
780 947 958 998 propter
981 958 1051 986 eos
1076 945 1149 996 qui
1172 944 1373 986 haeredes
1400 948 1521 987 erunt
1545 945 1692 987 salutis

129 1031 206 1069 per
233 1016 373 1069 ipsum
401 1015 633 1057 Dominum
663 1015 909 1067 acquisitae.

183 1086 343 1129 XVIII.
373 1086 442 1128 Ab
470 1087 537 1128 his
567 1089 711 1128 tamen
740 1087 794 1128 ob
825 1088 1126 1129 auctoritatem
1155 1090 1196 1129 et
1224 1087 1428 1129 virtutem
1457 1088 1693 1130 extraordi-

129 1159 293 1200 nariam
318 1173 402 1212 qua
425 1157 540 1200 Deus
567 1173 637 1200 eos
664 1158 867 1200 divinitus
891 1159 1108 1210 instruxit,
1133 1158 1416 1212 Evangelium
1442 1174 1560 1201 suam
1588 1175 1693 1213 quo-

131 1244 212 1282 que
250 1229 637 1271 denominationem
680 1230 893 1271 interdum
934 1230 1178 1284 participat,
1217 1233 1266 1271 ut
1306 1229 1429 1272 Rom.
1473 1232 1510 1282 2,
1550 1230 1612 1272 16.
1652 1234 1694 1272 et

130 1302 154 1342 2
183 1300 277 1343 Cor.
305 1301 344 1353 4,
373 1303 409 1343 3.
440 1301 514 1343 ubi
543 1301 623 1343 Dei
651 1301 933 1355 Evangelium
963 1303 1104 1354 etiam,
1134 1301 1257 1343 Pauli
1283 1304 1324 1344 et
1349 1303 1693 1356 coapostolorum

134 1374 223 1425 ejus
251 1372 533 1426 Evangelium
561 1376 843 1426 nuncupatur.
888 1404 891 1407 -

185 1443 300 1485 XIX.
325 1443 554 1497 Proprium
573 1445 797 1499 Evangelii
822 1445 1067 1498 ὑποκείμενον
1091 1446 1157 1487 vel
1173 1447 1408 1499 subjectum
1425 1449 1486 1488 est
1502 1445 1694 1488 Christus

133 1516 378 1569 ἐνσκρκωθεὶς
419 1530 492 1557 seu
527 1517 784 1558 incarnatus.
822 1516 872 1559 In
910 1517 1038 1571 hujus
1077 1518 1189 1560 enim
1215 1518 1539 1571 Redemptione,
1570 1518 1693 1559 satis-

132 1587 318 1628 factione
361 1602 439 1639 pro
476 1588 634 1629 nostris
674 1588 872 1640 peccatiS,
911 1602 958 1630 ac
995 1589 1169 1641 reliquis
1203 1589 1417 1630 beneficiis
1447 1589 1692 1631 enarrandis

133 1660 274 1699 totimi
312 1661 553 1712 occupatur.
594 1657 686 1708 Quo
726 1673 849 1700 sensu
886 1659 1131 1701 nominatur
1167 1659 1527 1714 Evangelium
1564 1659 1592 1702 J
1604 1675 1694 1702 esu
1744 1707 1745 1710 Ἴ

134 1728 345 1770 Christi
369 1729 516 1770 'Filii
554 1729 671 1781 Dei,
710 1730 754 1771 id
785 1732 858 1782 est,
890 1730 940 1772 de
969 1729 1072 1772 Jesu
1101 1730 1269 1772 Christo
1299 1731 1410 1773 Filio
1440 1731 1532 1783 Dei,
1563 1730 1693 1773 Marc.

135 1801 170 1851 1,
199 1800 234 1841 1.
264 1799 387 1841 Rom.
419 1801 456 1852 1,
486 1801 522 1842 3.
553 1801 615 1842 16.
645 1803 686 1842 et
717 1802 778 1853 15,
810 1801 871 1843 19.
903 1802 923 1842 1
955 1801 1049 1843 Cor.
1077 1803 1114 1853 9,
1140 1803 1202 1843 12.
1229 1803 1253 1843 2
1280 1801 1372 1844 Cor.
1397 1803 1435 1855 9,
1462 1803 1524 1844 13.
1550 1801 1693 1844 Gal.1.
1720 1829 1723 1832 >

133 1870 340 1913 Similiter
392 1887 564 1914 sermo
618 1872 844 1925 Christi,
889 1872 976 1915 Col.
1020 1874 1056 1925 3,
1102 1873 1163 1914 16.
1208 1876 1258 1915 et
1301 1873 1694 1916 Testimonium

135 1943 270 1995 ejus,
299 1944 324 1984 2
352 1942 460 1985 Tim.
491 1943 527 1995 1,
557 1944 593 1984 2.

187 2013 281 2055 ΧΧ.
311 2013 533 2067 Objectum
561 2014 785 2068 Evangelii
807 2015 1073 2058 indefinitum
1100 2018 1198 2058 sunt
1223 2016 1360 2058 omnis
1377 2016 1542 2069 generis
1557 2016 1695 2058 homi-

134 2100 207 2128 nes
244 2089 501 2140 peccatores,
541 2087 628 2129 sive
667 2087 751 2129 sint
784 2088 878 2139 viri,
908 2088 994 2131 sive
1023 2087 1246 2141 foeminae,
1276 2088 1362 2130 sive
1391 2088 1578 2140 Domini,
1609 2088 1695 2130 sive

135 2158 257 2210 servi,
287 2158 373 2200 sive
401 2158 568 2210 Judaei,
597 2159 684 2200 sive
715 2158 875 2201 Graeci.

188 2228 300 2271 XXI.
331 2229 555 2282 ObJ'ectum
582 2230 807 2284 Evangelii
837 2231 1057 2273 definitum
1089 2233 1187 2273 sunt
1219 2230 1299 2273 filii
1323 2231 1403 2274 Dei
1434 2231 1619 2273 ordinati
1644 2231 1696 2273 ad

135 2300 268 2342 vitam
297 2303 524 2354 aeternam,
555 2302 628 2354 qui
658 2317 681 2344 a
709 2302 853 2355 priore
881 2305 1088 2344 vocantur
1117 2302 1242 2344 electi
1271 2302 1365 2354 Dei,
1396 2318 1419 2344 a
1448 2302 1694 2356 posteriore,

135 2385 246 2413 nunc
273 2371 417 2414 fideles
448 2386 520 2414 seu
550 2373 766 2415 credentes
794 2373 838 2414 in
867 2372 1094 2422 Christum,
1124 2374 1447 2416 nuncinfantes
1473 2376 1513 2416 et
1537 2388 1695 2428 paupe-

136 2457 202 2485 res
230 2443 397 2497 spiritu,
428 2445 592 2497 peccati
618 2444 730 2487 mole
760 2444 996 2498 defatigati.

190 2513 326 2556 XXII.
364 2514 520 2557 Forma
558 2518 632 2568 est,
671 2516 796 2569 plena
835 2518 963 2568 atque
1002 2517 1315 2559 evidentissima
1354 2517 1517 2571 gratiae
1546 2517 1696 2559 saluti-

135 2585 249 2627 ferae
286 2601 361 2639 per
398 2586 637 2640 Prophetas
673 2587 718 2628 in
756 2586 925 2629 Christo
963 2589 1197 2641 promissae
1225 2588 1456 2641 patefactio
1487 2590 1527 2629 et
1556 2588 1697 2641 publi-

137 2657 262 2709 catio,
291 2656 373 2699 Dei
402 2657 663 2701 ordinationi
693 2659 889 2700 omnibus
917 2660 1053 2701 modis
1081 2660 1126 2701 in
1155 2674 1197 2701 se
1224 2662 1318 2700 tota
1342 2661 1470 2712 atque
1493 2659 1538 2700 in
1563 2659 1697 2702 omni-

136 2726 215 2770 bus
244 2729 329 2770 suis
356 2728 550 2783 partibus
580 2728 822 2772 conformis.

190 2797 349 2841 XXIII.
377 2799 495 2841 Finis
519 2800 692 2841 ultimus
716 2803 779 2842 est
802 2799 886 2842 Dei
908 2801 1057 2854 gloria,
1083 2802 1150 2843 eui
1173 2816 1359 2844 summae
1384 2803 1695 2845 misericordiae

139 2872 182 2912 et
214 2871 405 2923 justitiae
443 2872 534 2913 laus
571 2870 653 2913 hoc
687 2871 912 2925 Evangelii
938 2873 1185 2914 testimonio
1211 2872 1426 2925 tribuitur,
1459 2874 1573 2926 quod
1600 2875 1697 2916 vadi

138 2944 300 2995 nostro,
335 2943 512 2997 proprio
551 2957 626 2985 suo
665 2941 776 2985 Filio
812 2958 899 2986 non
937 2935 1187 2999 pepercerit,
1226 2944 1297 2987 sed
1334 2959 1429 2987 eum
1453 2944 1539 2999 'pro
1573 2946 1697 2988 nobis
