1931 3224
286 102 365 145 520
869 109 1109 155 D1sPU'rAT10
1138 113 1265 157 XLV.

337 226 489 271 LVIII.
527 229 722 283 Denique
759 232 820 273 ita
857 233 1114 288 intelligitur
1152 236 1406 282 Christus
1434 242 1573 296 ipse,
1605 248 1647 288 et
1676 248 1845 301 quidem

283 297 454 340 humilis
495 303 536 341 et
572 304 778 355 mortuus,
816 307 863 346 ut
899 320 984 347 una
1023 321 1119 349 cum
1146 308 1240 362 ipso
1269 312 1463 354 mortis
1494 315 1599 368 ejus
1628 320 1843 375 merita,

283 368 570 423 beneficiaque
609 374 650 413 et
689 373 810 426 dona,
850 375 997 429 virtus,
1038 378 1238 432 efficacia,
1276 383 1468 426 remissio
1508 386 1668 430 scilicet
1696 404 1845 443 pecca-

282 442 436 492 torum,
471 442 641 494 justitia
680 447 721 485 et
759 446 846 488 vita
883 449 1065 501 aeterna,
1106 453 1533 509 comprehendantur,
1570 457 1669 501 Joh.
1709 462 1746 513 6,
1780 462 1843 505 51.

282 510 344 552 52.
374 511 436 552 53.
465 513 527 554 54.
558 513 682 556 Unde
711 517 947 571 subjicitur,
973 521 1116 572 quod
1142 522 1299 566 datur
1324 528 1365 567 et
1389 526 1691 584 frangitur,
1717 535 1844 586 atque

283 582 594 626 effunditur
632 586 685 628 in
723 590 1100 634 remissionem
1136 599 1510 651 peccatorum,
1550 601 1610 643 sic
1648 604 1690 644 et
1718 602 1843 647 Matt.

281 655 341 706 26,
374 655 436 696 29.
465 654 563 698 Luc.
595 658 658 709 22,
689 659 751 701 29.
781 660 845 702 30.
876 661 976 704 Tria
1006 664 1118 705 enim
1146 665 1250 708 haec
1280 670 1576 726 conjungenda
1606 676 1704 715 sunt
1732 675 1843 718 inse-

278 725 539 779 parabiliter,
584 728 790 783 Christus,
833 747 947 774 mors
991 736 1078 788 ejus
1121 739 1162 779 et
1205 741 1331 792 parta
1366 740 1570 785 beneficia
1609 746 1651 786 et
1688 745 1842 788 horum

278 796 475 839 efficacia.
515 797 638 841 Unde
667 815 754 843 11011
782 803 884 845 satis
916 804 1041 858 plene
1069 808 1295 851 veritatem
1323 811 1510 865 tradunt,
1541 815 1615 867 qui
1643 831 1720 869 per
1749 832 1842 859 cor-

277 884 355 922 pus
386 872 427 911 et
456 871 706 924 sanguinem
735 875 936 917 meritum
965 880 1006 918 et
1036 878 1267 922 efficaciam
1294 884 1462 925 tantum
1491 884 1842 940 interpretantur.

330 939 437 983 LIX.
490 941 718 997 Copula,
771 960 844 987 seu
893 948 1109 992 vinculum
1162 966 1246 1004 quo
1303 955 1594 1007 praedicatum
1650 959 1840 1013 subjecto

274 1013 472 1066 nectitur,
513 1017 577 1056 est
605 1016 781 1058 verbum
809 1018 1122 1063 substantivum
1148 1023 1248 1082 ἐστὶ,
1272 1027 1363 1067 est.
1389 1025 1576 1070 Hebraei
1600 1044 1694 1072 cum
1718 1045 1842 1083 prae-

277 1084 387 1126 senti
426 1085 670 1139 participio,
710 1089 823 1140 quod
861 1090 946 1132 illis
984 1092 1077 1135 loco
1115 1096 1352 1147 praesentis
1390 1098 1508 1139 verbi
1547 1102 1621 1152 est,
1658 1100 1703 1142 111
1739 1116 1841 1145 voce

277 1158 379 1207 ΓῬΠ,
416 1155 563 1209 haja,
594 1158 879 1203 destituantur
910 1162 1009 1216 (nisi
1039 1166 1153 1217 quod
1180 1169 1247 1219 ³:7⁹,
1261 1168 1460 1220 ι1000011,
1478 1170 1706 1224 aliquando
1721 1189 1840 1217 usur-

275 1227 397 1280 pent)
434 1228 542 1270 illud
580 1230 918 1286 subintelligunt,
955 1238 1029 1278 aut
1057 1239 1235 1280 utuntur
1264 1240 1352 1293 ejus
1382 1241 1472 1284 vice
1501 1245 1838 1300 pronominibus,

277 1313 324 1340 ac
360 1315 438 1353 pro
478 1301 605 1343 tertia
633 1317 815 1355 persona
845 1315 952 1365 ΝἹΠ,
986 1307 1074 1361 hu,
1104 1310 1243 1364 ipse,
1274 1327 1439 1367 nempe,
1468 1313 1549 1356 hoc
1577 1315 1718 1369 ipsum
1746 1332 1839 1360 cor-

275 1386 354 1425 pus
392 1387 544 1427 meum,
576 1376 690 1428 quod
719 1377 844 1430 valet,
876 1381 966 1421 est.
996 1379 1129 1423 Lucas
1160 1397 1329 1436 quoque
1358 1384 1470 1428 idem
1499 1389 1676 1431 verbum
1705 1390 1748 1432 in
1778 1391 1839 1433 al-

273 1445 365 1485 tero
404 1446 609 1497 membro,
649 1448 699 1489 de
738 1450 892 1501 poculo
932 1452 1106 1505 omittit,
1139 1455 1253 1506 quod
1283 1458 1324 1497 et
1355 1456 1517 1500 Latinis
1545 1459 1589 1501 in
1617 1476 1709 1514 usu,
1738 1462 1838 1506 dum

272 1517 554 1570 praeponitur
584 1533 668 1560 vox
696 1519 1041 1564 demonstrativa.
1072 1523 1132 1566 At
1160 1524 1319 1569 Paulus
1351 1529 1508 1582 explet.
1537 1530 1681 1585 Atque
1710 1534 1837 1587 liujus

271 1600 372 1628 usus
411 1601 505 1629 cum
544 1589 600 1630 sit
638 1590 877 1643 subjectum
915 1607 1010 1635 011111
1047 1595 1294 1648 praedicato
1333 1599 1478 1643 taliter
1508 1603 1764 1658 conjungere
1792 1606 1838 1649 in

271 1658 508 1712 enunciato,
549 1661 732 1713 qualiter
769 1662 882 1705 inter
914 1679 958 1707 se
988 1665 1140 1708 affecta
1170 1671 1279 1722 sunt,
1312 1666 1400 1713 hoc
1423 1673 1550 1715 modo
1579 1689 1717 1729 neque
1746 1678 1836 1720 tro-

270 1728 364 1782 pice
401 1730 646 1784 accipietur.
684 1731 849 1776 Indicat
888 1738 1030 1779 autem
1061 1741 1277 1792 praesenti
1304 1744 1509 1798 tempore,
1542 1746 1643 1799 quid
1672 1762 1739 1790 res
1769 1749 1836 1802 sit,

271 1801 464 1853 ejusquef
491 1806 760 1855 praesentem
798 1806 1080 1862 existentiam,
1120 1825 1206 1852 non
1249 1813 1350 1865 quid
1390 1815 1478 1868 fiat,
1521 1816 1734 1871 ullamque
1775 1821 1838 1862 rei

270 1871 482 1914 actionem
521 1876 594 1915 aut
632 1876 895 1928 passionem:
935 1880 1049 1932 quod
1090 1896 1166 1934 per
1206 1883 1294 1936 fiat,
1339 1900 1412 1927 seu
1452 1889 1557 1940 esto,
1597 1891 1638 1930 et
1674 1890 1836 1934 factum

270 1945 345 1996 est,
383 1944 607 1999 indicatur,
643 1946 768 1990 Matt.
805 1949 843 2001 4,
885 1950 922 1991 3.
960 1950 1059 1993 Joh.
1097 1954 1135 2005 2,
1173 1954 1210 1996 9.
1248 1954 1310 1997 ita
1348 1959 1396 1998 ut
1425 1958 1491 2011 sit,
1530 1958 1694 2003 Panis
1732 1965 1834 2016 est,

269 2015 312 2056 id
341 2018 417 2068 est,
447 2031 543 2059 vere
573 2018 772 2061 existit
803 2034 956 2075 corpus
986 2037 1139 2077 meum,
1171 2027 1247 2068 etc.

320 2086 405 2128 LX.
436 2087 709 2142 Quapropter
738 2094 850 2133 certe
878 2091 1094 2136 Pontificii
1122 2095 1350 2150 ineptiunt,
1381 2099 1454 2152 qui
1479 2102 1702 2156 vocabulo,
1729 2108 1831 2159 est,

268 2158 501 2210 practicam
540 2174 613 2201 seu
653 2162 911 2215 ἐνεργητικὴν,
950 2164 993 2206 id
1031 2168 1105 2218 est,
1145 2170 1431 2220 operatoriam
1461 2172 1547 2214 vim
1576 2175 1831 2230 attribuunt,

269 2243 317 2270 ac
344 2244 389 2271 re
417 2230 520 2284 ipsa,
557 2234 658 2284 est,
697 2232 1047 2288 interpretantur,
1085 2239 1520 2285 transubstantiatur:
1551 2247 1593 2287 et
1621 2245 1706 2299 alii,
1733 2262 1832 2289 con-

267 2300 589 2355 substantiatur,
628 2304 695 2346 vel
734 2307 1004 2360 conjungiter
1038 2323 1111 2351 seu
1139 2311 1285 2354 unitur
1314 2315 1687 2370 sacramentaliter,
1718 2319 1832 2371 quod

266 2387 354 2415 esse
393 2372 557 2426 volunt,
595 2390 681 2417 non
720 2377 846 2419 modo
876 2378 1060 2433 realiter,
1091 2381 1162 2423 sed
1192 2385 1233 2424 et
1262 2384 1619 2430 substantialiter:
1650 2402 1746 2431 011111
1775 2390 1831 2432 sit

265 2458 402 2486 sermo
432 2445 482 2487 de
512 2460 613 2499 esse,
643 2461 730 2489 non
758 2448 809 2490 de
837 2448 941 2492 fieri.

319 2515 426 2559 LXI.
453 2516 638 2560 Tantum
663 2519 713 2562 de
737 2520 917 2574 singulis
941 2523 1127 2577 vocibus,
1149 2540 1198 2567 ex
1224 2526 1378 2579 quibus
1405 2531 1828 2575 enunciationes

264 2589 343 2631 hae
374 2589 584 2632 existunt:
614 2594 712 2633 sunt
742 2595 884 2635 autem
914 2609 997 2647 eae,
1029 2582 1238 2649 Quatenus
1269 2601 1465 2643 externus
1495 2617 1632 2645 sermo
1661 2607 1829 2658 specta-

264 2662 346 2712 tur,
375 2660 659 2715 figuratae
688 2678 762 2705 seu
790 2666 1063 2720 tropicae,
1093 2671 1141 2710 ut
1172 2684 1222 2711 ex
1249 2685 1356 2730 nexu
1387 2673 1622 2725 praedicati
1652 2676 1704 2717 ad
1729 2678 1828 2720 sub-

260 2732 421 2784 jectum
451 2737 642 2788 apparet.
672 2734 773 2778 Non
789 2738 917 2790 ‘quod
945 2741 1094 2795 tropus
1125 2742 1179 2783 sit
1207 2742 1250 2783 in
1280 2742 1448 2797 integra
1472 2746 1683 2788 sententia
1709 2747 1826 2800 (nam

264 2805 413 2858 tropus
452 2807 568 2848 vocis
607 2807 688 2861 est)
721 2809 794 2850 sed
825 2812 887 2852 est
917 2810 1131 2865 intregrae
1162 2814 1409 2856 sententiae.
1439 2814 1578 2858 Voces
1609 2817 1720 2860 enim
1749 2834 1826 2873 per

264 2887 307 2914 se
346 2876 536 2930 tropicae
574 2893 660 2921 non
697 2882 808 2933 sunt,
847 2881 920 2924 secl
955 2882 999 2924 in
1038 2884 1293 2926 sententiam
1331 2886 1592 2941 conjunctae,
1622 2890 1732 2932 unde
1759 2905 1826 2933 re-

266 2944 396 2987 sultat
438 2950 600 3002 tropus.
643 2949 779 2994 Aliud‘
811 2953 922 2995 enim
963 2957 1027 2996 est
1065 2970 1191 2998 causa
1228 2957 1364 3010 tropi3
1403 2957 1518 3000 aliud
1555 2959 1683 3003 sedes.
1724 2960 1825 3004 Tria
