1931 3224
285 140 363 182 550
829 139 1073 181 DISPUTATIO
1102 138 1250 180 XLVI.

286 267 507 309 sacrificuli
536 265 664 307 verba
693 263 977 306 recitabimus.
1005 262 1233 317 Suscipe
1258 262 1434 317 (inquit)
1462 267 1652 308 sancta
1676 265 1852 309 Trini-

285 340 367 378 tas
391 336 526 377 hanc
552 334 911 386 oblationem,
937 348 1091 386 quam
1118 333 1226 375 tibi
1255 334 1543 377 offerimus
1572 336 1635 378 ob
1664 352 1850 380 memo-

287 409 418 449 riam
444 404 1234 457 incarnationis,nativitatis,
1260 405 1714 460 circumcisionis,
1735 423 1851 462 pas·
1904 401 1914 410 ⁷

287 478 480 529 sionis,
511 476 948 518 resurrectionis
977 478 1027 517 et
1057 476 1400 518 ascensionis
1428 476 1648 519 Domini
1671 481 1852 522 nostri
1906 466 1910 471 ⁵

287 550 416 591 Jesu
455 548 684 600 Christi,
726 549 775 589 et
813 547 866 588 in
894 547 1157 588 honorem
1184 547 1379 590 beatae
1407 548 1614 592 Mariae
1642 565 1852 605 semper

286 621 560 674 Virginis,
592 623 642 662 et
672 620 905 662 omnium
934 622 1246 662 sanctorum
1274 621 1365 673 qui
1389 621 1497 662 tibi
1522 621 1853 675 placuerunt
1908 614 1912 618 ⁸

287 693 349 734 ab
380 691 596 745 origine
621 690 823 742 mundi,
853 692 909 731 ut
937 690 1055 731 illis
1084 690 1353 743 proficiat
1379 691 1441 732 ad
1463 691 1742 746 honorem,
1766 708 1852 737 no-

287 764 370 805 bis
399 766 574 805 autem
602 763 664 804 ad
692 762 923 804 salutem
952 762 1159 813 animfae
1188 764 1238 803 et
1267 763 1531 815 corporis.

338 834 488 877 LVIII.
542 834 801 877 Undecimus
843 834 997 875 abusus
1039 836 1103 875 est
1143 833 1189 875 in
1232 833 1516 887 descriptione
1561 835 1623 877 rei
1668 836 1849 890 oblatae,
1906 851 1909 856 ’

288 921 414 960 quam
451 905 710 948 sacrificulus
748 905 971 959 pluraliter
999 907 1219 958 nuncupat
1248 905 1456 947 sacrificia
1483 905 1664 959 illibata,
1694 907 1852 961 dicens,

288 977 356 1019 Te
380 978 557 1031 igitur
583 977 1014 1021 clementissime
1039 977 1222 1029 Pater,
1247 992 1341 1030 per
1365 976 1550 1019 Jesum
1575 977 1852 1022 Christum
1916 1020 1919 1024 ,

288 1049 489 1090 Filium
511 1051 660 1091 tuum
684 1048 968 1091 Dominum
992 1050 1262 1101 nostrum,
1289 1048 1574 1101 supplices
1599 1063 1853 1102 rogamus
1912 1088 1915 1089 γ

290 1137 347 1163 30
388 1121 646 1174 petimus,
689 1123 746 1162 ut
791 1122 1020 1174 accepta
1059 1120 1262 1162 habeas
1302 1122 1353 1161 et
1389 1119 1686 1162 benedicas
1723 1121 1854 1164 haec

291 1193 449 1243 dona,
479 1191 609 1233 haec
637 1206 876 1243 munera,
905 1191 1038 1232 haec
1066 1193 1257 1232 sancta
1287 1190 1589 1232 Sacrificia
1616 1191 1853 1235 illibata.

291 1263 336 1306 Si
373 1263 440 1305 his
476 1263 707 1316 splendidis
747 1263 948 1316 epithetis
977 1263 1157 1316 insignit
1186 1277 1340 1315 panem
1370 1264 1412 1303 et
1440 1263 1585 1304 vinum
1612 1263 1802 1306 nondum
1831 1278 1856 1306 a
1912 1304 1914 1306 ,

292 1351 335 1377 30
371 1335 816 1387 transubstantiatum,
856 1336 905 1376 ut
943 1349 994 1376 ex
1030 1334 1185 1376 Missae
1224 1333 1394 1376 Canone
1433 1337 1625 1388 apparet,
1655 1337 1704 1376 ut
1732 1336 1854 1389 panis
1912 1328 1919 1335 ⁹

293 1409 335 1448 et
363 1407 508 1449 vinum
537 1406 642 1447 duae
671 1408 768 1447 sunt
796 1420 862 1447 res
893 1406 1094 1457 diversae,
1125 1406 1184 1447 sic
1216 1408 1258 1447 et
1287 1407 1369 1448 duo
1392 1406 1478 1459 ipsi
1502 1409 1601 1448 sunt
1626 1407 1852 1459 sacrificia3
1912 1440 1914 1444 .

293 1481 335 1519 et
379 1478 548 1531 quidem
590 1477 756 1519 illibata
798 1479 926 1530 atque
968 1476 1157 1530 integra:
1201 1491 1309 1530 quae
1353 1479 1509 1530 tamen,
1554 1477 1854 1520 confitentibus
1914 1498 1919 1510 ν

291 1549 397 1602 ipsis
447 1548 696 1601 Pontificiis,
742 1563 818 1601 per
861 1547 1101 1590 Sacerdotis
1144 1548 1457 1602 negligentiam
1498 1548 1712 1590 interdum
1755 1552 1856 1603 post
1912 1563 1917 1573 '¹

294 1620 655 1662 consecrationem
706 1621 968 1673 putrescunt.
1020 1618 1095 1661 Sin
1144 1619 1228 1661 illis
1272 1619 1474 1673 epithetis
1515 1619 1657 1673 ipsum
1698 1619 1856 1663 Christi

294 1706 446 1745 corpus
487 1694 528 1733 et
566 1690 817 1744 sanguinem
855 1690 1046 1744 insignit,
1076 1706 1213 1744 neque
1242 1691 1316 1732 illa
1346 1691 1577 1733 secundum
1605 1691 1856 1734 Pontificio-

292 1778 386 1804 rum
421 1762 695 1816 hypothesin,
733 1762 938 1804 sacrificia
966 1762 1133 1804 illibata
1161 1763 1245 1804 dici
1272 1765 1465 1816 possunt,
1497 1763 1597 1816 quia
1628 1777 1784 1816 corpus
1814 1766 1856 1805 et
1911 1820 1914 1822 Ὗ

292 1834 466 1888 sanguis
517 1833 684 1883 Christi,
728 1833 897 1875 unicam
938 1835 1118 1886 tantum,
1163 1836 1210 1875 ut
1251 1833 1335 1887 ipsi
1377 1837 1628 1888 agnoscunt,
1670 1835 1857 1877 hostiam
1910 1884 1915 1887 ,

294 1906 572 1957 constituunt,
612 1920 719 1958 quae
760 1905 901 1957 etiam,
941 1907 988 1946 ut
1025 1905 1164 1947 verbis
1204 1906 1471 1958 quorundam
1495 1905 1857 1948 Scholasticorum
1916 1946 1918 1950 .

294 1980 400 2030 utar,
443 1978 658 2020 interdum
697 1994 720 2020 a
757 1977 949 2019 muribus
986 1977 1053 2019 vel
1091 1978 1255 2019 araneis
1293 1979 1547 2031 consumpta
1586 1977 1639 2020 ad
1675 1977 1858 2020 nihilum

295 2049 476 2102 devenit,
505 2049 772 2102 multumque
802 2064 826 2090 a
853 2048 1066 2091 vermibus
1096 2063 1268 2091 corrosa
1294 2049 1520 2091 invenitur.

349 2120 456 2163 LIX.
487 2121 773 2163 Duodecimus
804 2121 959 2162 abusus
989 2122 1053 2162 est
1081 2121 1126 2162 in
1155 2120 1392 2162 levissimae
1426 2120 1608 2173 hostiae,
1637 2121 1857 2174 rotundae,
1916 2120 1919 2158 ᾗ

298 2208 424 2246 quam
465 2193 600 2235 elevat
637 2193 909 2245 sacrificulus,
948 2192 1217 2234 idololatrica
1248 2192 1518 2234 adoratione:
1547 2192 1592 2233 in
1622 2206 1705 2244 qua
1732 2191 1859 2233 multi

296 2264 403 2306 ritus
443 2267 710 2316 concurrunt,
750 2278 827 2306 nec
860 2279 885 2305 a
914 2262 1082 2305 Christo
1112 2264 1313 2316 instituti,
1341 2278 1419 2306 nec
1447 2263 1500 2305 ab
1530 2263 1754 2316 Apostolis
1783 2263 1858 2304 ob-

296 2335 463 2377 servati.
516 2334 629 2376 Nam
680 2334 851 2387 Paulus,
894 2334 968 2387 qui
1011 2348 1054 2376 se
1097 2333 1329 2375 Corinthiis
1370 2334 1593 2376 tradidisse
1635 2337 1858 2386 asseverat,

298 2406 320 2447 1
351 2405 444 2448 Cor.
476 2406 539 2455 11,
569 2406 632 2448 23.
663 2406 777 2458 quod
802 2406 852 2448 de
878 2406 1042 2448 Coenae
1065 2405 1336 2447 institutione
1362 2421 1386 2447 a
1411 2405 1598 2447 Domino
1624 2407 1858 2459 acceperat,

297 2491 383 2519 non
426 2479 615 2519 recenset
657 2476 874 2519 Christum
915 2491 1070 2530 panem
1111 2476 1274 2520 formae
1317 2478 1525 2519 rotundae
1568 2477 1728 2531 absque
1771 2478 1859 2530 ejus
1912 2507 1914 2510 -

296 2549 504 2591 fractione
542 2564 671 2604 supra
710 2552 838 2603 caput
874 2564 997 2590 suum
1028 2549 1224 2602 elevasse,
1249 2550 1499 2604 priusquam
1528 2549 1614 2591 suis
1643 2548 1860 2602 discipulis
1913 2560 1915 2562 ·

298 2621 418 2662 11111111
447 2621 681 2681 tradiderit,
713 2623 786 2662 aut
813 2620 857 2662 in
883 2620 1048 2663 Coenae
1072 2636 1171 2663 suae
1196 2621 1563 2663 administratione
1587 2636 1710 2663 usum
1731 2620 1860 2663 fuisse

301 2707 430 2746 opera
468 2693 644 2746 alicujus
684 2692 865 2735 Diaconi
903 2693 969 2734 vel
1008 2692 1172 2745 Clerici,
1212 2693 1285 2746 qui
1324 2708 1349 2734 a
1387 2694 1511 2745 tergo
1549 2694 1697 2745 togam
1727 2691 1860 2744 ipsius
1916 2707 1918 2709 ·

300 2779 427 2806 manu
469 2765 640 2807 sinistra
682 2764 912 2817 attolleret,
956 2766 997 2806 et
1039 2765 1212 2806 dextera
1253 2764 1337 2818 ipsi
1375 2764 1519 2806 lumen
1559 2763 1649 2805 face
1688 2777 1861 2805 accensa
1903 2796 1906 2799 .

303 2835 548 2888 praeberet:
590 2838 664 2878 aut
692 2836 832 2891 ipsum
861 2835 979 2878 flexis
1010 2835 1189 2889 genibus
1218 2835 1450 2878 accidentia
1478 2834 1601 2890 panis
1631 2836 1673 2876 et
1701 2834 1789 2876 vini
1816 2834 1862 2876 in
1908 2830 1914 2864 ἶ

304 2920 456 2959 corpus
495 2909 537 2948 et
576 2908 827 2960 sanguinem
855 2923 977 2950 suum
1007 2907 1198 2950 conversi
1227 2907 1435 2960 adorasse,
1465 2906 1532 2948 vel
1559 2906 1709 2949 saltem
1737 2905 1862 2948 disci-

304 2976 415 3028 pulis
454 2977 540 3019 suis
576 2978 820 3030 injunxisse,
860 2981 908 3020 ut
940 2979 1015 3021 illa
1046 2979 1285 3021 adorarent.
1314 2978 1351 3022 E
1383 2977 1596 3020 contrario
1625 2976 1860 3031 Apostolus
