1931 3224
254 167 331 208 238
835 163 1074 206 Dispurmm
1103 161 1238 204 XXV.

251 290 408 332 cultam
449 303 695 330 veneremur
734 291 775 329 et
823 288 1056 339 adoremus,
1101 287 1213 329 sicut
1255 284 1368 325 idem
1409 284 1645 337 Apostolus
1685 284 1808 327 nobis

250 361 400 414 praeit,
430 360 552 402 Rom.
582 360 617 408 9,
647 360 708 400 20.
741 362 782 400 et
812 359 873 409 11,
903 358 967 399 33.
996 372 1045 398 ac
1073 357 1283 409 deinceps.

690 716 1170 765 DISPUTATIO
1213 716 1365 764 XXV.

1004 843 1051 866 DE

273 937 420 1003 Filii
466 937 586 1003 Dei
637 937 1088 1004 Incarnatione
1140 940 1204 1002 et
1249 936 1505 1003 Unione
1554 955 1780 1023 perso-

366 1051 499 1117 nali
551 1051 824 1117 duarum
871 1053 1251 1117 naturarum
1297 1049 1369 1115 in
1420 1046 1696 1116 Christo.

552 1195 749 1237 Praeside
788 1195 841 1237 D.
879 1195 1018 1238 ANT
1033 1194 1199 1238 ONIO
1237 1193 1506 1236 THYSIO.

597 1287 873 1337 Respondente
904 1286 1141 1326 NIOOLAO
1170 1286 1462 1327 BALBIANO.

900 1393 1093 1436 THESIS
1132 1392 1164 1435 I.

403 1496 578 1529 oerUAM
608 1482 657 1524 de
685 1482 796 1536 Lege
828 1485 870 1525 et
899 1483 1149 1537 Evangelio,
1176 1486 1218 1525 et
1241 1484 1293 1525 iis
1320 1483 1573 1525 cohaerente
1598 1483 1745 1525 Veteri
1771 1485 1813 1524 et

402 1552 526 1605 Novo
555 1553 842 1607 Testamento,
875 1570 1106 1609 eorumque
1135 1555 1245 1597 inter
1271 1570 1315 1597 se
1340 1555 1635 1597 convenientia
1661 1557 1703 1596 et
1729 1554 1813 1596 dis-

251 1624 435 1676 crimine,
477 1626 664 1679 itemque
708 1626 758 1668 de
799 1626 1206 1679 Praedestinatione,
1252 1641 1359 1680 quae
1400 1626 1539 1680 primo
1585 1625 1812 1677 Christum,

249 1694 346 1736 inde
381 1696 426 1736 in
468 1711 516 1738 eo
549 1697 740 1738 membra
770 1697 857 1750 ejus
888 1699 1066 1751 spectat,
1098 1699 1240 1739 actum
1269 1699 1352 1747 est;
1384 1696 1658 1749 consequitur
1687 1698 1735 1737 ut
1764 1695 1815 1738 de

251 1766 417 1819 objecto
446 1767 683 1821 Evangelii,
714 1769 899 1822 novique
928 1769 1109 1811 foederis
1138 1769 1428 1821 fundamento,
1460 1767 1671 1810 Christi
1699 1782 1814 1821 per-

251 1851 400 1889 sona,
441 1852 531 1880 seu
558 1838 951 1882 Incarnatione
980 1839 1120 1881 Filii
1148 1840 1269 1893 Dei,
1299 1842 1350 1882 et
1378 1839 1665 1893 personali
1695 1838 1814 1881 dua-

250 1923 362 1949 rum
391 1912 711 1952 naturarum
738 1911 790 1953 in
821 1911 1045 1954 Christo
1076 1912 1295 1963 unione,
1328 1909 1550 1964 sigillatim
1581 1923 1767 1963 agamus.

302 1979 355 2022 II.
407 1980 501 2023 Hoc
555 1984 816 2037 mysterium,
860 1985 958 2037 post
999 1983 1104 2026 illud
1148 1983 1198 2025 de
1243 1982 1284 2025 S.
1327 1981 1369 2024 S.
1413 1980 1636 2033 Trinitate,
1682 1981 1814 2022 trium

252 2051 410 2093 scilicet
455 2053 499 2093 in
549 2069 633 2095 una
684 2055 865 2096 essentia
902 2069 1192 2108 personarum,
1234 2068 1318 2106 quo
1354 2055 1440 2095 tres
1467 2053 1684 2106 ‘personae
1721 2067 1814 2094 rea-

251 2122 348 2164 liter
390 2124 501 2166 inter
546 2139 589 2166 se
633 2125 857 2167 distinctae
900 2140 1029 2167 unam
1072 2125 1329 2177 eandemque
1373 2123 1600 2166 essentiam
1639 2123 1812 2174 habent,

253 2196 294 2235 et
330 2194 374 2235 in
402 2210 485 2236 una
513 2210 688 2237 numero
720 2196 902 2239 essentia
933 2196 1150 2248 uniuntur,
1183 2211 1394 2237 summum
1424 2198 1498 2245 est,
1528 2210 1612 2249 quo
1643 2194 1814 2249 quidem

253 2266 359 2308 duae
387 2268 598 2320 perfectae
627 2271 802 2310 naturae
831 2269 876 2309 in
905 2283 989 2309 una
1014 2282 1196 2321 persona
1219 2266 1320 2309 Filii
1345 2266 1427 2309 Dei
1452 2267 1677 2319 uniuntur;
1703 2265 1814 2308 unde

252 2338 485 2391 Apostolus
523 2339 604 2381 hoc
641 2340 904 2393 mysterium,
945 2339 1086 2393 quod
1123 2337 1265 2381 D'eus
1306 2338 1701 2381 manifestatus
1731 2339 1814 2379 est

252 2407 305 2449 in
344 2423 524 2461 carne,
563 2424 809 2464 magnum
848 2411 1083 2464 pietatis
1111 2410 1435 2464 mysterium
1463 2410 1664 2464 appellat,
1695 2409 1730 2450 1.
1761 2408 1814 2450 ad

254 2477 599 2521 Timotheum
627 2480 757 2532 3,16.

308 2548 378 2591 lII.
410 2549 548 2599 Quare
577 2551 706 2592 etiam
734 2551 919 2594 humana
946 2553 1112 2595 ratione
1142 2552 1282 2595 doceri
1311 2554 1385 2594 aut
1409 2550 1543 2605 accipi
1565 2565 1652 2592 non
1670 2552 1814 2604 potest

256 2621 369 2674 quod
395 2622 559 2662 nullum
587 2622 676 2675 ejus
705 2622 749 2663 in
776 2625 869 2664 tota
898 2627 1064 2676 natura,
1096 2624 1334 2677 perfectum
1363 2626 1405 2665 et
1434 2622 1606 2664 omnino
1636 2636 1815 2681 respon--

256 2692 356 2734 dens
385 2695 520 2735 exstet
550 2694 799 2748 exemplum,
831 2695 1022 2747 quamvis
1053 2710 1148 2737 cum
1176 2698 1292 2737 recta
1320 2694 1486 2736 ratione
1513 2708 1600 2735 non
1628 2695 1813 2747 pugnet3

256 2777 402 2805 verum
441 2764 641 2805 divinitus
680 2780 702 2806 e
740 2763 961 2818 Scriptura
1000 2766 1141 2808 doceri
1179 2769 1221 2808 et
1258 2764 1441 2820 probari,
1474 2763 1690 2816 oculisque
1716 2762 1814 2804 fidei

258 2834 392 2886 accipi
418 2835 553 2876 debet.
580 2834 723 2888 Atque
748 2835 792 2876 in
818 2850 866 2877 eo
891 2836 1092 2878 indicium
1120 2839 1195 2889 est,
1221 2835 1413 2878 sublimis
1437 2836 1478 2877 et
1500 2834 1624 2889 plane
1649 2834 1814 2876 divinae

258 2904 472 2946 doctrinae
501 2906 620 2947 verbi
647 2906 739 2958 Dei,
768 2909 816 2948 ut
845 2907 959 2959 quod
988 2908 1208 2960 superiora
1230 2908 1441 2949 humanae
1465 2906 1622 2948 rationi
1646 2906 1696 2948 de
1720 2905 1812 2948 Deo

258 2976 429 3029 ejusque
453 2977 699 3020 oeconomia
722 2978 844 3020 nobis
869 2978 1024 3031 prodat
1050 2981 1092 3020 et
1116 2979 1288 3032 pandat,
1313 2992 1420 3032 quae
1449 2977 1542 3031 fide,
1568 2977 1813 3020 testimonio

1924 770 1931 870 1

1923 872 1931 951 1
