1931 3224
693 317 1169 365 DISPUTATIO
1214 317 1421 365 XXXII.

1030 426 1076 449 DE

810 518 1300 605 Resipiscentia.

564 643 765 687 Praeside
794 644 847 687 D.
881 644 1019 688 ANT
1032 644 1066 687 O
1078 644 1151 688 NI
1163 644 1197 688 O
1231 644 1340 687 WA
1352 645 1481 704 LAAE
1494 645 1541 688 O.

626 735 903 785 Respondente
932 735 1177 774 ADRIANO
1207 736 1233 773 J
1235 735 1484 775 ANSONIO.

922 840 1115 883 THEsrs
1152 839 1184 882 I.

426 945 508 972 UUM
544 932 638 972 tota
676 931 1007 985 praedicationis
1035 930 1320 984 Evangelicae
1349 944 1526 984 summa,
1556 930 1638 973 fide
1667 933 1832 974 constet

311 938 408 1070 Q
427 1005 468 1044 et
505 1002 807 1056 resipiscentia,
845 1005 973 1056 atque
1012 1002 1278 1045 antecedenti
1317 1003 1606 1056 disputatione
1646 1002 1696 1045 de
1727 1002 1831 1045 Fide

269 1073 325 1114 sit
353 1075 495 1115 actum
508 1089 517 1124 ;
551 1074 836 1127 consequitur,
865 1076 913 1115 ut
942 1074 992 1116 de
1021 1074 1156 1116 altero
1185 1073 1469 1128 Evangelicae
1498 1073 1830 1128 praedicationis

267 1144 474 1195 membro,
502 1159 655 1198 nempe
682 1144 1005 1199 Resipiscentia,
1035 1146 1232 1199 deinceps
1261 1160 1449 1199 agamus.

319 1214 374 1257 II.
418 1215 730 1269 Resipiscentia
771 1216 875 1259 haec
917 1216 1080 1259 duobus
1122 1217 1258 1259 modis
1303 1216 1560 1259 considerari
1603 1216 1722 1270 solet,
1764 1216 1831 1258 vel

268 1290 476 1339 quatenus
505 1290 568 1330 est
595 1287 767 1330 habitus
795 1288 1029 1342 spiritualis
1057 1288 1181 1330 nobis
1209 1303 1283 1342 per
1308 1288 1517 1342 Spiritum
1541 1287 1622 1329 Dei
1652 1287 1828 1340 infusus,

266 1359 332 1400 vel
370 1361 579 1412 quatenus
609 1361 672 1402 est
702 1359 813 1402 actio
843 1375 867 1401 a
895 1360 1018 1402 nobis
1048 1374 1100 1401 ex
1128 1359 1282 1402 habitu
1307 1360 1385 1402 illo
1414 1360 1659 1414 procedens.
1688 1358 1829 1402 Priori

265 1430 392 1472 modo
437 1431 609 1485 proprie
652 1433 694 1473 et
734 1431 881 1473 stricte
921 1432 1189 1485 regeneratio
1226 1433 1415 1484 vocatur,
1444 1430 1674 1485 posteriori
1701 1431 1828 1479 modo

264 1500 453 1543 strictius
491 1504 662 1555 sumpta
698 1501 1023 1556 Resipiseentia,
1060 1503 1126 1544 vel
1163 1503 1441 1556 poenitentia,
1470 1504 1700 1555 utrumque
1727 1517 1827 1544 vero

265 1572 535 1626 conjunctim,
579 1573 843 1616 circumcisio
887 1574 1036 1627 cordis,
1082 1575 1302 1616 conversio
1342 1574 1395 1616 ad
1423 1573 1574 1626 Deum,
1606 1574 1827 1617 renovatio

261 1644 451 1698 spiritus,
502 1644 784 1687 sanctificatio
834 1644 1032 1697 hominis,
1083 1659 1195 1687 nova
1245 1647 1449 1698 creatura,
1492 1647 1534 1687 et
1574 1644 1826 1687 resurrectio

261 1716 400 1770 prima
428 1715 681 1769 appellatur.

313 1786 390 1829 ΠΙ.
434 1786 499 1829 De
539 1789 723 1840 utroque
760 1787 843 1830 hoc
885 1787 1090 1830 beneficio
1129 1788 1388 1841 conjunctim
1425 1788 1691 1831 considerato
1719 1802 1826 1830 non-

260 1859 379 1901 nulla
419 1859 606 1913 primum
648 1858 953 1912 explicabimus
966 1875 975 1910 ;
1018 1858 1167 1901 deinde
1209 1859 1433 1913 speciatim
1475 1859 1525 1901 de
1561 1859 1826 1913 poenitentia

259 1929 433 1982 proprie
464 1930 577 1973 dicta
606 1933 647 1973 et
677 1931 766 1984 ejus
797 1931 1137 1985 proprietatibus
1167 1945 1355 1984 agemus.
1736 1987 1740 1989 Δ

311 2000 386 2043 IV.
427 2000 561 2043 Causa
598 2002 847 2056 principalis
886 2002 1073 2044 efficiens
1107 2004 1170 2044 est
1198 2001 1314 2044 Deus
1343 2016 1419 2056 per
1449 2000 1659 2056 Spiritum
1689 2016 1823 2055 suum,

257 2072 356 2113 nisi
386 2073 525 2114 enim
554 2074 673 2126 quis
702 2073 990 2126 regenitus
1018 2074 1092 2116 sit
1122 2088 1181 2115 ex
1210 2088 1345 2127 aqua
1374 2075 1427 2116 et
1456 2072 1696 2128 Spiritu,
1718 2087 1823 2115 non

256 2159 284 2197 p
298 2146 444 2186 otest
471 2144 688 2197 ingredi
715 2145 770 2185 in
797 2159 1016 2198 regnum
1043 2144 1161 2197 Dei,
1185 2143 1285 2187 Joh.
1302 2145 1339 2198 3,
1355 2144 1392 2187 5.
1410 2146 1452 2187 et
1467 2144 1822 2198 quemadmodum

256 2213 372 2256 Deus
414 2216 553 2257 evexit
595 2216 648 2257 ad
689 2216 883 2258 dextram
925 2231 1045 2258 suam
1087 2219 1304 2258 auctorem
1336 2216 1450 2259 vitae
1480 2218 1522 2258 et
1550 2218 1820 2258 conservato-

254 2299 355 2337 rem,
396 2286 458 2327 ad
495 2286 719 2328 dandam
758 2286 958 2329 Isra'eli
996 2288 1470 2341 resipiscentiam,
1498 2287 1594 2330 Act.
1625 2287 1661 2340 5,
1691 2288 1728 2329 3.
1756 2288 1819 2329 ita

255 2371 424 2410 quoque
449 2356 639 2400 Ecclesia
661 2357 895 2401 Israelitica
920 2359 1177 2412 glorificavit
1200 2358 1351 2412 Deum,
1382 2374 1410 2413 q
1419 2374 1447 2401 u
1459 2373 1483 2401 o
1496 2359 1522 2401 d
1551 2372 1572 2400 e
1582 2361 1602 2400 t
1633 2357 1670 2400 G
1681 2373 1703 2401 e
1714 2373 1743 2401 n
1753 2360 1772 2400 t
1781 2358 1818 2401 i-

252 2427 348 2469 bus
372 2427 513 2470 Deus
537 2428 738 2483 resipis
753 2429 986 2471 centiam
1010 2429 1254 2472 dedisset
1279 2429 1342 2472 ad
1366 2429 1553 2483 vitam,
1570 2429 1816 2482 Act.11‚18.

305 2498 356 2541 V.
398 2498 534 2542 Causa
570 2500 790 2542 meritoria
825 2500 953 2554 hujus
990 2501 1091 2543 doni
1129 2516 1216 2544 non
1255 2504 1318 2544 est
1355 2501 1443 2543 ulla
1472 2504 1619 2544 nostra
1647 2504 1815 2544 antece-

253 2569 354 2612 dens
384 2570 622 2624 dispositio,
652 2573 725 2613 aut
751 2571 1038 2625 praeparatio,
1069 2574 1142 2614 aut
1169 2572 1320 2614 melior
1348 2573 1484 2616 nostri
1511 2572 1721 2615 naturalis
1747 2587 1813 2615 ar·-

251 2641 371 2682 bitrii
410 2657 524 2695 usus,
567 2642 923 2695 quemadmodum
964 2644 1158 2686 nonnulli
1200 2659 1427 2698 perperam
1463 2644 1673 2697 sentiunt,
1714 2648 1813 2686 nam

250 2715 542 2766 postquam
580 2713 924 2768 benignitas,
966 2716 1015 2756 et
1045 2729 1173 2768 erga
1201 2714 1448 2757 homines
1477 2729 1622 2757 amor
1651 2729 1811 2768 appa-

249 2783 363 2825 ruit
400 2783 714 2827 Servatoris
751 2784 935 2826 nostri
973 2783 1092 2838 Dei,
1132 2800 1236 2828 non
1275 2801 1338 2828 ex
1375 2786 1634 2840 operibus
1675 2800 1809 2839 quae

248 2854 567 2908 injustitia
605 2856 894 2899 fecerimus
932 2870 1049 2904 nOS,
1088 2856 1177 2898 sed
1210 2871 1269 2899 ex
1309 2871 1402 2899 sua
1429 2856 1809 2899 misericordia

249 2926 495 2968 servavit
523 2942 638 2980 nos,
667 2943 761 2982 per
789 2928 1064 2969 lavacrum
1091 2928 1558 2982 regenerationis,
1585 2931 1636 2970 et
1657 2943 1808 2970 reno-

247 2997 490 3039 vationis
531 2997 778 3053 Spiritus
819 2999 1031 3052 Sancti,
1074 3014 1225 3053 quem
1264 3000 1468 3043 effudit
1506 3000 1558 3043 in
1595 3014 1690 3042 nos
1728 3014 1807 3043 co-
