1931 3224
284 150 361 192 528
866 149 1107 191 D1si>urAT10
1135 149 1263 191 XLV.

284 289 376 316 nes
413 288 515 316 una
551 272 844 326 potatione
882 273 1067 326 potati
1097 286 1275 314 sumus
1303 271 1356 313 in
1384 286 1544 313 unum
1573 271 1843 325 spiritum,

337 343 571 387 LXXXIII.
610 343 818 395 Ceterum,
856 345 904 384 ut
932 343 1039 384 haec
1066 343 1217 385 mortis
1246 342 1404 384 Christi
1431 343 1670 385 recordatio
1701 345 1742 385 et
1771 358 1846 384 an-

284 415 501 457 nunciatio
544 415 633 467 ejus
674 414 790 456 Finis
833 416 907 466 est,
950 414 1011 455 ita
1053 414 1106 455 ab
1144 414 1357 467 Apostolo
1395 413 1543 467 Paulo,
1572 414 1726 469 dignus
1755 416 1845 467 ers

284 500 384 527 usus
425 486 655 538 praeeunte
696 485 953 537 probatione
997 485 1061 527 sui
1106 487 1310 538 cujusque
1353 484 1565 537 definitur,
1605 485 1766 527 scilicet
1793 500 1846 527 an

285 556 341 597 sit
376 556 420 596 in
448 555 541 607 fide,
571 555 595 595 2
625 553 718 597 Cor.
750 556 810 607 13,
842 556 878 598 5.
909 559 950 598 61
982 557 1092 598 seria
1121 556 1417 610 resipiscentia
1446 556 1669 609 afficiatur,
1700 571 1848 598 secun-

285 627 384 669 dum
421 627 528 668 illud
563 625 700 679 Pauli,
736 627 938 669 Probet
967 642 1094 669 vero
1127 627 1365 681 seipsum
1391 627 1572 679 homo,
1605 629 1652 669 et
1681 628 1761 669 ita
1789 627 1847 669 de

284 713 421 752 pane
458 698 566 739 isto
598 698 721 739 edat
751 701 801 740 et
831 699 890 741 de
920 699 1091 741 calice
1119 699 1228 740 isto
1258 699 1428 740 bibat.
1459 698 1551 748 Qua
1578 697 1748 752 privata
1777 712 1848 740 ex-

284 769 525 823 ploratione
553 769 631 821 sui,
661 770 713 811 ab
744 769 837 811 aliis
867 772 908 812 et
935 770 1106 825 publica
1133 785 1220 812 non
1247 769 1430 822 tollitur,
1460 770 1532 811 sed
1561 769 1848 811 confirmatur.

287 840 445 882 Contra
482 841 637 882 abusus
677 843 752 893 est,
792 844 921 894 atque
958 841 1132 897 indigne
1162 841 1248 883 edit
1277 843 1318 883 et
1346 840 1468 890 bibit,
1500 840 1590 893 qui
1617 855 1719 882 non
1749 839 1848 881 dis·
1884 864 1887 866 ·

288 911 464 954 cernit
502 926 698 965 corpus
739 912 947 966 (adeoque
985 915 1026 954 et
1065 911 1334 966 sanguinem)
1374 911 1608 963 Domini,
1649 925 1754 953 vers.
1784 910 1848 952 29.

285 984 330 1026 id
369 986 442 1035 est,
481 983 674 1037 symbola
710 986 904 1037 utraque,
943 999 1098 1038 panem
1135 983 1249 1025 hunc
1287 986 1329 1025 et
1368 983 1539 1026 calicem
1578 982 1704 1035 hunc,
1743 996 1850 1035 quae

287 1056 428 1110 σχέσει
460 1055 757 1097 sacramentali
785 1070 939 1109 corpus
968 1055 1144 1097 Domini
1173 1058 1215 1097 et
1244 1055 1418 1108 sanguis
1447 1055 1536 1107 ejus
1565 1056 1675 1105 sunt,
1706 1068 1730 1095 a
1757 1054 1850 1095 vul-

288 1127 381 1178 gari
417 1141 527 1180 pane
567 1128 607 1168 et
645 1126 757 1179 vino,
798 1141 1029 1180 eorumque
1060 1127 1348 1180 sumptionem
1375 1125 1487 1168 inter
1516 1141 1560 1168 se
1588 1140 1674 1167 non
1703 1125 1851 1167 discri-

288 1198 436 1249 minat,
465 1213 632 1240 sacrum
663 1198 819 1240 scilicet
848 1213 872 1239 a
899 1198 1093 1254 profano,
1124 1198 1351 1240 secundum
1376 1197 1480 1239 illud
1503 1213 1609 1240 vers.
1624 1198 1687 1239 34.
1705 1196 1851 1247 Quod

289 1268 334 1310 si
382 1268 504 1321 quis
546 1269 742 1321 esurit,
781 1269 921 1311 domi
961 1269 1104 1321 edat,
1143 1284 1204 1311 ne
1243 1270 1303 1311 ad
1342 1269 1852 1312 condemnationem

292 1340 662 1381 conveniatis:
705 1339 930 1393 ipsumque
972 1340 1077 1382 adeo
1121 1355 1273 1393 corpus
1318 1340 1432 1393 quod
1474 1340 1662 1392 offertur,
1706 1355 1851 1382 revera

293 1411 528 1452 contemnit
565 1413 606 1452 et
643 1411 880 1470 ignominia
911 1410 1063 1461 afficit3
1098 1426 1146 1452 ac
1174 1411 1352 1464 proinde
1384 1411 1438 1452 ob
1467 1414 1654 1453 atrocem
1682 1410 1850 1452 Christo

289 1481 350 1522 ita
387 1482 553 1523 illatam
580 1482 792 1535 injuriam,
822 1497 944 1524 reus
972 1482 1043 1523 fit
1075 1483 1327 1535 corporis
1356 1485 1406 1524 et
1435 1482 1725 1537 sanguinis
1753 1482 1851 1524 Do-

290 1552 442 1604 mini,
480 1567 586 1594 vers.
625 1554 689 1595 27.
729 1555 782 1606 et,
823 1553 930 1595 81101
956 1554 1069 1607 ipsi
1095 1554 1362 1607 judicium
1395 1554 1507 1596 edit
1537 1556 1586 1596 61
1613 1552 1779 1605 1011011,
1810 1553 1854 1594 id

292 1626 367 1676 est,
401 1624 549 1677 judicii
586 1639 782 1678 poenam,
820 1625 864 1666 in
897 1625 978 1667 Dei
1014 1626 1196 1680 flagellis
1232 1628 1275 1668 et
1309 1627 1447 1668 morte
1484 1624 1576 1679 ipsa
1605 1623 1687 1666 sibi
1715 1622 1853 1666 accer-

292 1695 360 1747 sit,
390 1710 498 1737 vers.
528 1696 592 1737 29.
621 1696 686 1738 30.

346 1765 577 1808 LXXXIV.
616 1766 851 1821 Subjicitur
887 1767 983 1809 inde
1021 1783 1045 1809 a
1082 1766 1304 1810 Matthaeo
1342 1770 1384 1810 61
1421 1766 1579 1819 Marco,
1618 1765 1775 1808 Christi
1804 1766 1854 1808 de

293 1837 413 1878 abitu
452 1852 540 1889 suo,
582 1840 623 1879 et
651 1852 761 1880 nova
790 1838 964 1880 coelesti
990 1838 1090 1891 vita,
1120 1839 1164 1880 in
1193 1853 1277 1891 qua
1304 1838 1401 1880 illos
1428 1838 1653 1880 habiturus
1683 1851 1854 1879 consor-

292 1910 370 1960 tes,
408 1909 601 1961 monitio,
640 1909 738 1951 dum
777 1910 849 1963 ait,
880 1909 1014 1952 Dico
1045 1912 1218 1952 autem
1246 1910 1422 1962 vobis,
1452 1924 1556 1951 non
1584 1908 1762 1950 bibam
1791 1909 1854 1950 ab

292 1978 393 2020 hoc
430 1982 680 2033 tempore
721 1995 781 2022 ex
819 1980 1004 2022 fructu
1042 1981 1197 2033 vitis,
1236 1996 1406 2034 usque
1444 1980 1506 2022 ad
1534 1981 1670 2022 diem
1697 1980 1855 2021 illum

295 2064 451 2102 quum
479 2051 653 2104 ipsum
680 2051 858 2093 bibam
881 2052 1162 2094 vobiscum
1185 2067 1380 2094 novum
1404 2053 1455 2093 in
1479 2067 1645 2105 regno
1669 2050 1855 2093 Patris

295 2122 408 2163 mei.
436 2120 552 2170 Quae
573 2122 702 2164 verba
727 2123 840 2176 apud
863 2122 1020 2165 Lucam
1045 2123 1097 2164 ad
1123 2122 1329 2165 Paschale
1346 2123 1586 2165 convivium
1601 2122 1855 2165 referuntur.

295 2192 364 2233 An
404 2207 504 2234 vero
547 2208 622 2235 suo
667 2194 813 2236 ordine
857 2197 898 2236 et
940 2194 1033 2236 loco
1072 2194 1125 2236 ab
1164 2194 1248 2235 illis
1284 2197 1595 2247 recenseantur,
1635 2196 1708 2236 aut
1735 2193 1801 2235 bis
1832 2207 1856 2235 a

295 2263 463 2306 Christo
501 2265 683 2319 repetita
722 2266 819 2318 sint,
857 2265 1066 2307 incertum
1095 2268 1169 2307 est.
1201 2265 1362 2308 Saltem
1395 2269 1522 2313 κοινῶς
1562 2268 1605 2306 61
1644 2264 1855 2316 ἀναλόγως

296 2334 349 2375 ad
384 2337 624 2389 utrumque,
654 2338 696 2378 et
724 2336 931 2378 Paschale
960 2339 1001 2379 et
1029 2335 1342 2379 Sacramentale
1372 2338 1612 2380 convivium
1638 2336 1858 2379 referenda

294 2408 404 2447 sunt.

349 2476 559 2520 LXXXV.
603 2477 726 2527 Quod
767 2478 838 2520 hic
878 2479 923 2520 in
965 2478 1186 2521 Matthaeo
1227 2482 1270 2521 et
1307 2479 1452 2522 Marco
1485 2483 1560 2533 est,
1589 2483 1783 2533 autem,
1812 2480 1857 2522 in

295 2547 408 2590 Luca
450 2551 525 2601 est,
570 2550 727 2601 enim,
770 2553 818 2591 ut
855 2551 965 2592 ratio
1004 2551 1216 2603 reddatur,
1257 2566 1386 2604 quare
1415 2552 1516 2593 illud
1543 2552 1743 2605 poculum
1771 2551 1856 2593 illis

296 2620 495 2662 exhibeat
535 2621 784 2664 ozmmmo'v.
822 2621 917 2675 Per,
955 2623 1203 2675 genimen
1240 2623 1394 2677 vitis,
1435 2622 1756 2678 paraphrastice
1791 2623 1856 2664 in-

296 2690 507 2744 telligitur
535 2692 692 2745 vinum,
725 2693 908 2745 qualiter
936 2692 1005 2734 hic
1035 2693 1189 2735 dicitur
1220 2693 1348 2735 etiam
1373 2697 1473 2748 post
1499 2694 1857 2737 consecrationem

298 2763 340 2801 et
369 2762 666 2815 sumptionem.
697 2763 809 2812 Quin
840 2767 881 2806 et
906 2765 1015 2807 idem
1050 2763 1262 2816 ἀναλόγως
1296 2765 1345 2807 (16
1373 2780 1484 2819 pane
1511 2765 1780 2818 intelligitur,
1809 2768 1858 2807 ut

300 2845 349 2872 ex
377 2832 490 2874 Luca
521 2835 690 2878 evidens
720 2838 794 2877 est.
823 2834 1051 2877 Praeterea
1075 2851 1179 2878 non
1203 2836 1437 2890 amplius
1463 2850 1521 2877 ex
1544 2834 1643 2878 hoc
1671 2836 1856 2895 (εἰδικῶς)

300 2903 568 2947 editurum
599 2909 648 2948 et
675 2907 983 2948 bibiturum
1014 2923 1064 2949 se
1093 2907 1196 2949 dicit
1224 2907 1305 2950 ἀπὸ
1337 2909 1467 2956 κοινοῦ,
1502 2921 1552 2948 ex
1576 2907 1858 2960 subsequente

298 2974 441 3027 verbo,
486 2977 790 3031 vobiscum,
833 2979 1033 3032 repetito.
1077 2977 1253 3020 Biberat
1296 2992 1397 3032 ergo
1440 2977 1530 3032 ipse
1573 2992 1666 3019 cum
1708 2978 1771 3031 iis,
1816 2980 1858 3020 61
1919 3002 1930 3010 ’-
