1931 3224
241 165 315 205 118
831 154 1068 195 DISPUTATIO
1097 149 1212 193 XIV.

292 285 404 327 XXI.
447 284 544 326 Non
587 281 666 323 Dei
709 276 999 333 praescientia,
1044 274 1130 316 sive
1172 273 1246 314 illa
1288 272 1464 314 seorsim
1502 271 1661 324 absque
1691 273 1789 312 actu

239 355 471 397 voluntatis
501 349 830 400 determinantiS,
861 348 948 389 sive
977 344 1234 398 conjunctim
1264 358 1358 384 cum
1385 342 1458 384 illo
1489 341 1789 384 consideretur.

294 425 429 468 XXII.
457 424 589 466 Nulla
620 422 730 464 enim
753 419 832 461 Dei
856 416 1137 471 praescientia
1165 414 1412 466 theoretica,
1443 428 1515 456 seu
1544 413 1790 455 indetermi-

240 501 351 548 nata,
387 511 526 538 rerum
563 492 864 549 praescitarum
900 502 1024 529 causa
1062 501 1150 528 esse
1188 487 1343 539 potest,
1381 499 1477 526 cum
1514 483 1592 525 illa
1627 498 1715 526 non
1745 484 1791 526 in

240 569 335 619 alio,
379 568 449 609 sed
490 567 533 607 in
575 580 617 605 se
658 565 826 604 tantum
868 561 981 613 agat,
1023 572 1100 599 nec
1135 559 1366 610 propterea
1402 570 1469 597 res
1497 556 1583 597 sint
1609 555 1791 607 futurae,

242 639 353 691 quod
390 638 504 679 Deus
543 650 610 677 eas
647 634 759 675 nuda
797 630 1040 684 cognitione
1078 627 1365 682 praesciverit,
1404 627 1477 669 sed
1503 627 1598 669 ideo
1625 626 1791 668 futuras

240 709 522 764 praesciverit,
561 705 673 758 quod
710 718 778 745 eas
815 702 920 753 fieri,
957 700 1036 752 vel,
1074 701 1122 740 ut
1150 699 1202 740 ab
1232 698 1324 740 aliis
1350 698 1513 750 fierent,
1542 697 1791 751 permittere

242 781 482 824 decreverit.

293 851 449 894 XXIII.
501 847 784 891 Praescientia
837 847 978 892 autem
1028 842 1230 897 practica,
1279 855 1385 894 quae
1428 839 1670 893 adjunctam
1711 840 1793 882 sibi

239 925 368 966 habet
408 922 488 963 Dei
530 920 805 970 voluntatem,
843 931 928 957 non
966 930 1016 957 ex
1053 929 1098 956 se
1137 912 1240 964 sola,
1280 911 1353 954 sed
1386 926 1437 953 ex
1466 926 1541 953 suo
1571 926 1666 953 cum
1695 914 1792 954 actu

240 993 468 1037 voluntatis
512 990 737 1041 consortio,
779 988 883 1030 foris
926 987 1038 1040 agit:
1076 1000 1153 1027 nec
1190 1000 1255 1027 res
1293 984 1459 1026 futuras
1495 983 1791 1026 tantummodo

241 1066 317 1108 sub
359 1065 523 1106 ratione
566 1061 756 1104 entitatis
794 1075 842 1101 ac
876 1058 1083 1110 veritatiS,
1121 1057 1194 1098 sed
1231 1056 1360 1098 etiarn
1389 1055 1466 1097 sub
1496 1055 1662 1097 ratione
1690 1055 1793 1098 boni

242 1140 282 1179 et
310 1140 527 1188 tamquam
550 1132 809 1186 justissimae
838 1145 936 1172 suae
964 1128 1198 1171 voluntatis
1229 1127 1396 1180 objecta
1421 1127 1623 1168 intuetur.

294 1206 448 1248 XXIV.
487 1205 703 1255 Quocirca,
745 1218 837 1244 cum
864 1203 1085 1255 peccatum
1113 1214 1199 1241 non
1227 1199 1283 1240 sit
1310 1198 1483 1249 bonum,
1514 1198 1586 1240 sed
1615 1197 1792 1240 deflexio

242 1294 265 1319 a
308 1279 431 1327 bono,
474 1279 564 1317 tum
606 1274 802 1326 naturali,
846 1272 959 1326 quod
996 1272 1110 1314 Deus
1146 1272 1192 1313 in
1232 1270 1427 1312 omnibus
1465 1269 1551 1311 suis
1589 1270 1794 1312 creaturis

242 1350 383 1399 efficit,
420 1351 512 1389 tum
547 1346 710 1397 morali,
751 1345 864 1398 quod
899 1345 992 1398 lege
1030 1359 1105 1385 sua
1142 1343 1365 1397 praecipit,
1396 1344 1489 1384 tum
1518 1342 1650 1394 finali,
1680 1341 1795 1394 quod

240 1423 283 1463 in
313 1419 624 1474 sapientissima
652 1432 791 1459 rerum
820 1416 1008 1458 omnium
1039 1414 1348 1468 gubernatione
1378 1429 1427 1456 ac
1456 1413 1688 1455 directione
1713 1412 1795 1454 sibi

240 1491 454 1545 proponit,
496 1503 763 1541 nequaquam
807 1502 932 1529 causa
985 1486 1151 1540 peccati
1193 1486 1245 1528 ab
1282 1485 1448 1527 Adamo
1487 1487 1529 1527 et
1556 1483 1649 1527 Eva
1679 1498 1794 1526 com-

240 1563 369 1613 missi,
398 1562 480 1615 ipsi
509 1560 667 1613 absque
696 1558 920 1600 manifesta
947 1557 1214 1611 blasphemia
1243 1556 1422 1599 attribui
1450 1559 1607 1611 potest.

291 1631 425 1674 XXV.
463 1631 553 1673 Nec
590 1630 670 1672 Dei
708 1629 931 1684 permissio
970 1644 1096 1671 causa
1132 1629 1255 1670 istius
1285 1629 1451 1683 peccati
1479 1628 1610 1670 statui
1637 1630 1794 1682 potest,

241 1720 334 1747 cum
370 1703 483 1745 illius
519 1702 759 1743 interventu
794 1700 908 1743 Deus
933 1702 1155 1754 peccatum
1184 1700 1299 1742 istud
1327 1715 1414 1742 non
1443 1700 1640 1753 effecerit,
1670 1699 1743 1742 sed
1771 1714 1796 1740 a

240 1776 394 1818 nostris
441 1773 699 1828 parentibus,
737 1787 917 1825 quorum
954 1771 1155 1813 illicitum
1195 1771 1437 1825 appetitum
1474 1770 1673 1813 cohibere
1708 1784 1795 1812 non

239 1846 474 1896 tenebatur,
504 1843 711 1886 committi
740 1843 897 1895 siverit,
925 1844 973 1884 ut
996 1857 1208 1884 summum
1237 1857 1288 1884 ex
1318 1857 1367 1884 eo
1395 1842 1555 1884 bonum
1585 1841 1767 1884 eliceret.

294 1915 450 1958 XXVI.
493 1915 583 1957 Nec
625 1915 705 1957 Dei
746 1914 959 1968 impulsio,
1003 1929 1097 1956 cum
1136 1928 1213 1956 nec
1249 1914 1364 1956 malo
1394 1913 1482 1955 ullo
1513 1913 1629 1955 Deus
1657 1913 1796 1967 possit

240 1987 407 2040 tentari,
445 2002 521 2029 nec
551 1986 801 2041 adtmalum,
831 1986 945 2038 quod
975 2000 1174 2039 expressa
1202 2000 1278 2027 sua
1305 1985 1398 2039 lege
1428 2000 1471 2027 se
1502 1985 1652 2037 odisse,
1679 1999 1795 2027 mor-

241 2061 379 2112 tisque
408 2058 616 2112 supplicio
645 2058 834 2100 ulturum
861 2058 1128 2112 pronunciat,
1159 2058 1265 2100 alios
1295 2059 1473 2099 tentare.

294 2130 471 2172 XXVII.
500 2130 672 2172 Diaboli
702 2145 801 2172 vero
829 2130 1053 2184 instigatio
1083 2132 1146 2172 est
1175 2129 1340 2184 peccati
1367 2131 1614 2171 nostrorum
1641 2143 1795 2182 paren-

240 2205 330 2243 tum
368 2216 492 2243 causa
531 2204 701 2243 externa
734 2202 993 2256 principalis.
1022 2200 1137 2243 Nam
1166 2201 1292 2243 sicuti
1319 2201 1455 2243 Evam
1483 2199 1692 2255 serpentis
1721 2200 1794 2243 ad-

243 2273 452 2325 miniculo,
483 2273 542 2314 sic
570 2273 780 2314 Adamum
808 2273 924 2315 Evae
954 2272 1230 2327 suggestione
1258 2272 1437 2315 seduxit.

294 2343 493 2384 XXVIII.
522 2343 570 2384 In
600 2358 682 2396 qua
710 2344 953 2386 seductione
983 2344 1246 2398 quadruplex
1274 2343 1448 2386 Diaboli
1477 2344 1597 2385 actus
1627 2346 1691 2386 est
1719 2343 1795 2385 ob-

242 2415 466 2456 servandus
480 2429 487 2455 :

296 2486 330 2527 1.
374 2485 495 2534 Quod
537 2485 589 2527 ad
631 2500 747 2527 suam
789 2486 1001 2529 fallaciam
1040 2488 1182 2541 aptius
1222 2487 1527 2539 occultandam,
1564 2487 1680 2530 Evae
1718 2486 1794 2529 sub

242 2557 376 2598 forma
406 2558 612 2611 serpentis
642 2559 900 2612 apparuerit.

295 2631 330 2670 2.
375 2630 495 2679 Quod
537 2631 741 2683 animalis,
785 2632 948 2684 reliqua
987 2632 1220 2675 calliditate
1259 2635 1387 2686 atque
1415 2634 1459 2675 in
1488 2632 1663 2674 hortum
1689 2632 1795 2674 irre-

245 2702 369 2753 pendi
398 2703 600 2745 facilitate
632 2705 884 2757 superantis,
915 2719 1068 2759 corpus
1098 2707 1388 2760 assumpserit.

297 2772 333 2811 3.
384 2772 504 2821 Quod
555 2774 770 2816 mulierem
812 2775 1101 2818 imbecillioris
1145 2777 1323 2830 consilii,
1366 2778 1616 2832 priusquam
1657 2777 1796 2819 virum

247 2842 417 2884 adortus
446 2844 584 2886 fuerit.

298 2915 334 2955 4.
374 2916 493 2963 Quod
533 2917 665 2959 virum
693 2933 768 2971 per
796 2919 1015 2962 mulierem
1047 2920 1158 2963 vitae
1187 2921 1320 2974 ipsius
1349 2921 1508 2964 sociam
1536 2920 1579 2961 in
1608 2919 1796 2972 ejusdem

245 2986 406 3037 peccati
437 2988 680 3030 societatem
708 2990 942 3043 pellexerit.
