1931 3224
562 156 626 198 DE
655 155 917 198 MAGISTRATU
946 154 1145 197 Pommco.
1554 153 1632 194 623

76 283 129 324 ab
167 282 246 324 hac
284 282 573 335 disputatione
611 281 809 323 alienum:
845 281 944 323 Non
974 281 1081 322 enim
1112 282 1160 320 ut
1187 279 1286 320 Dux
1316 277 1528 331 politicus,
1560 277 1631 317 sed

75 357 123 395 ut
159 354 364 396 Sacerdos
399 352 481 395 Dei
521 353 881 395 extraordinarius
918 353 1134 394 Aaronem
1171 350 1421 393 Pontificem
1449 349 1629 401 inaugu-

75 425 206 475 ravit3
248 425 437 477 haecque
478 424 819 478 inaugurationis
863 423 973 465 actio
1015 425 1076 464 est
1115 422 1167 464 ab
1207 422 1411 463 electione
1450 418 1632 460 Aaronis

76 495 386 549 distinguenda.
424 494 538 537 Nam
575 496 693 549 prius
732 495 876 536 Aaron
914 509 938 536 a
966 493 1057 535 Deo
1088 493 1244 534 electus
1273 491 1467 543 Mosique
1496 489 1632 531 nomi-

75 569 200 608 natus
220 565 322 607 fuit:
347 565 548 607 mandato
576 565 724 608 deinde
748 565 828 607 Dei
853 580 929 618 per
953 563 1325 618 inaugurationem
1350 563 1393 603 in
1410 562 1631 603 vocatione

76 652 149 679 sua
177 653 201 679 a
229 636 348 679 Mose
377 637 664 679 confirmatus.

127 707 235 750 LIV.
278 708 323 750 Si
365 707 520 750 Pastor
555 709 610 750 sit
648 708 873 750 seditiosus
912 723 959 750 ac
996 706 1243 749 manifestus
1281 705 1398 759 pacis
1436 704 1632 758 publicae

74 779 268 831 violator,
294 794 481 821 summus
505 779 784 833 Magistratus
811 794 917 831 eum,
934 779 1241 820 interveniente
1258 776 1633 818 subordinatorum

74 865 298 904 procerum
342 850 530 902 consilio,
573 853 717 903 potest
760 851 907 892 eodem
945 851 1038 902 jure
1083 850 1369 898 exauctorare,
1414 861 1497 898 quo
1540 844 1631 887 Rex

75 922 276 965 Salomon
304 922 590 964 Abiatharum
620 923 824 976 deposuit,
856 923 876 962 1
907 921 1012 974 Reg.
1043 922 1079 972 2,
1109 921 1172 961 26.
1203 922 1245 961 et
1274 920 1308 968 8,
1341 919 1378 959 2.

127 994 213 1036 LV.
251 994 480 1036 Difficilior
516 994 730 1047 explicatu
768 996 831 1035 est
866 992 971 1034 haec
1009 991 1212 1044 quaestio,
1254 989 1466 1043 quomodo
1495 988 1633 1041 Magi—

73 1068 233 1107 stratus
256 1065 300 1107 in
323 1065 532 1107 Doctores
549 1064 801 1117 ἓτεροδόξους,
821 1067 948 1116 atque
964 1063 1199 1105 haereticos
1216 1061 1632 1116 populiseductores,

74 1152 265 1179 errorum
290 1136 524 1178 exitialium
547 1136 737 1190 legitime
754 1136 982 1186 convictos,
1000 1137 1041 1176 et
1056 1131 1632 1188 pertinaciterblasphemos,

73 1209 407 1251 animadvertere
436 1209 597 1251 debeat.
627 1208 695 1249 Ad
726 1223 851 1260 quam
880 1206 1195 1259 respondemus,
1222 1206 1256 1246 si
1280 1203 1559 1257 Magistratus
1584 1203 1632 1243 fi-

75 1282 178 1323 delis
208 1282 252 1322 in
281 1296 329 1323 ea
352 1283 548 1335 tempora
571 1280 778 1331 inciderit,
804 1281 851 1320 ut
874 1279 969 1320 illos
995 1277 1233 1319 haereticos
1258 1291 1334 1318 nec
1359 1276 1534 1317 lenitate
1559 1289 1633 1315 sua

73 1353 126 1394 ad
162 1368 312 1406 pacem
348 1355 389 1394 et
425 1352 583 1393 bonam
618 1351 785 1404 frugem
824 1350 960 1403 possit
988 1364 1197 1400 revocare,
1227 1362 1304 1389 nec
1333 1347 1556 1388 severitate
1586 1360 1633 1386 ac

70 1424 197 1465 minis
227 1439 250 1464 a
274 1423 484 1477 pervicaci
509 1436 671 1465 errores
695 1422 836 1475 ipsum
859 1421 957 1462 fidei
980 1420 1304 1461 fundamentum
1328 1418 1633 1460 labefactantes

72 1495 342 1549 propagandi
383 1494 523 1537 studio
567 1494 814 1544 absterrere,
857 1492 1128 1534 tolerantiam
1166 1491 1300 1545 ipsius
1339 1490 1452 1544 apud
1482 1488 1632 1539 Deum,

73 1567 245 1619 ejusque
283 1565 518 1607 Ecclesiam
555 1580 645 1607 esse
675 1564 980 1607 excusabilem:
1011 1578 1105 1605 cum
1134 1562 1358 1616 prudentia
1388 1575 1435 1602 ea
1465 1574 1633 1612 quoque

71 1637 285 1679 interdum
324 1637 501 1679 tolerari
538 1637 701 1690 jubeat,
747 1651 854 1689 quae
897 1651 947 1678 ex
985 1635 1073 1677 zelo
1115 1634 1284 1687 quidem
1323 1634 1450 1684 atque
1490 1644 1632 1671 amore

70 1709 263 1750 veritatis
305 1709 615 1762 improbantur,
660 1708 732 1750 sed
770 1710 985 1761 potestate
1024 1706 1213 1748 coactiva
1251 1703 1479 1746 secundum
1517 1702 1633 1754 leges

1 1832 4 1835 Ι
73 1779 322 1833 prudentiae
362 1795 410 1822 ac
438 1780 632 1833 justitiae
660 1779 948 1821 vindicatricis
979 1776 1173 1831 impediri
1203 1791 1250 1817 ac
1278 1775 1373 1816 tolli
1403 1774 1631 1826 nequeunt.

55 1845 58 1849 ¹
127 1850 235 1893 LVI.
270 1850 315 1893 Si
351 1865 450 1892 vero
491 1866 562 1893 eos
601 1865 752 1904 cogere
790 1865 837 1891 ac
877 1849 1018 1903 gladio
1057 1863 1132 1890 suo
1163 1861 1352 1889 coercere
1381 1845 1530 1899 possit,
1561 1843 1633 1885 alii

75 1925 258 1975 censent,
282 1922 415 1976 ipsius
441 1922 571 1964 officii
596 1937 697 1974 esse,
722 1921 965 1975 hujusmodi
987 1921 1224 1962 haereticos
1248 1918 1398 1960 mortis
1422 1915 1632 1970 supplicio

74 1993 253 2045 afficere,
283 1994 476 2047 exemplo
505 1994 567 2047 pii
590 1993 721 2046 Regis
745 1993 773 2034 J
786 1993 943 2043 osiae,
972 1992 1041 2045 qui
1061 1991 1299 2033 sacerdotes
1316 1987 1633 2043 superstitiosos

75 2064 338 2106 excelsorum
365 2080 491 2119 super
520 2065 653 2106 altare
680 2065 896 2116 mactavit,
927 2066 1054 2116 atque
1081 2077 1175 2104 ossa
1198 2062 1383 2103 humana
1409 2074 1535 2112 super
1549 2058 1634 2099 illis

76 2135 320 2178 combussit.
358 2136 425 2178 Et
462 2135 490 2178 J
503 2136 612 2189 ehu,
654 2136 727 2189 qui
763 2139 899 2177 totam
938 2134 1104 2176 Achabi
1141 2149 1189 2175 ac
1224 2132 1400 2174 Isabelis
1429 2130 1634 2172 familiam

75 2209 253 2260 propter
295 2207 584 2249 idololatriam
623 2208 795 2261 penitus
835 2206 1003 2257 excidit,
1043 2205 1366 2256 sacerdotesque
1403 2200 1545 2243 Baalis
1582 2200 1635 2241 ad

75 2292 206 2319 unum
244 2293 388 2320 omnes
425 2279 666 2320 trucidavit.
695 2278 803 2320 Item
833 2278 1000 2329 Eliae,
1033 2277 1105 2329 qui
1134 2276 1372 2317 sacerdotes
1411 2272 1554 2314 Baalis
1583 2271 1635 2312 ad

76 2363 206 2391 unum
245 2365 414 2403 quoque
451 2350 606 2392 necuit.
647 2349 727 2391 Sed
766 2364 860 2390 cum
897 2348 1014 2390 Elias
1048 2346 1268 2400 Propheta
1296 2345 1378 2386 hoc
1405 2343 1553 2385 fecerit
1583 2357 1633 2383 ex

75 2419 280 2463 instinctu
309 2421 390 2463 Dei
418 2421 768 2472 extraordinario,
800 2420 1001 2473 quoniam
1025 2422 1117 2460 tum
1141 2416 1332 2459 cessabat
1354 2414 1634 2467 Magistratus

77 2492 333 2534 ordinarius:
363 2492 390 2534 J
394 2494 504 2534 osias
531 2507 631 2534 vero
663 2495 704 2534 et
728 2491 755 2533 J
760 2491 841 2533 ehu
866 2506 917 2533 ex
942 2491 1085 2544 rigore
1108 2488 1310 2543 politicae
1334 2486 1440 2539 legis
1456 2485 1483 2527 J
1486 2484 1633 2526 udaico

77 2564 236 2617 populo
269 2565 443 2618 proprie
473 2564 830 2615 accommodatae,
860 2563 987 2616 idque
1015 2562 1059 2603 in
1089 2576 1187 2603 casu
1216 2562 1429 2602 extremae
1453 2556 1635 2599 necessi-

76 2635 192 2688 tatis,
222 2650 270 2677 ac
293 2638 410 2677 metu
434 2635 580 2677 totalis
605 2635 726 2689 regni
748 2635 940 2689 ipsorum
964 2633 1205 2684 eversionis,
1230 2631 1346 2673 nulla
1370 2629 1454 2672 alia
1469 2628 1634 2670 ratione

79 2707 312 2757 evitabilis3
341 2707 385 2748 in
413 2707 566 2748 horum
596 2706 916 2760 Theologorum
944 2706 1054 2748 malo
1086 2704 1339 2746 sententiam
1364 2702 1438 2753 ire,
1465 2700 1538 2753 qui
1563 2699 1636 2740 ubi

78 2776 160 2818 alia
188 2778 299 2819 ratio
330 2778 465 2830 datur,
494 2778 731 2820 haereticos
761 2793 811 2819 ex
838 2791 972 2830 aequo
1004 2779 1045 2818 et
1072 2776 1185 2818 bono
1216 2772 1447 2823 coercendi,
1478 2771 1636 2824 pleros-

79 2861 160 2902 que
197 2863 341 2891 eorum
381 2849 433 2891 ab
471 2849 661 2891 Ecclesia
698 2849 1014 2900 condemnatos,
1051 2863 1075 2889 a
1112 2846 1369 2900 Magistratu
1398 2842 1635 2893 arbitrarie,

78 2922 151 2962 aut
190 2919 473 2974 deponendos,
508 2924 580 2962 aut
609 2920 872 2974 relegandos,
902 2922 976 2961 aut
1004 2919 1085 2961 alio
1113 2918 1240 2960 modo
1270 2915 1634 2972 constringendos,

79 2991 223 3043 potius
252 3006 339 3034 esse
369 2994 574 3044 asserunt,
605 3007 732 3045 quam
761 2991 911 3033 mortis
942 2991 1151 3045 supplicio
1177 2988 1445 3043 plectendos:
1469 3001 1521 3028 ne
1538 3000 1636 3027 con-
