1931 3224
278 187 328 226 52
877 181 1115 222 D1srurAT1o
1144 176 1217 220 VI.

277 309 313 348 2.
340 307 523 347 Chron.
549 306 584 357 6,
610 307 672 347 32.
698 305 866 346 tandem
880 306 978 358 post
992 303 1305 356 Prophetarum
1321 301 1516 351 tempora
1532 296 1825 352 superstitiose

277 392 301 418 a
337 375 507 418 Judaeis
542 377 586 417 in
621 376 780 418 arcanis
818 374 962 416 haberi
1001 376 1042 415 et
1081 372 1162 415 coli
1202 370 1351 425 coepit,
1390 369 1495 411 adeo
1534 370 1581 410 ut
1616 382 1702 409 non
1742 367 1826 409 nisi

276 447 318 488 in
360 447 498 498 sacris,
538 449 578 488 et
617 447 783 500 quidem
819 461 842 487 a
881 444 1166 487 sacerdotibus
1207 442 1436 493 efferretur,
1467 442 1509 482 et
1539 440 1707 481 demum
1735 453 1826 481 om-

276 519 374 559 nino
414 518 682 571 pronunciari
721 517 898 559 desierit.
941 515 1064 558 Unde
1107 517 1148 556 et
1184 513 1466 567 οὶνεκφώνητον,
1504 510 1717 553 ineffabile
1750 525 1826 553 vo-

277 591 428 640 catum,
467 592 507 631 et
544 589 727 639 vocibus,
763 588 942 638 Adonai,
981 602 1075 628 cum
1108 586 1295 627 chamets
1339 587 1381 626 et
1418 583 1605 635 Elohim,
1642 583 1824 635 vicariis,

277 660 526 712 punctisque
554 660 706 701 horum
733 659 815 699 illis
844 658 1081 709 substratis,
1110 656 1325 710 prolatum
1355 658 1430 707 est,
1460 670 1484 696 a
1512 655 1563 696 70
1591 653 1825 707 Interpr.

276 734 325 772 et
354 730 459 772 Lat.
489 730 700 784 Vulgat.
733 730 892 772 Exod.
921 730 957 781 3,
974 730 1024 781 6.,
1044 728 1117 770 ubi
1143 727 1341 781 exprimit
1364 725 1588 768 Adonai.
1615 724 1660 767 Si
1683 727 1826 766 tamen

275 802 326 843 ad
363 802 599 855 analogiam
634 802 814 855 aliorum
850 800 1063 842 nominum
1103 800 1340 853 exprimere
1372 797 1482 850 licet,
1523 795 1723 838 Jeheve
1759 796 1826 838 vel

273 871 440 913 Jlieve
475 887 545 914 seu
581 872 711 914 Jave
749 873 835 913 sive
870 871 1028 913 Jihve
1065 870 1245 912 sonabit.
1282 869 1467 911 Maxime
1496 883 1591 909 cum
1620 867 1754 909 Ehie
1784 869 1826 909 et

273 941 421 983 ι[11116
460 943 569 984 idem
609 943 663 984 sit
698 957 875 993 nomen3
913 943 1050 996 prima
1089 956 1282 996 persona,
1311 941 1462 994 utpote
1490 938 1571 980 Dei
1598 938 1825 992 loquentis,

273 1014 315 1054 in
352 1015 533 1067 tertiam,
575 1014 690 1056 Mose
714 1016 842 1067 jusso,
873 1014 922 1056 de
951 1013 1043 1056 Deo
1074 1014 1126 1055 ad
1155 1013 1362 1067 populum
1390 1012 1520 1064 loqui,
1551 1012 1825 1071 commutata,

272 1084 432 1127 Exod.
471 1086 507 1137 3,
547 1086 607 1127 14.
646 1090 696 1128 et
726 1087 787 1127 15.
819 1085 1018 1135 Quamvis
1046 1100 1132 1127 non
1161 1085 1428 1136 diffiteamur,
1461 1084 1590 1125 etiam
1619 1083 1826 1125 Jehova

273 1157 490 1213 analogice
527 1158 652 1200 scribi
682 1173 826 1211 posse;
853 1161 898 1199 at
925 1157 953 1199 J
965 1157 1125 1200 ehovi
1153 1172 1239 1199 non
1268 1157 1383 1209 item,
1415 1156 1528 1208 quod
1555 1155 1600 1196 id
1629 1154 1826 1209 analogia

272 1227 439 1280 linguae
467 1243 552 1270 non
580 1230 780 1282 patiatur.

325 1298 437 1340 XVI.
467 1299 697 1343 Deducitnr
721 1316 745 1342 a
769 1315 869 1343 voce
895 1301 1065 1354 quidem
1089 1301 1224 1352 Hava,
1250 1315 1386 1352 esse,
1413 1300 1484 1342 sed
1507 1300 1618 1341 ratio
1642 1298 1827 1341 nominis

273 1370 496 1423 singularis
535 1374 608 1423 est,
656 1371 815 1413 Exod.
855 1373 892 1423 3,
932 1373 994 1414 14.
1033 1371 1316 1426 Septuaginta
1354 1372 1691 1425 interpretantur
1732 1372 1749 1412 ὃ
1781 1371 1827 1414 ὤν

273 1441 475 1493 absolute,
501 1442 664 1495 plenius
687 1442 714 1484 J
718 1443 839 1485 ohan.
864 1444 906 1484 in
930 1443 1065 1497 Apoc.
1091 1444 1108 1485 ὃ
1135 1443 1194 1492 ὤν,
1218 1444 1234 1485 ὃ
1255 1439 1296 1491 ἦν
1317 1443 1384 1486 καὶ
1403 1443 1419 1484 ὁ
1436 1441 1664 1496 ἐρχόμενος,
1688 1442 1826 1496 Apo-

272 1513 362 1553 cal.
403 1514 437 1564 1,
470 1514 506 1555 4.
536 1514 572 1554 8.
611 1516 660 1555 et
692 1515 730 1566 4,
760 1515 796 1555 8.
835 1517 885 1555 et
915 1515 977 1566 11,
1008 1516 1069 1557 17.
1102 1517 1152 1556 et
1183 1515 1245 1566 16,
1275 1515 1326 1566 5.,
1363 1514 1424 1556 ita
1452 1517 1500 1556 ut
1529 1513 1827 1557 aeternitatem

270 1586 399 1625 notet.
435 1583 512 1625 Est
540 1587 680 1626 antem
708 1585 818 1627 ratio
849 1586 1044 1637 nominis,
1077 1586 1189 1639 quod
1217 1586 1307 1639 ipse
1334 1600 1432 1627 vere
1462 1588 1503 1627 et
1531 1585 1576 1626 in
1605 1586 1823 1627 aeternum

271 1655 336 1706 sit,
376 1655 454 1707 (ita
491 1658 538 1697 ut
575 1670 729 1697 nomen
767 1656 820 1697 sit
858 1656 1097 1709 essentiale)
1139 1657 1337 1709 quodque
1377 1657 1572 1698 omnibus
1601 1655 1827 1699 essentiam

270 1726 449 1777 tribuat,
492 1729 619 1778 atque
661 1727 941 1780 singulariter,
987 1727 1100 1781 quod
1141 1728 1349 1781 promissa
1391 1728 1520 1770 faciat
1563 1743 1664 1780 esse,
1702 1730 1744 1770 et
1780 1727 1825 1768 in

272 1798 532 1849 praestandis
561 1798 612 1839 iis
640 1813 682 1840 se
710 1798 872 1840 fidelem
903 1801 944 1840 et
972 1813 1162 1841 veracem
1191 1800 1416 1853 praebeat:
1447 1800 1614 1853 qualem
1639 1815 1727 1842 sese
1753 1814 1824 1842 ex-

270 1867 410 1909 hibuit
451 1869 610 1921 populo
655 1884 729 1910 suo
772 1870 815 1910 in
856 1870 1111 1923 praestando
1154 1871 1364 1924 promisso
1407 1871 1457 1913 de
1499 1874 1613 1913 terra
1656 1870 1825 1913 Canaan
1861 1910 1863 1913 ⁴

271 1938 513 1980 Abrahamo
539 1939 663 1991 facto,
691 1942 731 1981 et
761 1940 927 1982 demum
957 1941 1006 1983 de
1034 1940 1189 1983 Messia
1217 1941 1438 1993 mittendo,
1469 1945 1561 1993 etc.,
1593 1957 1725 1995 quum
1752 1942 1825 1983 illa

273 2009 464 2052 liberatio
503 2025 554 2052 ex
589 2011 789 2065 Aegypto
826 2012 953 2065 hujus
990 2012 1119 2055 fuerit
1146 2015 1287 2068 typus,
1316 2013 1479 2056 Exod.
1508 2015 1546 2066 6,
1575 2015 1612 2056 3.
1641 2013 1692 2056 R.
1720 2012 1823 2055 Mo-

274 2094 371 2132 ses,
401 2080 506 2122 Lib.
537 2083 571 2123 1.
601 2083 947 2125 0.6Ο.,]616111.
980 2085 1134 2136 16,14.

325 2150 458 2192 XVII.
482 2151 619 2193 Deum
643 2168 742 2207 ergo
768 2155 941 2208 propria
965 2155 1274 2209 significatione
1297 2159 1533 2209 acceptum,
1560 2157 1633 2209 qui
1655 2156 1824 2210 (utpote

274 2222 489 2275 ὑπερούσιος
530 2225 596 2265 ux}
635 2224 944 2274 οξκοιτοέληπτος,
982 2241 1149 2269 omnem
1185 2228 1409 2270 essentiam
1444 2228 1647 2270 excedens
1682 2231 1723 2270 et
1759 2228 1823 2270 in-

274 2293 675 2348 comprehensibilis)
715 2296 879 2338 definiri
913 2312 998 2339 non
1034 2300 1189 2352 potest,
1219 2314 1268 2341 ex
1297 2299 1426 2341 variis
1455 2301 1543 2353 ejus
1573 2299 1823 2353 descriptio-

273 2364 395 2406 nibus
423 2366 578 2418 passim
607 2367 750 2419 obviis,
781 2368 943 2411 Exod.
973 2370 1037 2421 34,
1067 2371 1104 2412 6.
1135 2373 1230 2412 etc.
1259 2370 1478 2414 Deuter.
1510 2372 1572 2423 10,
1597 2372 1659 2413 17.
1686 2371 1764 2425 Ap
1777 2385 1823 2413 o-

274 2434 364 2475 cal.
400 2437 436 2487 4,
474 2436 510 2477 8.
548 2437 726 2479 Actor.
765 2439 827 2490 17,
865 2440 927 2482 24.
967 2443 1062 2482 etc.
1093 2442 1113 2482 1
1145 2441 1388 2484 Corinth.
1419 2443 1456 2492 8,
1484 2442 1522 2484 4.
1552 2442 1588 2484 5.
1621 2443 1711 2485 6.1
1742 2441 1822 2484 Τ1-

273 2506 430 2547 moth.
470 2508 504 2558 1,
545 2509 605 2550 17.
645 2512 694 2551 et
731 2510 767 2561 6,
805 2511 867 2552 15.
898 2512 960 2553 16.
992 2514 1034 2554 et
1063 2512 1187 2554 simul
1215 2514 1413 2567 collectis,
1442 2514 1503 2556 ita
1534 2513 1822 2556 describimus.

275 2576 394 2625 Quod
431 2577 486 2618 sit
525 2579 702 2641 essentia
740 2580 970 2633 spiritualis
1008 2583 1317 2636 simplicissima
1355 2588 1397 2627 et
1433 2585 1612 2637 infinita,
1651 2587 1822 2628 aeterna

275 2647 440 2699 scilicet,
476 2648 760 2703 immensaque
798 2654 924 2705 atque
959 2653 1257 2706 immutabilis3
1298 2657 1442 2698 vivens
1475 2659 1517 2698 et
1558 2655 1821 2707 immortalis,

276 2718 524 2774 intelligens,
567 2722 730 2775 sapiens
769 2726 810 2765 et
848 2724 1069 2775 omniscia3
1108 2726 1200 2779 ipsa
1238 2727 1419 2780 bonitas,
1460 2728 1625 2779 caritaS,
1663 2726 1821 2769 benefi-

277 2789 422 2841 centia,
456 2792 751 2847 misericordia,
788 2795 1100 2849 longanimitas,
1135 2798 1315 2851 justitia,
1345 2800 1560 2852 sanctitas,
1591 2802 1669 2848 eto,
1699 2799 1820 2842 Unus

277 2861 466 2912 essentia,
506 2862 639 2904 trinus
675 2866 877 2919 personis,
917 2865 1044 2909 Pater
1081 2869 1154 2921 qui
1191 2868 1347 2912 Filium
1376 2871 1428 2912 ab
1459 2873 1629 2914 aeterno
1660 2871 1820 2925 genuit,

276 2927 407 2971 Filius
446 2931 516 2983 qui
553 2948 576 2973 a
612 2933 737 2977 Patre
770 2937 967 2989 nascitur,
1005 2937 1115 2991 Spir.
1152 2940 1193 2982 S.
1233 2941 1306 2994 qui
1337 2957 1361 2983 a
1389 2941 1518 2984 Patre
1547 2945 1589 2985 et
1617 2942 1740 2996 Filio,
1779 2944 1821 2985 et

278 3000 443 3051 quidem
481 3018 504 3042 a
540 3003 665 3046 Patre
701 3020 777 3057 per
814 3006 970 3048 Filium
1006 3010 1218 3061 procedit:
1257 3010 1444 3065 Creator,
1480 3016 1751 3056 conservator
1778 3016 1821 3056 et
