1931 3224
252 184 303 223 34
848 177 1084 218 DlsPUTATIO
1113 174 1186 216 IV.

305 301 459 344 XXIII.
488 302 719 344 Undecima
748 304 810 342 est
840 316 863 342 a
890 313 1093 352 responso
1123 295 1369 347 Abrahami,
1399 293 1497 336 Luc.
1528 293 1590 346 16,
1615 295 1678 336 29.
1712 309 1796 348 quo

252 377 442 426 testatur,
481 373 629 414 fratres
668 372 808 414 divitis
843 370 1045 424 epulonis,
1076 370 1111 411 si
1141 368 1314 410 audiant
1341 364 1505 408 Mosem
1534 367 1576 407 et
1606 365 1799 419 Prophe-

251 448 329 496 tas,
373 459 463 486 eam
504 459 627 497 posse
671 458 719 484 ex
764 442 931 495 scriptis
971 455 1115 482 eorum
1152 439 1321 480 haurire
1359 437 1660 491 cognitionem,
1691 451 1798 490 quae

252 515 341 557 sola
372 515 422 556 ad
453 516 657 556 cruciatus
685 513 913 554 inferorum
943 511 1161 552 evitandos
1192 509 1386 551 sufficiat.

301 584 456 627 XXIV.
485 584 742 626 Duodecima
771 585 833 624 est
862 583 913 623 ab
938 597 1015 623 usu
1045 581 1195 623 Sacrae
1221 580 1476 634 Scripturae,
1503 579 1556 621 ad
1581 579 1798 621 hominem

251 658 341 708 Dei,
379 658 421 698 id
460 659 533 707 est,
569 656 779 697 Ecclesiae
809 654 1051 705 Doctorem,
1082 653 1269 704 adeoque
1298 654 1340 693 et
1369 651 1618 703 auditorem,
1651 666 1798 694 secun-

250 730 346 769 dum
385 743 526 769 omnes
565 729 704 780 partes
742 725 1000 767 sacrosancti
1038 723 1269 765 Ministerii
1307 723 1432 776 plene
1469 722 1797 766 informandum.
1854 755 1856 757 -

249 799 378 841 Utilis
417 799 526 839 enim
564 812 652 839 esse
691 798 844 838 dicitur
882 796 934 837 ad
963 796 1292 846 doctrinam,
1322 793 1796 847 redargutionem,

249 870 664 920 correctionem,
696 867 1123 909 institutionem
1150 867 1204 907 111
1227 865 1480 918 justitia,
1507 865 1531 905 2
1555 863 1662 906 Tim.
1679 865 1716 918 3,
1735 866 1796 918 16,

248 945 286 982 et
317 941 369 981 ad
398 940 845 991 consolationem,
875 938 997 980 Rom.
1028 939 1089 990 15,
1118 938 1156 979 4.

299 1011 432 1054 XXV.
472 1012 550 1053 His
588 1011 909 1065 probationibus
949 1010 1114 1062 divinis,
1153 1010 1206 1051 ad
1234 1008 1516 1051 retundendos
1545 1008 1796 1051 Pontificios

248 1083 420 1124 Patrum
470 1083 721 1124 auctoritate
772 1082 968 1123 adversus
1010 1096 1088 1123 nos
1130 1081 1380 1134 plerumque
1423 1080 1657 1133 abutentes,
1701 1080 1799 1123 addi

246 1157 424 1207 possunt
460 1154 704 1195 testimonia
741 1153 913 1205 lrenaei,
953 1152 1042 1194 Lib.
1081 1153 1117 1193 3.
1148 1167 1239 1206 cap.
1268 1153 1304 1193 1.
1334 1151 1499 1204 Basilii,
1530 1151 1731 1205 Epistola
1759 1153 1796 1194 1.

247 1229 288 1266 et
329 1226 390 1267 80.
434 1225 735 1278 Chrysostomi,
778 1225 938 1266 Homil.
981 1225 1016 1266 1.
1056 1225 1100 1266 in
1140 1224 1263 1276 Acta,
1306 1223 1560 1265 Tertulliani
1597 1224 1797 1265 adversus

246 1295 566 1349 Hermogenem,
601 1296 827 1348 Ambrosii,
857 1296 945 1338 Lib.
977 1297 1011 1338 1.
1040 1295 1243 1337 Hexaem.
1275 1310 1364 1349 cap.
1395 1295 1432 1336 6.
1462 1294 1717 1349 Hieronymi
1745 1295 1798 1337 ad

245 1366 556 1409 Demetriadem
584 1367 814 1421 Virginem,
845 1370 886 1409 et
913 1368 957 1408 in
986 1367 1114 1409 Mich.
1139 1366 1229 1409 Lib.
1257 1368 1292 1419 1,
1318 1382 1409 1420 cap.
1436 1367 1471 1408 1.
1497 1366 1659 1408 Justini
1682 1365 1797 1408 Mar-

245 1439 352 1490 tyris
380 1439 423 1480 in
449 1439 605 1492 Tryph.
637 1438 830 1492 Origenis
859 1440 903 1480 in
931 1438 1084 1481 Jerem.
1113 1438 1273 1481 Homil.
1304 1439 1339 1481 1.
1371 1439 1616 1493 Augustini,
1644 1437 1734 1480 Lib.
1759 1439 1795 1480 2.

245 1509 293 1550 de
333 1509 476 1551 Doctr.
515 1509 667 1552 Christ.
707 1526 795 1564 cap.
833 1512 869 1552 9.
909 1513 950 1552 et
988 1510 1077 1552 Lib.
1117 1512 1153 1553 7.
1183 1510 1369 1553 Confess.
1402 1526 1435 1553 c.
1465 1511 1501 1554 7.
1533 1513 1660 1563 atque
1689 1509 1796 1552 alio-

244 1596 336 1622 rum
379 1581 563 1633 Pati-um,
607 1583 892 1635 asserentium,
938 1582 1178 1636 Scripturas
1216 1597 1306 1625 esse
1342 1582 1442 1624 fidei
1480 1582 1720 1625 columnam
1754 1582 1797 1623 et

244 1653 553 1706 scaturiginem,
597 1656 843 1706 tantamque
886 1669 1028 1696 earum
1072 1669 1161 1696 esse
1204 1654 1523 1708 plenitudinem,
1566 1656 1615 1696 ut
1655 1654 1701 1696 in
1741 1653 1794 1695 iis

246 1724 384 1764 omnia
421 1723 674 1766 sufficienter
711 1725 990 1777 inveniantur,
1022 1740 1129 1778 quae
1159 1726 1378 1767 continent
1405 1725 1543 1778 fidem,
1571 1739 1796 1778 moresque

244 1794 348 1835 bene
385 1794 587 1847 beateque
623 1796 801 1848 vivendi,
841 1812 959 1850 spem
987 1797 1160 1850 scilicet,
1192 1799 1234 1839 et
1263 1798 1506 1847 caritatem3
1537 1811 1645 1850 quae
1674 1797 1797 1838 testi-

244 1865 386 1906 monia
411 1865 491 1916 hic,
519 1866 739 1908 brevitatis
768 1869 917 1921 gratia,
946 1883 1032 1910 non
1057 1869 1316 1923 reponimus.

297 1935 450 1977 XXVI.
488 1935 704 1979 Hactenus
743 1938 782 1981 S.
822 1938 1085 1993 Scripturam
1115 1940 1321 1992 absolute,
1352 1942 1480 1993 atque
1508 1940 1553 1981 in
1581 1954 1625 1982 se
1656 1939 1794 1982 consi-

245 2007 443 2059 deratam,
495 2008 726 2060 perfectam
768 2024 856 2052 esse
899 2011 1302 2063 demonstravimus;
1347 2011 1522 2054 eandem
1562 2011 1694 2053 relate
1742 2011 1795 2052 ad

244 2077 493 2119 traditiones
530 2094 615 2120 non
653 2081 831 2134 scriptas
866 2084 907 2123 et
937 2084 1134 2136 opposite
1164 2083 1487 2135 consideratam,
1519 2083 1678 2137 duplici
1706 2097 1794 2124 res-

244 2151 369 2200 pectu
405 2150 634 2201 perfectam
673 2166 761 2192 esse
800 2153 1032 2195 asserimus.
1068 2154 1191 2196 Aliae
1221 2154 1333 2196 enim
1363 2146 1616 2207 generaliori
1645 2155 1687 2195 et
1714 2153 1794 2194 im-

244 2221 417 2273 propria
460 2221 766 2273 significatione
808 2227 1012 2277 sumptae,
1054 2225 1180 2266 utiles
1223 2227 1321 2267 sunt
1359 2240 1407 2267 ac
1442 2225 1704 2266 necessariae
1741 2224 1795 2266 ad

245 2290 444 2340 salutem3
488 2291 592 2332 aliae
634 2292 884 2345 specialiori,
930 2310 977 2336 ac
1015 2296 1191 2349 propria
1229 2295 1542 2349 significatione
1580 2298 1793 2349 acceptae,

244 2361 412 2403 inutiles
446 2364 486 2403 et
523 2377 607 2403 non
639 2365 908 2406 necessariae.
936 2364 1042 2407 Illae
1071 2381 1147 2420 per
1181 2367 1438 2418 Ξσοδυνοιμίοιν
1467 2381 1542 2409 seu
1570 2366 1794 2421 aequipol-

244 2430 429 2483 lentiam,
464 2434 679 2485 tamquam
716 2434 926 2485 ὁμογενεῖς.
956 2451 1003 2478 ac
1026 2436 1178 2480 Sacrae
1203 2438 1447 2493 Scripturae
1472 2441 1791 2491 consentaneae,

244 2500 394 2542 Sacrae
424 2501 665 2555 Scripturae
693 2504 845 2546 finibus
874 2505 1166 2558 includuntur3
1195 2508 1277 2551 hae
1307 2512 1526 2563 tamquam
1544 2512 1790 2563 ἑτερογενεῖς,

245 2588 291 2613 ac
329 2573 628 2625 dissentaneae,
657 2574 708 2615 iis
738 2575 1024 2618 excluduntur.
1054 2577 1118 2620 De
1147 2579 1234 2621 illis
1264 2583 1375 2623 recte
1404 2581 1527 2624 docet
1555 2581 1791 2624 Nazianze-

244 2657 331 2693 nus,
360 2642 449 2684 Lib.
478 2644 514 2685 5.
543 2641 815 2698 Theologiae,
853 2647 964 2699 quod
994 2649 1161 2700 quidem
1191 2651 1286 2703 sint,
1316 2655 1459 2695 tamen
1482 2668 1569 2696 non
1594 2667 1791 2706 expresse

244 2712 434 2753 dicantur
469 2715 511 2755 111
549 2714 799 2768 Scripturis3
840 2717 889 2758 de
926 2718 1004 2770 his,
1036 2721 1148 2772 quod
1175 2736 1252 2764 nec
1280 2723 1324 2764 in
1352 2724 1404 2765 iis
1434 2725 1531 2777 sint,
1561 2739 1638 2767 nec
1666 2725 1710 2766 in
1737 2725 1790 2766 iis

245 2781 445 2825 dicantur.

296 2852 471 2895 XXVII.
495 2854 711 2907 Utraeque
735 2860 808 2899 aut
831 2861 929 2900 sunt
953 2859 1153 2913 dogmata
1179 2866 1251 2904 aut
1274 2865 1461 2908 rituales.
1481 2865 1586 2909 Illae
1600 2869 1788 2909 tantum-

243 2924 367 2965 modo
406 2924 580 2978 divinae,
618 2926 897 2981 Propheticae
936 2932 977 2972 et
1015 2931 1312 2987 Apostolicae3
1340 2936 1422 2979 hae
1450 2952 1549 2980 vero
1577 2938 1789 2981 humanae

242 2994 489 3037 ratditiones
519 2999 615 3037 sunt
643 2998 931 3051 appellandae.
