1931 3224
528 69 593 112 Dr:
619 68 723 112 Nn.
754 68 833 112 Dm
860 84 906 111 ET
937 68 1070 113 Dlvm.
1100 70 1266 114 Arrfflss.
1626 74 1676 114 55

119 196 373 246 removetur,
428 208 477 235 ac
530 193 685 235 Divina
741 194 921 236 essentia
977 194 1120 236 eadem
1171 210 1340 238 manere
1402 196 1679 251 significatur,

119 266 196 308 Ps.
236 266 325 318 102,
364 265 428 308 13.
466 265 530 308 25.
571 267 666 307 010.
703 264 829 307 Ηο10.
870 266 905 317 1,
944 266 1005 308 11.
1044 265 1168 308 Unde
1195 266 1324 319 Deus,
1364 267 1524 320 Ehie,
1554 267 1681 321 Ero,

118 337 375 390 nominatur,
419 339 460 379 et
501 336 777 379 immutabilis
817 339 858 379 et
895 337 1230 392 incorruptibilis
1269 341 1311 380 et
1358 339 1468 381 idem
1511 340 1677 393 dicitur,

120 410 141 451 1
172 408 297 451 Tim.
329 408 365 460 1,
395 408 458 450 17.

171 478 347 522 XXVII.
385 478 476 521 Inf
482 479 654 521 initas
691 478 771 521 Dei
800 481 862 521 est
891 479 1145 522 attributum
1176 481 1380 523 essentiae
1407 480 1488 523 Dei
1518 482 1675 537 specia-

117 553 211 605 lius,
247 553 401 605 utpote
440 552 554 605 quod
593 551 877 605 quantitatem
915 552 1153 607 specialiter
1190 553 1375 606 respicit,
1412 568 1496 606 qua
1523 553 1679 597 Divina

119 624 300 667 essentia
328 623 464 666 omnis
494 623 664 665 omnino
693 622 788 664 finis
820 625 862 664 et
890 623 1061 665 termini
1090 639 1240 677 expers
1271 627 1346 676 est,
1377 624 1419 666 id
1449 627 1523 678 est,
1555 625 1680 667 nullis

118 695 324 748 terminis,
367 710 515 750 nempe
558 693 762 736 essentiae
804 708 877 735 seu
918 694 1235 748 magnitudinis,
1279 696 1373 748 1001,
1412 711 1460 738 ac
1499 697 1680 750 denique

117 766 322 822 temporis
360 766 612 817 continetur,
642 764 714 806 sed
743 779 887 806 omnes
916 765 1092 807 excedit.
1121 766 1266 819 Atque
1294 767 1522 809 secundum
1551 783 1676 821 quam

117 839 225 881 nihil
261 838 353 880 Deo
388 853 466 891 par
504 839 577 878 aut
612 836 785 889 aequale
816 838 890 887 est,
920 835 1025 878 Jer.
1058 837 1120 889 10,
1150 837 1187 878 6.
1217 837 1352 879 Phil.
1383 840 1418 891 2,
1451 841 1487 881 6.
1516 839 1679 883 Distin-

118 910 264 965 guitur
291 924 390 951 vero
419 909 463 950 in
490 908 785 950 aeternitatem
816 911 857 950 et
886 908 1225 951 immensitatem.

170 980 367 1023 XXVIII.
420 979 746 1021 Aeternitas
794 981 856 1021 est
897 979 1152 1021 attributum
1194 980 1429 1023 durationis
1472 984 1676 1026 essentiae

117 1052 198 1094 Dei
235 1050 400 1103 infiniti,
438 1051 561 1104 juxta
603 1065 731 1104 quam
769 1050 842 1092 illa
878 1051 1159 1093 terminorum
1199 1053 1416 1106 temporis,
1457 1056 1497 1096 et
1525 1070 1549 1096 a
1580 1071 1676 1108 quo,

116 1122 316 1176 principii
353 1121 522 1174 scilicet,
562 1124 604 1164 et
640 1123 692 1164 ad
723 1136 861 1175 quem,
891 1122 1105 1174 finis;,vel
1136 1124 1420 1178 successionis,
1451 1126 1605 1179 prioris
1636 1130 1677 1169 et

116 1193 377 1248 posterioriS,
415 1193 637 1248 praeteriti
675 1196 716 1236 et
754 1193 901 1247 futuri,
930 1209 1080 1248 expers
1109 1198 1192 1237 est:
1223 1211 1272 1238 ac
1299 1196 1477 1249 proinde
1504 1198 1564 1240 ita
1587 1199 1677 1252 jam

117 1268 192 1318 est,
236 1268 284 1307 ut
325 1269 366 1308 et
408 1268 505 1308 ante
546 1266 687 1318 fuerit,
726 1268 767 1308 et
806 1269 904 1320 post
942 1266 1087 1308 futura
1120 1267 1187 1320 sit,
1226 1268 1353 1321 idque
1392 1269 1607 1323 utrimque
1634 1271 1677 1312 111

116 1338 350 1388 infinitum;
381 1338 484 1380 adeo
514 1340 561 1379 ut
591 1352 736 1380 omnes
764 1341 907 1392 partes
931 1339 1138 1392 temporis
1167 1340 1291 1381 simul
1325 1341 1676 1396 comprehendat3

116 1411 202 1453 imo
242 1425 365 1453 omne
402 1412 571 1465 tempus
610 1411 796 1463 excedat,
837 1411 1025 1464 quinimo
1066 1412 1118 1453 ab
1149 1427 1198 1454 eo
1228 1412 1428 1454 immunis
1458 1413 1524 1455 sit.
1556 1413 1677 1456 Unde

115 1483 159 1524 in
185 1482 407 1537 Scriptura
437 1482 602 1535 dicitur,
633 1482 834 1535 antiquus
864 1482 1039 1535 dierum,
1065 1482 1192 1525 Dan.
1219 1484 1255 1535 7,
1281 1485 1316 1526 9.
1345 1484 1405 1525 13.
1433 1499 1564 1526 annos
1590 1486 1678 1538 ejus

115 1569 201 1596 non
239 1554 425 1607 deficere,
462 1553 540 1595 Ps.
580 1554 671 1605 102,
708 1554 771 1596 13.
809 1554 872 1595 28.
913 1569 1120 1596 annorum
1158 1556 1247 1608 ejus
1275 1570 1497 1597 numerum
1521 1556 1676 1610 imper-

115 1625 422 1679 vestigabilem,
460 1624 489 1667 J
499 1625 575 1667 ob.
613 1626 677 1678 36,
715 1626 779 1668 26.
818 1625 937 1668 Gen.
976 1627 1040 1678 21,
1079 1627 1141 1668 33.
1173 1642 1197 1669 a
1226 1627 1365 1669 seculo
1395 1627 1533 1677 fuisse,
1563 1631 1605 1670 et
1632 1629 1675 1670 in

117 1697 256 1739 secula
294 1712 395 1749 esse,
433 1697 518 1739 imo
557 1699 655 1739 ante
692 1697 843 1750 secula,
883 1700 925 1740 et
965 1713 1213 1751 permanere
1253 1699 1297 1740 in
1341 1699 1540 1751 seculum,
1584 1700 1674 1742 Rex

117 1784 205 1811 esse
242 1769 371 1812 seculi
400 1772 441 1812 et
470 1770 720 1822 seculorum,
750 1785 838 1812 esse
865 1770 909 1812 in
934 1771 1251 1824 generationem
1276 1773 1318 1813 et
1347 1772 1674 1825 generationem,

114 1842 159 1883 in
201 1842 340 1884 secula
381 1856 515 1895 usque
558 1844 599 1884 et
641 1856 818 1895 semper,
869 1856 957 1884 esse
1000 1844 1041 1884 et
1081 1842 1210 1884 fuisse
1254 1845 1296 1885 et
1337 1843 1529 1886 futurum
1575 1859 1674 1896 esse,

115 1915 213 1955 ante
249 1913 454 1955 mundum
491 1915 533 1955 et
572 1912 726 1964 omnia,
765 1912 960 1955 habitare
997 1914 1303 1967 aeternitatem,
1346 1917 1388 1956 et
1428 1915 1676 1969 simpliciter

116 1985 133 2027 ὃ
168 1985 226 2035 ὢν,
262 1986 278 2028 ὃ
314 1981 355 2034 ἦν
385 1986 453 2029 καὶ
481 1986 498 2028 ὁ
525 1984 736 2039 ἐρχόμενος
762 1987 949 2037 vocatur,
981 1988 1022 2026 et
1059 1986 1185 2033 ἀΐδιος
1227 1989 1268 2028 01
1301 1986 1459 2036 αἰώνιος,
1485 1990 1679 2030 aeternus

116 2059 158 2100 et
182 2057 478 2111 sempiternus,
502 2057 665 2111 primus
691 2059 732 2100 et
747 2057 1000 2099 novissimus
1016 2057 1181 2109 dicitur,
1209 2057 1377 2110 Ps.·29‚
1395 2059 1457 2100 10.
1486 2061 1536 2101 01
1562 2059 1625 2102 90.
1643 2061 1678 2101 2.

115 2129 275 2183 Apoc.
311 2128 350 2181 4,
391 2129 427 2170 8.
468 2129 488 2170 1
531 2128 657 2170 Tim.
697 2130 732 2181 1,
773 2129 834 2171 17.
872 2127 1014 2171 Rom.
1055 2129 1118 2181 16,
1147 2130 1211 2171 26.
1243 2129 1360 2183 Ergo
1392 2130 1575 2183 primum
1606 2145 1676 2173 ens

116 2202 178 2242 est
208 2201 250 2242 et
278 2215 303 2241 a
331 2199 498 2242 nemine
527 2200 747 2253 dependet.

167 2270 322 2313 XXIX.
366 2270 713 2321 Immensitas
750 2273 813 2314 est
853 2271 1108 2313 attributum
1146 2272 1351 2314 essentiae
1392 2271 1472 2315 Dei
1510 2273 1678 2325 infiniti,

115 2342 344 2384 secundum
385 2342 498 2396 quod
535 2357 680 2385 omnes
719 2343 925 2386 essentiae
962 2343 1167 2385 terminos
1207 2343 1422 2395 excedens,
1461 2345 1676 2398 magnitu-

115 2413 224 2455 dinis
253 2413 437 2467 proprie,
464 2415 506 2456 et
530 2413 815 2466 dimensionis,
840 2414 968 2468 longi,
1002 2415 1078 2457 lati
1108 2417 1149 2456 et
1174 2415 1385 2468 profundi,
1412 2418 1452 2458 et
1477 2416 1674 2469 partium,

115 2499 162 2526 ac
204 2483 459 2526 definitionis
501 2485 596 2538 loci,
640 2501 712 2528 seu
748 2486 962 2528 inferioris
999 2488 1041 2527 et
1083 2486 1328 2539 superioris,
1366 2487 1590 2529 anterioris
1633 2491 1675 2530 et

113 2556 362 2610 posterioris
392 2571 541 2611 expers
570 2559 654 2607 est;
683 2572 732 2599 ac
759 2557 937 2611 proinde
965 2558 1026 2600 ita
1054 2557 1136 2610 hic,
1166 2560 1215 2599 ut
1244 2560 1285 2600 et
1316 2557 1387 2609 ibi,
1418 2560 1460 2600 et
1489 2558 1602 2611 alibi,
1633 2561 1674 2601 et

113 2628 284 2681 ubique,
336 2628 525 2682 adeoque
576 2629 900 2685 omnipraesens,
955 2629 1095 2672 omnia
1146 2629 1270 2670 simul
1311 2629 1402 2671 loca
1446 2630 1675 2683 complens,

115 2716 247 2754 eaque
284 2702 506 2752 excedens3
545 2701 631 2743 imo
670 2702 847 2745 illocalis
887 2703 954 2755 sit,
993 2705 1121 2756 atque
1150 2702 1195 2742 in
1228 2715 1271 2743 se
1301 2701 1532 2744 consistens
1562 2717 1676 2745 com-

113 2774 323 2827 plectatur
353 2776 394 2816 et
424 2774 639 2816 contineat
667 2774 820 2816 omnia.
849 2774 973 2818 Unde
996 2774 1040 2815 in
1074 2773 1295 2827 Scriptura
1336 2754 1451 2829 w‘w
1493 2773 1554 2815 El
1561 2775 1678 2827 jon,

113 2844 398 2897 Excelsus,
439 2844 621 2887 Genes
661 2846 723 2897 14,
762 2846 823 2888 19.
861 2847 925 2897 20,
963 2846 1025 2887 22.
1055 2845 1310 2897 nominatur,
1340 2847 1381 2887 et
1409 2845 1470 2886 ita
1498 2861 1677 2899 magnus

103 2917 157 2958 -et
195 2916 381 2970 amplus,
420 2916 448 2959 J
460 2917 535 2959 ob.
564 2918 628 2968 36,
658 2918 722 2959 26.
752 2916 906 2969 Deut,
937 2918 999 2969 10,
1030 2917 1090 2959 17.
1122 2917 1287 2969 dicitur,
1316 2919 1364 2959 ut
1393 2917 1519 2959 simul
1547 2917 1601 2959 sit
1629 2917 1672 2959 in
