1931 3224
451 118 515 160 DE
545 117 677 161 STATU
704 118 1011 161 HUM1L1AT10NIS
1042 118 1215 160 CnmsTI.
1539 122 1616 163 267

58 245 240 288 Satanae
262 245 556 296 instrumenta,
582 244 728 296 Judas,
752 242 1014 296 Sacerdotes,
1039 243 1198 295 Annas,
1225 243 1420 297 Caiphas,
1438 245 1616 299 Pilatus,

60 320 102 360 et
139 317 260 371 plebs
297 317 551 370 promiscua,
591 316 663 369 qui
703 330 847 358 omnes
887 316 1075 369 graviter
1102 319 1343 370 peccarunt,
1375 317 1446 358 sed
1475 319 1619 358 tamen

59 389 339 442 inaequaliter
377 389 606 431 secundum
645 387 813 441 gradus,
851 401 930 440 pro
970 387 1134 429 ratione
1170 388 1427 440 cognitionis
1459 391 1500 430 et
1530 404 1619 430 ma-

58 461 189 512 litiae,
218 460 285 501 vel
308 461 482 513 majoris
507 460 574 501 vel
597 460 786 501 minoris.
813 459 905 509 Qua
929 460 1095 502 ratione
1118 462 1340 513 peccatum
1364 460 1618 514 principum,

62 532 134 585 qui
163 546 214 573 ex
243 532 402 573 invidia
427 531 642 572 Christum
665 531 931 573 tradiderunt
955 532 1298 585 crucifigendum,
1324 531 1405 573 fuit
1432 532 1622 573 omnium

62 603 380 656 g1·avissin1um;
432 602 460 644 J
463 603 569 644 udae
620 605 839 656 peccatum
884 603 965 644 fuit
1006 603 1158 655 minus,
1203 604 1239 644 si
1280 603 1363 645 hoc
1407 605 1622 656 spectetur

62 674 174 727 quod
217 689 268 715 ex
305 674 485 716 avaritia
524 675 777 727 magistrum
815 675 1070 724 vendiderit;
1112 675 1186 716 sed
1228 675 1320 716 aliis
1359 676 1622 728 aggravatur

62 745 403 797 circumstantiis,
433 747 584 798 utpote
613 748 860 799 antegressa
887 746 1171 800 Apostolatus
1204 746 1425 799 dignitate,
1457 746 1622 787 domes-

61 818 146 859 tica
175 832 270 860 cum
299 816 468 858 Christo
498 817 801 868 familiaritate,
832 820 873 858 et
902 817 1122 858 similibus.
1154 817 1298 858 Minus
1325 820 1503 871 propter
1533 832 1623 858 eas-

63 889 157 930 dem
198 888 384 930 rationes
426 890 655 942 peccarunt
696 887 847 929 Judaei
891 888 940 929 de
982 888 1120 941 plebe,
1164 891 1206 929 et
1245 889 1425 941 gentiles
1462 888 1535 941 qui
1573 903 1624 930 ex

62 959 192 1001 Pilati
219 959 420 1001 mandato
451 959 667 1000 Christum
697 959 1007 1001 crucifixerunt.

114 1031 272 1074 XVIII.
315 1030 449 1073 Causa
492 1031 676 1073 efficiens
718 1031 963 1084 propinqua
1006 1031 1078 1072 sed
1116 1030 1335 1082 indirecta,
1374 1030 1455 1072 fuit
1496 1030 1625 1072 Pater

63 1106 270 1155 aeternus,
302 1103 374 1156 qui
403 1102 547 1145 Filio
578 1103 806 1156 proprio
838 1117 941 1144 non
970 1103 1247 1156 pepercit,
1279 1103 1368 1144 sed
1397 1118 1494 1156 pro
1527 1118 1625 1144 om-

62 1176 219 1217 nibus
250 1174 484 1216 tradidit
513 1174 690 1225 illum,
717 1173 840 1215 Rom.
866 1174 903 1225 8,
929 1174 992 1214 32.
1023 1173 1124 1214 Fuit
1148 1177 1290 1215 autem
1315 1188 1453 1225 causa,
1478 1174 1514 1215 1.
1540 1188 1626 1215 non

62 1246 329 1300 impediendo
367 1246 609 1299 passionem
648 1246 748 1297 ejus,
788 1245 859 1286 sed
895 1259 990 1286 eum
1020 1246 1269 1299 exponendo
1299 1246 1503 1300 potestati
1530 1261 1626 1301 per-

64 1318 343 1370 sequentium,
396 1319 437 1359 et
484 1317 711 1358 deserendo
757 1331 864 1368 eum,
909 1317 1123 1369 quomodo
1168 1333 1297 1371 supra
1340 1318 1624 1371 exposuimus.

66 1391 101 1431 2.
132 1390 433 1444 praecipiendo
462 1389 546 1442 ipsi
577 1388 746 1430 Christo
776 1391 823 1429 ut
854 1389 1096 1442 passionem
1125 1389 1243 1431 illam
1272 1404 1351 1443 pro
1380 1389 1626 1431 hominibus

63 1462 302 1514 sustineret,
329 1461 450 1514 eique
475 1463 639 1503 reatum
664 1464 909 1504 nostrorum
934 1464 1206 1514 peccatorum
1226 1461 1491 1515 imputando.
1508 1462 1626 1504 31η-

63 1533 263 1587 spirando
292 1533 355 1574 illi
383 1536 569 1574 mentem
600 1535 641 1574 et
669 1532 934 1573 voluntatem
963 1532 1163 1585 patiendi.

116 1603 229 1646 XIX.
259 1604 328 1646 Ad
356 1604 608 1646 efficientem
635 1604 764 1645 etiam
794 1618 963 1645 causam
987 1603 1201 1656 indirecte,
1228 1604 1408 1646 refertur
1433 1604 1628 1646 voluntas

62 1676 198 1730 ipsius
243 1675 417 1727 Christi,
453 1675 694 1730 passionem
733 1675 994 1728 acceptantis
1032 1677 1073 1716 et
1112 1675 1324 1728 patienter
1363 1675 1624 1727 sustinentis,

66 1762 115 1788 ex
153 1747 392 1789 obedientia
431 1761 531 1800 erga
568 1747 817 1788 mandatum
855 1746 1007 1797 Patris,
1048 1761 1131 1799 qua
1168 1746 1406 1788 voluntarie
1445 1749 1627 1788 mortem

65 1819 261 1872 suscepit,
292 1833 420 1870 quam
448 1818 566 1870 alias,
592 1818 627 1859 si
649 1818 842 1860 absolute
867 1818 1168 1869 consideretur,
1195 1818 1380 1872 effugere
1404 1818 1628 1872 potuisset,

67 1890 257 1942 quamvis
282 1904 368 1931 non
394 1904 444 1930 ex
468 1889 701 1943 hypothesi
725 1889 1054 1943 praesupposito
1071 1890 1271 1931 mandato
1288 1889 1443 1931 Patris.
1460 1889 1502 1931 N
1516 1904 1590 1931 em
1604 1904 1628 1931 o

65 1961 226 2003 tollit
255 1962 480 2003 animam
510 1977 674 2003 meam
703 1977 727 2003 a
753 1977 851 2013 me,
880 1961 981 2003 Joh.
1015 1961 1078 2013 10,
1115 1961 1176 2003 18.
1210 1961 1330 2013 Item,
1356 1964 1413 2002 ut
1439 1975 1629 2015 cogno-

67 2035 182 2076 scat
210 2034 432 2075 mundus
461 2034 587 2086 quia
612 2034 787 2087 diligo
813 2033 1050 2084 Patrem,
1077 2035 1128 2074 et
1151 2033 1294 2074 sicut
1319 2033 1630 2074 mandatum

67 2105 216 2146 dedit
257 2105 390 2146 mihi
434 2105 618 2156 Pater,
662 2105 738 2147 sic
780 2105 948 2154 facio;
989 2104 1226 2157 surgite,
1267 2119 1444 2146 eamus
1485 2104 1628 2156 hinc,

67 2176 95 2218 J
98 2175 166 2217 oh.
193 2175 255 2226 14,
280 2176 344 2217 30.
370 2174 462 2225 Qua
487 2176 653 2218 ratione
677 2176 819 2229 passio
846 2176 1005 2217 Christi
1030 2175 1112 2216 fuit
1128 2175 1380 2217 sacrificium
1397 2175 1631 2228 gratissimi

69 2247 231 2298 odoris3
272 2261 380 2299 quae
417 2247 538 2289 illata
576 2247 628 2288 ab
667 2247 863 2289 hostibus
901 2247 983 2288 fuit
1014 2247 1315 2300 gravissimum
1342 2249 1576 2300 peccatum.

120 2317 214 2359 XX.
244 2317 426 2359 Materia
452 2318 497 2359 in
528 2333 622 2371 qua,
652 2319 738 2360 sive
769 2319 1099 2372 subjectiva,
1128 2321 1176 2359 ut
1207 2320 1372 2369 vocant,
1400 2320 1463 2359 est
1489 2317 1631 2358 Chris-

68 2391 137 2430 tus
176 2388 310 2430 Filius
347 2388 429 2430 Dei
467 2389 696 2431 secundum
732 2389 963 2431 humanam
1001 2393 1209 2441 naturam,
1251 2404 1333 2442 qua
1372 2389 1462 2430 sola
1490 2388 1632 2443 potuit

69 2460 173 2514 pati,
212 2460 257 2501 in
294 2460 436 2501 anima
474 2463 516 2501 et
555 2475 745 2513 corpore,
785 2464 833 2501 ut
874 2461 1147 2512 ostendimus,
1185 2460 1246 2501 ita
1284 2462 1427 2501 tamen
1457 2461 1505 2500 ut
1534 2473 1631 2500 vere

70 2531 208 2573 dicere
251 2531 344 2584 quis
385 2531 533 2584 possit,
579 2533 720 2572 totum
759 2530 976 2573 Christum
1015 2547 1104 2573 esse
1141 2547 1328 2585 passum,
1366 2545 1454 2572 non
1490 2531 1631 2571 totum

71 2603 242 2656 Christi,
274 2605 316 2645 et
345 2617 421 2656 per
448 2601 706 2643 Idiomatum
734 2604 1174 2653 communicationem,
1205 2602 1489 2643 Dominum
1520 2601 1631 2654 glo-

71 2678 185 2719 riae
213 2677 388 2718 fuisse
417 2674 767 2726 crucifixum,
798 2675 818 2715 1
851 2673 943 2716 Cor.
974 2676 1010 2716 2.
1034 2675 1071 2716 8.
1099 2677 1149 2716 et
1174 2674 1340 2716 Deum
1364 2674 1629 2728 sanguine

72 2763 162 2790 suo
203 2747 494 2790 ecclesiam
531 2745 922 2798 acquisivisse,
960 2746 1056 2788 Act.
1094 2746 1158 2797 20,
1198 2745 1261 2786 28.
1291 2744 1474 2786 Materia
1504 2759 1631 2798 quam

73 2819 326 2873 objectivam
371 2818 528 2869 dicunt,
573 2819 671 2858 sunt
711 2832 875 2871 poenae
914 2832 1058 2859 omnes
1097 2816 1266 2858 Christo
1303 2815 1544 2869 impositae,
1582 2816 1632 2858 de

74 2890 227 2942 quibus
254 2889 299 2931 in
326 2889 539 2943 passionis
569 2887 853 2943 descriptione
882 2891 1024 2930 actum
1056 2890 1131 2930 est.

125 2959 241 3002 XXI.
280 2959 436 3002 Forma
474 2962 648 3001 externa
685 2959 880 3001 consistit
916 2960 961 3000 in
989 2959 1083 3012 ipsa
1110 2958 1307 3013 passione
1337 2960 1380 3000 et
1406 2957 1634 3002 tolerantia
