1931 3224
232 151 311 192 344
782 149 1025 191 DisPUTATm
1054 147 1255 191 XXXIII.

776 292 959 344 August.
987 291 1040 332 ad.
1068 291 1137 333 Ps.
1170 292 1257 333 130.

287 418 339 461 Si
369 419 705 472 iniquitates
736 416 1120 459 observaveris
1149 416 1398 470 Domine,
1424 418 1545 471 quis
1570 420 1799 462 sustine-

233 491 343 532 bit?
382 489 499 532 Non
539 490 703 542 dixit,
745 503 841 542 ego
881 503 986 530 non
1023 488 1335 542 sustinebo,
1366 489 1456 531 sed
1488 490 1610 543 quis
1640 492 1799 534 susti-

233 562 418 603 nebit?
448 560 605 602 Vidit
637 560 775 602 enim
804 574 976 613 prope
1003 562 1177 602 totam
1204 560 1371 602 vitani
1398 561 1678 604 humanam
1702 563 1800 605 cir-

235 633 558 676 cumlatrari
587 632 834 686 peccatis
862 632 998 685 suis,
1029 633 1281 674 accusari
1309 648 1491 675 omnes
1523 634 1801 677 conscien-

233 706 341 747 tias
380 704 827 758 cogitationibus
867 705 1000 757 suis,
1038 719 1143 747 non
1180 705 1426 747 inveniri
1456 719 1546 747 cor
1573 707 1800 758 castum,

233 791 585 831 praesumens
616 776 676 818 de
704 790 798 817 sua
822 775 1063 828 justitia.
1095 774 1149 818 Si
1179 790 1306 829 ergo
1337 791 1429 818 cor
1458 777 1669 818 castum
1697 791 1800 819 non

232 851 419 903 potest
464 847 707 890 inveniri
755 847 896 900 quod
943 849 1259 901 praesumat
1310 848 1369 889 de
1418 863 1511 890 sua
1549 849 1801 902 justitia,

233 922 550 973 praesumat
605 919 837 961 omnium
888 933 977 960 cor
1030 919 1090 960 de
1143 919 1536 962 misericordia
1587 920 1706 973 Dei,
1752 923 1802 963 et

235 992 382 1034 dicat
410 991 543 1043 Deo,
573 990 628 1034 Si
654 990 990 1043 iniquitates
1016 990 1403 1033 observaveris
1428 991 1679 1044 Domine,
1704 992 1802 1034 Do-

233 1064 372 1105 mine
419 1063 540 1116 quis
585 1062 922 1104 sustinebit?
969 1077 1103 1115 quae
1143 1064 1321 1104 autem
1358 1077 1482 1116 spes
1523 1065 1635 1105 est?
1676 1078 1802 1117 quo-

235 1136 377 1177 niam
414 1135 554 1188 apud
590 1136 642 1176 te
681 1133 1022 1188 propitiatio
1063 1136 1155 1176 est.
1197 1133 1339 1183 Quae
1370 1136 1451 1176 est
1480 1134 1589 1177 ista
1618 1136 1802 1189 propi-

236 1207 428 1258 tiatio,
471 1207 580 1249 nisi
623 1206 1001 1249 sacrificium?
1045 1208 1096 1247 et
1140 1206 1280 1259 quod
1320 1208 1400 1248 est
1438 1206 1802 1260 sacrificium,

237 1279 345 1321 nisi
377 1279 519 1332 quod
548 1293 643 1332 pro
672 1278 830 1320 nobis
862 1277 1108 1319 oblatum
1137 1279 1247 1319 est?
1278 1277 1514 1331 Sanguis
1540 1278 1803 1321 innocens

237 1350 389 1392 fusus
441 1350 649 1392 delevit
703 1349 878 1392 omnia
920 1351 1146 1404 peccata
1188 1349 1522 1391 nocentium:
1565 1351 1803 1403 pretium

238 1424 453 1464 tantum
505 1422 684 1464 datum
736 1421 968 1463 redemit
1020 1436 1198 1463 omnes
1248 1421 1499 1474 captivos
1551 1421 1609 1463 de
1650 1437 1804 1464 manu

239 1493 580 1548 captivantis
617 1492 841 1535 inimici.
880 1492 1025 1546 Ergo
1067 1495 1148 1534 est
1185 1492 1326 1546 apud
1362 1494 1413 1534 te
1451 1493 1803 1546 propitiatio.

239 1565 373 1607 Nam
411 1565 455 1606 si
489 1580 594 1607 non
633 1567 775 1606 esset
813 1564 950 1619 apud
979 1566 1031 1606 te
1056 1563 1419 1617 propitiatio,
1450 1563 1495 1605 si
1524 1563 1700 1606 Judex
1729 1579 1807 1606 so-

239 1637 344 1678 lum
375 1651 489 1678 esse
517 1636 711 1689 velles,
743 1638 794 1678 et
821 1636 1140 1678 misericors
1170 1650 1286 1678 esse
1315 1635 1518 1688 nolles,
1550 1638 1600 1678 et
1631 1637 1806 1679 obser-

239 1723 392 1751 vares
430 1722 611 1751 omnes
650 1708 988 1762 iniquitates
1017 1711 1262 1761 nostras,
1293 1710 1343 1750 et
1374 1723 1669 1761 quaereres
1699 1723 1807 1758 eas,

241 1781 359 1834 quis
399 1781 736 1823 sustineret?
775 1780 897 1834 quis
937 1782 1063 1822 ante
1092 1782 1144 1822 te
1173 1782 1383 1822 staret?
1414 1783 1466 1822 et
1495 1781 1706 1822 diceret
1733 1781 1806 1822 in-

240 1868 435 1896 nocens
474 1855 614 1895 sum?
654 1853 773 1906 quis
814 1855 993 1894 staret
1030 1852 1084 1894 in
1111 1851 1332 1894 Judicio
1362 1855 1486 1895 tuo?
1516 1852 1648 1907 Spes
1679 1866 1805 1906 ergo

241 1939 342 1966 una
373 1927 477 1978 est,
507 1925 633 1978 quia
660 1924 802 1978 apud
830 1926 882 1966 te
912 1926 994 1966 est
1022 1924 1374 1980 propitiatio.

640 2085 896 2139 Bernartius,
925 2085 1058 2129 Serm.
1083 2086 1146 2128 23.
1174 2086 1219 2128 in
1248 2085 1408 2128 Cantic.

294 2212 546 2254 Hominis
590 2211 831 2254 Justitia
873 2213 954 2253 est
990 2210 1346 2265 indulgentia
1383 2211 1494 2254 Dei.
1533 2211 1654 2264 Item,
1692 2211 1808 2254 Jus-

242 2283 373 2325 titia
423 2283 521 2325 Dei
575 2285 656 2325 est
707 2297 810 2325 non
854 2296 1104 2336 peccare:
1148 2282 1378 2336 justitia
1423 2282 1680 2336 hominis,
1730 2284 1810 2325 est

245 2369 349 2397 non
377 2354 641 2410 imputari
670 2355 970 2409 peccatum.

818 2513 948 2568 Idem,
978 2515 1117 2569 Epist.
1149 2514 1238 2558 190.

296 2641 603 2694 Assignata
655 2643 738 2683 est
786 2639 995 2683 homini
1037 2639 1279 2683 Justitia
1320 2639 1520 2691 aliena,
1565 2638 1691 2692 quia
1734 2652 1810 2680 oa-

246 2713 358 2755 ruit
387 2728 491 2756 sua.
