1931 3224
211 164 237 204 6
833 152 1076 194 D1sPu‘rAr10
1107 148 1141 191 Ι.

264 286 302 328 1.
353 282 646 331 Ethnicorum‚
698 277 772 331 qui
823 275 1037 318 Christum
1078 272 1342 315 Salvatorem
1383 270 1597 324 ignorant,
1640 284 1768 323 quam

211 355 396 411 Spiritus
437 353 616 396 Sanctus
657 350 840 399 damnat,
882 346 921 388 A
933 360 954 387 c
964 347 993 386 t.
1038 345 1101 395 17,
1143 344 1205 384 22.
1243 342 1306 383 23.
1347 342 1412 383 30.
1452 344 1493 383 et
1531 342 1593 393 19,
1633 341 1697 383 34.
1727 343 1769 382 et

210 428 351 471 Rom.
380 426 416 477 1,
444 425 508 466 21.

263 500 300 541 2.
339 497 613 544 Judaeorum,
652 490 724 545 qui
764 488 978 531 Christum
1011 485 1156 539 (quem
1183 484 1226 525 H
1237 483 1251 525 i
1263 499 1284 526 e
1294 499 1316 525 r
1328 498 1352 525 o
1363 499 1390 525 n
1401 499 1429 538 y
1439 499 1482 526 m
1492 499 1520 525 u
1531 498 1550 525 s
1578 483 1631 525 in
1660 498 1682 526 c
1692 498 1716 525 a
1727 498 1769 537 p.

213 570 276 613 12.
315 570 357 610 et
397 568 458 608 13.
497 564 541 606 M
555 562 688 606 atth.
729 562 852 602 vocat
891 559 1056 611 caput
1094 555 1122 598 S
1136 554 1438 609 apientiae)
1476 556 1770 608 aspernantur,

213 656 272 683 ac
333 639 632 694 propterea
695 630 909 684 aliquid
964 627 1248 684 sapienter
1302 625 1634 680 intelligere
1688 640 1771 668 ne-

215 712 430 766 queunt

266 784 304 825 3.
343 778 664 823 Haereticorum
701 771 1209 821 Pseudochristianorum⁷
1248 768 1322 822 qui
1350 767 1367 821 (
1368 770 1417 809 ut
1442 767 1555 810 idem
1582 767 1774 820 loquitur

214 854 258 898 H
269 854 283 896 i
295 869 317 896 e
327 868 348 895 r
360 867 384 894 o
395 867 423 893 n
434 866 461 904 y
472 865 514 891 m
524 864 552 890 u
564 863 583 889 s
619 847 671 888 in
710 844 740 886 C
752 860 776 886 a
787 859 828 897 p.
867 843 930 884 23.
970 841 998 884 J
1011 857 1032 884 e
1043 857 1064 884 r
1076 856 1098 883 e
1108 840 1182 894 m.)
1222 839 1380 882 Christi
1408 840 1536 882 verba
1564 839 1773 891 furantur,

214 925 465 978 linguasque
498 918 823 972 Prophetarum,
852 913 1224 967 Evangelistarum
1254 914 1295 953 et
1324 911 1630 966 Apostolorum
1659 924 1775 952 assu-

214 998 350 1048 munt,
385 996 433 1036 ut
462 1005 623 1034 errores
651 1002 749 1030 suos
777 988 850 1028 aut
877 985 922 1026 in
950 984 1167 1026 doctrinae
1196 983 1460 1025 Christianae
1487 982 1775 1034 fundamento,

216 1069 290 1110 aut
328 1065 437 1108 circa
472 1063 600 1116 hujus
637 1059 972 1109 fundamentum,
1011 1055 1088 1097 sub
1125 1055 1296 1097 fucosae
1324 1053 1516 1096 veritatis
1544 1052 1683 1107 specie
1711 1052 1777 1094 in-

217 1135 476 1180 cautioribus
504 1131 746 1188 propinent.

268 1205 445 1250 XXVII.
474 1204 568 1247 Etsi
596 1203 797 1256 dogmata
829 1199 994 1242 Veteris
1023 1201 1065 1241 et
1091 1197 1207 1240 Novi
1235 1196 1497 1239 Testamenti
1527 1196 1779 1250 quibusdam

216 1279 328 1322 inter
364 1292 407 1320 se
445 1276 641 1318 differant
669 1270 1046 1316 administrationis
1075 1269 1339 1312 adminiculis
1368 1270 1410 1310 et
1437 1267 1779 1319 circumstantiis,
1821 1288 1824 1292 ’

216 1350 340 1393 unica
377 1352 518 1391 tamen
558 1345 697 1400 quoad
735 1342 1029 1394 substantiam,
1068 1341 1296 1393 eademque
1325 1338 1562 1392 Theologia
1588 1338 1633 1380 in
1661 1340 1780 1380 utro-

219 1437 301 1476 que
324 1421 595 1463 Testamento
621 1416 890 1471 proponitur}
914 1429 1000 1456 una
1023 1413 1220 1455 voluntas
1246 1411 1327 1454 Dei
1350 1411 1400 1453 de
1420 1425 1574 1464 genere
1593 1410 1780 1452 humano

217 1492 473 1543 redimendo,
501 1505 586 1532 una
612 1485 941 1530 fundamentalis
968 1483 1194 1538 promissio
1224 1483 1274 1524 de
1303 1482 1438 1523 salute
1465 1496 1541 1535 per
1566 1480 1782 1522 Christum

219 1563 483 1614 conferenda,
514 1561 696 1603 Genes.
726 1559 764 1610 3,
795 1558 857 1599 15.
888 1559 929 1598 et
958 1556 1022 1607 22,
1052 1555 1114 1597 18.
1142 1554 1255 1595 Act.
1279 1553 1344 1605 15,
1371 1553 1434 1594 11.
1461 1555 1502 1595 et
1526 1553 1590 1604 10,
1614 1553 1678 1594 43.
1704 1555 1781 1594 etc.

272 1632 470 1678 XXVIII.
499 1632 674 1675 Illorum
702 1629 880 1684 proinde
909 1626 1118 1669 sententia
1148 1627 1210 1667 est
1239 1623 1514 1678 explodenda,
1545 1623 1618 1676 qui
1644 1623 1783 1678 tripli-

221 1722 311 1751 cem
351 1704 562 1748 rationem
603 1700 862 1755 adipiscendi
904 1699 1084 1741 salutem
1120 1697 1301 1750 fingunt.
1342 1695 1485 1739 Unam
1523 1693 1694 1745 scilicet,
1731 1693 1784 1735 iis

222 1778 296 1833 qui
333 1779 431 1819 ante
466 1776 605 1831 legem
642 1772 844 1826 scriptam
880 1771 1078 1812 vixerunt
1106 1784 1182 1823 per
1210 1763 1316 1821 legis
1343 1770 1522 1809 naturae
1551 1765 1784 1808 observati-

223 1864 366 1899 onem;
404 1845 640 1890 Secundam
676 1857 775 1886 vero
813 1842 878 1894 iis,
919 1841 992 1894 qui
1028 1841 1106 1881 sub
1143 1840 1238 1894 lege
1277 1839 1436 1891 scripta
1472 1837 1671 1879 vixerunt
1709 1851 1785 1890 per

221 1921 349 1974 hujus
377 1917 730 1973 praestationem3
760 1913 950 1956 Tertiam
978 1911 1157 1964 denique
1185 1910 1250 1962 iis,
1281 1910 1354 1963 qui
1383 1909 1460 1950 sub
1489 1908 1629 1962 gratia
1644 1907 1785 1950 Evan-

225 1993 325 2050 gelii
354 1991 513 2041 vivunt,
542 2003 618 2043 per
648 1986 774 2028 fidem
803 1986 848 2027 in
875 1984 903 2027 J
907 1999 1023 2027 esum
1053 1982 1279 2025 Christum.

276 2061 431 2105 XXIX.
473 2059 659 2102 Maxime
701 2073 801 2101 vero
842 2056 1050 2099 sententia
1089 2069 1235 2097 eorum
1274 2054 1338 2095 est
1376 2051 1673 2106 expugnanda,
1714 2051 1787 2104 qui

225 2149 408 2179 asserere
444 2147 530 2175 non
565 2132 776 2182 verentur,
814 2128 1047 2182 quamlibet
1075 2125 1156 2168 Dei
1184 2124 1515 2179 patefactionem
1542 2122 1787 2165 hominibus

227 2206 509 2261 qualicunque
545 2202 671 2245 modo
710 2215 759 2242 ac
785 2199 956 2241 modulo
986 2197 1156 2249 factam,
1186 2196 1238 2238 ad
1265 2196 1446 2238 salutem
1475 2194 1788 2248 adipiscendam

225 2277 330 2332 ipsis
358 2276 591 2319 etiamnum
618 2272 822 2315 sufficere.
1187 2324 1190 2328 .

279 2346 414 2391 XXX.
458 2344 694 2399 Theologia
734 2357 821 2385 non
862 2343 1032 2384 tantum
1074 2342 1137 2382 est
1170 2339 1321 2388 vom-tm}
1355 2340 1396 2380 et
1432 2337 1669 2389 σημαντικὴ,
1716 2336 1789 2378 sed

229 2420 358 2464 etiam
386 2418 620 2466 διανοητικὴ.
653 2415 909 2467 Plerumque
937 2413 1050 2455 enim
1079 2410 1341 2466 argumentis
1369 2410 1506 2452 utitur
1535 2409 1588 2451 ad
1617 2408 1790 2451 convin-

230 2492 383 2535 cendos
411 2488 767 2532 contradicentes:
796 2488 925 2538 atque
954 2499 1005 2526 ex
1034 2482 1256 2538 principiis
1285 2482 1370 2523 suis
1399 2497 1450 2524 ex
1475 2481 1690 2536 prioribus
1714 2495 1790 2534 per

232 2578 275 2606 se
302 2559 761 2610 indemonstrabilibus,
792 2560 867 2599 aut
896 2556 1184 2599 conclusiones
1212 2554 1325 2597 elicit
1354 2554 1406 2595 ad
1428 2554 1649 2596 veritatem
1676 2566 1790 2594 com-

232 2634 508 2690 probandam,
539 2634 612 2674 aut
640 2630 870 2673 solutiones
900 2629 951 2670 ad
975 2627 1185 2683 captiosas
1210 2626 1507 2680 Sophistarum
1533 2624 1790 2678 objectiones

233 2706 489 2758 refutandas,
517 2703 708 2747 Matth.
736 2703 801 2755 22,
830 2702 894 2744 32.
924 2702 988 2743 33.
1019 2700 1041 2742 1
1072 2699 1183 2742 Cor.
1214 2699 1275 2751 15,
1307 2699 1371 2741 20.
1400 2698 1464 2740 21.
1491 2698 1555 2740 22.

874 2895 1155 2902 ——----.—-——-
