1931 3224
339 145 402 188 DE
432 146 629 190 Concmns
658 160 728 188 sEU
757 144 1027 188 CONVENTIBUS
1056 143 1385 187 EchEsmsmcxs.
1565 146 1641 187 597

84 272 275 315 Ecclesia
298 271 569 314 Antiochena
592 270 645 312 ad
661 269 879 324 Synodum
894 267 1343 322 Hierosolymitanam,
1360 268 1455 310 Act.
1474 268 1537 319 15,
1554 269 1588 309 2.
1606 270 1641 310 3.

137 341 315 385 XXVII.
360 341 628 384 Evocatio
671 341 816 394 itaque
852 341 1093 394 privata,
1134 340 1270 392 qualis
1309 339 1530 382 Pontificis
1569 341 1645 390 est,

85 415 349 470 praejudicat
376 413 666 466 maximopere
694 411 884 454 libertati
911 411 1138 454 Ecclesiae.

138 485 337 528 XXVIII.
376 485 650 527 Personae
686 498 786 526 vero
825 483 1045 538 publica
1083 484 1426 526 auctoritate
1457 497 1647 524 convo-

87 561 261 610 catae,
298 558 453 599 missae
482 559 524 598 et
554 556 864 607 convenientes,
896 569 1002 608 quae
1032 557 1216 597 tractare
1244 555 1410 606 debent,
1441 569 1549 607 quae
1578 554 1647 595 hic

85 630 250 684 agenda
287 631 397 680 sunt,
436 642 483 670 ac
516 629 586 681 jus
625 627 818 681 suffragii
847 641 921 668 seu
950 641 1097 668 vocem
1127 626 1398 677 definitivam,
1430 628 1571 678 atque,
1600 628 1647 667 ut

86 703 254 752 vocant,
279 700 505 743 decisivam
528 699 701 750 habent,
727 700 824 739 sunt
849 698 987 751 primo
1015 699 1056 739 et
1079 697 1289 750 imprimis
1313 711 1518 750 personae
1535 696 1647 738 ordi-

84 775 211 815 natae
238 772 291 814 ad
313 771 614 813 Ecclesiastica
638 770 802 821 munia3
826 772 875 811 ut
897 769 941 810 in
965 768 1157 810 Veteri
1181 768 1453 810 Testamento
1477 767 1648 809 fuerunt

85 843 433 894 Sacerdotes,
473 841 700 884 Scribae
739 842 790 882 et
829 839 1088 881 Seniores
1125 839 1341 892 populi,
1381 837 1504 879 Matt.
1543 839 1579 888 2,
1610 839 1647 878 4.

86 918 128 958 et
156 915 219 967 26,
249 915 286 956 3.
314 914 378 955 59.
409 915 451 955 et
479 913 542 964 27,
573 912 609 953 1.
638 911 785 953 Actor.
813 911 852 962 4,
882 910 919 952 5.
947 909 996 951 In
1025 909 1177 951 Novo
1209 912 1351 951 autem
1379 909 1646 962 Episcopi

86 989 135 1029 et
172 984 500 1038 Presbyteri
528 998 618 1025 seu
655 982 850 1035 Legati
887 981 1281 1033 Ecclesiarum,
1321 980 1416 1022 Act.
1447 980 1509 1032 15,
1538 980 1575 1020 6.
1607 982 1648 1021 et

87 1056 150 1108 16,
184 1056 222 1097 4.
262 1057 304 1097 et
341 1055 405 1106 20,
444 1054 507 1096 17.
546 1056 587 1096 et
616 1054 679 1105 21,
710 1053 772 1094 18.
803 1051 908 1094 Cum
938 1052 1050 1094 enim
1080 1051 1272 1093 Ecclesia
1301 1054 1466 1093 constet
1494 1051 1646 1092 Pasto-

85 1127 203 1169 ribus
241 1129 283 1168 et
318 1125 481 1178 reliquo
521 1138 696 1178 corpore
733 1138 807 1165 seu
845 1123 1007 1174 ovibus,
1037 1123 1242 1175 sequitur,
1272 1137 1357 1164 non
1386 1122 1649 1163 Pastores

85 1200 213 1251 solos,
251 1198 323 1240 sed
352 1199 394 1239 et
418 1195 784 1249 Presbyteros
814 1209 887 1237 seu
915 1193 1157 1247 Deputatos
1186 1194 1350 1247 populi,
1380 1194 1418 1235 ei
1446 1194 1648 1236 interesse

86 1273 128 1313 et
164 1271 209 1312 in
246 1285 294 1312 ea
323 1268 548 1322 suffragari
577 1267 748 1316 debere,
777 1266 905 1319 idque
934 1279 1019 1306 non
1049 1279 1136 1316 suo,
1168 1265 1240 1306 sed
1268 1264 1481 1306 Ecclesiae
1511 1279 1535 1306 a
1566 1279 1649 1316 qua

84 1342 204 1384 missi
237 1341 421 1383 nomine.
462 1339 583 1389 Quod
620 1339 664 1380 in
704 1337 878 1391 optimis
907 1336 1261 1389 subsequentibus
1291 1335 1473 1389 Synodis
1506 1335 1649 1377 obser-

84 1416 229 1457 vatum
272 1415 348 1465 est,
390 1427 442 1454 ne
485 1410 770 1461 Diaconis,
808 1408 1059 1463 praesertim
1097 1408 1142 1449 in
1177 1407 1415 1449 minoribus
1453 1406 1648 1460 Synodis,

85 1485 293 1540 exceptis;
330 1486 378 1526 ut
406 1483 532 1526 fidem
560 1481 724 1524 faciunt
752 1481 863 1523 Acta
891 1479 1053 1533 Synodi
1084 1478 1430 1532 Carthaginensis
1460 1478 1537 1519 sub
1568 1477 1648 1531 Cy-

84 1557 250 1611 priano.

135 1626 292 1670 XXIX.
320 1625 472 1679 Neque
500 1627 644 1667 tamen
672 1624 715 1665 id
744 1623 807 1665 ita
834 1622 1025 1676 praecise
1054 1621 1345 1676 accipiendum
1375 1623 1451 1672 est,
1480 1622 1528 1662 ut
1558 1634 1648 1662 om-

83 1714 158 1743 nes
181 1698 335 1741 Laici
359 1697 650 1740 excludantur.
677 1695 723 1739 Si
748 1696 861 1737 enim
886 1709 936 1736 ex
962 1693 1111 1745 Laicis,
1139 1694 1424 1746 cujuscunque
1446 1694 1582 1733 status
1608 1694 1649 1733 et

84 1770 354 1821 conditionis,
393 1769 479 1810 sint
516 1768 607 1819 viri,
639 1767 810 1820 pietate,
843 1780 1059 1807 sacrarum
1087 1779 1230 1806 rerum
1257 1764 1553 1817 intelligentia,
1583 1779 1648 1805 sa-

83 1841 244 1897 pientia
287 1843 328 1883 et
371 1839 611 1894 prudentia,
649 1838 869 1890 modestia,
910 1837 1028 1890 pacis
1065 1835 1206 1877 studio
1246 1838 1287 1877 et
1325 1835 1648 1877 mansuetudine

83 1913 286 1967 insignes,
325 1911 494 1954 admitti
525 1912 567 1952 et
595 1910 792 1951 accedere
822 1910 1015 1962 possunt,
1046 1907 1118 1949 sed
1146 1907 1287 1949 vocati
1317 1921 1388 1948 seu
1418 1907 1470 1948 ab
1501 1906 1649 1949 Eccle-

84 1985 147 2027 sia
175 1984 322 2026 selecti
350 1985 391 2025 et
421 1982 551 2034 missi,
580 1982 696 2034 iique
725 1995 800 2022 suo
831 1980 978 2022 ordine
1008 1981 1050 2020 et
1077 1979 1203 2020 modo
1227 1978 1369 2031 rogati
1395 1978 1651 2020 sententiam

85 2057 234 2108 dicere,
275 2055 379 2107 (non
417 2054 529 2096 enim
566 2053 677 2095 dona
716 2055 758 2094 et
795 2051 986 2094 membra
1025 2050 1164 2092 otiosa
1202 2049 1318 2091 Deus
1356 2049 1579 2090 constituit
1605 2050 1650 2091 in

84 2126 306 2180 Ecclesia,)
336 2126 519 2168 maxime
547 2124 592 2166 in
621 2139 747 2166 causa
774 2123 885 2175 fidei,
911 2137 1019 2175 quae
1044 2124 1107 2163 est
1131 2121 1333 2163 omnium.
1360 2120 1651 2162 Veruntamen

84 2199 138 2241 ab
174 2199 258 2240 illis
295 2198 338 2239 in
375 2196 549 2251 publica
586 2196 668 2237 hac
704 2195 883 2245 actione,
916 2193 1139 2235 consilium
1169 2195 1210 2234 et
1239 2192 1464 2234 arbitrium
1491 2193 1648 2246 potius,

85 2285 214 2324 quam
250 2255 500 2322 suffragium
536 2266 781 2320 requiritur.
820 2264 1019 2306 Adfuisse
1050 2278 1150 2305 sane
1177 2263 1345 2316 plebem
1376 2262 1578 2314 Concilio,
1609 2266 1650 2305 et

83 2341 306 2395 Apostolis
342 2339 697 2393 Presbyterisque
734 2337 920 2379 astitisse
958 2338 1005 2377 ut
1035 2335 1250 2376 auditores
1281 2336 1322 2376 et
1350 2335 1493 2385 testeS,
1526 2336 1567 2375 et
1595 2333 1650 2374 si-

83 2412 216 2455 lentio
254 2411 403 2453 saltem
433 2424 523 2462 suo,
552 2409 589 2451 si
611 2423 697 2451 non
725 2423 840 2460 voce,
870 2407 1178 2461 approbatores
1206 2405 1347 2457 fuisse,
1379 2419 1648 2447 consensum-

56 2474 61 2478 ’
85 2498 167 2537 que
196 2481 454 2536 praebuisse,
482 2480 624 2522 videre
653 2482 717 2522 est
744 2479 892 2522 Actor.
923 2479 986 2529 15,
1018 2479 1078 2520 12.
1101 2478 1164 2519 22.
1189 2478 1252 2519 23.
1278 2476 1429 2529 Adque
1453 2476 1496 2518 id
1522 2476 1650 2518 etiam

85 2554 338 2609 comprobat
368 2552 603 2607 primarum
632 2553 673 2593 et
702 2550 980 2605 probatarum
1005 2548 1275 2602 Synodorum
1299 2547 1444 2601 praxis
1470 2550 1512 2589 et
1537 2561 1649 2599 usus,

83 2629 133 2669 ut
168 2627 214 2668 in
252 2624 440 2667 Concilio
478 2622 805 2678 Carthaginensi
842 2621 918 2662 sub
957 2619 1170 2674 Cypriano
1208 2619 1357 2672 liquet.
1387 2618 1555 2661 Interea
1583 2621 1649 2660 ta-

83 2712 182 2740 men
222 2699 263 2738 et
301 2695 504 2752 populo
535 2692 743 2735 Christi
771 2692 841 2734 hic
870 2706 992 2733 suum
1021 2707 1070 2733 ex
1100 2690 1242 2732 divino
1272 2690 1402 2732 verbo
1429 2689 1647 2743 judicium,

85 2769 158 2811 sed
195 2767 424 2821 privatum,
462 2766 618 2816 manet,
655 2779 708 2806 ne
747 2763 934 2806 humana
972 2762 1133 2816 placita
1161 2777 1239 2816 pro
1271 2761 1423 2803 divinis
1453 2761 1648 2816 accipiat,

56 2839 209 2890 ‚Matr
240 2839 276 2891 7,
308 2839 370 2880 12.

139 2909 276 2953 XXX.
305 2907 704 2962 Magristratus
734 2908 888 2959 autem,
919 2905 964 2947 si
992 2905 1344 2947 Christianus
1376 2906 1429 2946 et
1454 2903 1646 2946 Ortho-

87 2981 256 3024 doxus
296 2982 398 3032 est,
429 2978 613 3022 maxime
641 2993 841 3030 summus,
870 2977 941 3019 hic
969 2976 1229 3030 singularem
1257 2975 1467 3018 rationem
1494 2974 1647 3024 habet;
