1931 3224
529 96 594 138 DE
621 95 922 138 SArisrAcrmNE
950 94 1050 137 JESU
1079 94 1253 137 Cmusm.
1597 96 1675 136 283

111 226 312 270 factionis
357 223 629 274 ἀποτέλεσμα
677 223 719 262 61
756 234 861 274 010115
901 217 1139 272 θεκνδρικόν.
1181 218 1242 261 Ut
1282 219 1393 259 enim
1429 220 1675 261 incarnatus

114 301 190 349 est,
215 300 262 340 ut
290 298 400 338 65561
428 297 574 337 noster
603 293 859 345 redemptor,
888 292 950 333 ita
975 291 1103 332 etiam
1126 290 1347 342 utriusque
1372 292 1550 332 naturae
1573 305 1674 344 pro-

113 371 274 424 prietas
302 368 401 409 huic
432 366 545 408 actui
575 363 786 415 deserviit,
817 363 868 404 ab
896 362 1084 403 humana
1112 361 1309 414 pretium,
1335 376 1360 402 a
1385 361 1526 403 divina
1549 361 1675 414 hujus

113 440 243 495 pretii
268 438 484 492 quantitas
509 439 551 478 et
576 436 770 489 qualitas,
794 435 983 476 infinitas
1007 434 1180 485 scilicet,
1207 435 1247 474 et
1280 432 1453 482 οέξίωσις,
1480 448 1552 474 5611
1583 433 1676 486 dig-

112 513 225 554 nitas
269 510 426 552 existit.
469 509 592 551 Unde
634 522 711 561 per
752 507 959 560 Spiritum
985 508 1203 548 aeternum
1231 520 1319 547 sese
1349 505 1556 547 obtulisse
1583 504 1675 546 Deo

115 582 281 633 dicitur,
322 579 431 622 Heb.
475 581 511 631 9,
556 579 618 620 14.
663 581 703 620 et
758 578 1018 620 Dominus
1074 577 1292 631 gloriae
1349 576 1676 628 crucifixus,

115 656 136 697 1
168 654 260 696 Cor.
291 654 326 705 2,
357 653 394 694 8.

166 724 264 766 VII.
294 724 351 766 Et
381 722 552 776 quidem
580 721 623 762 id
651 720 870 774 praestitit
898 720 1087 761 volens
1128 722 1178 761 et
1215 722 1414 772 sponte
1444 735 1557 772 sua,
1588 721 1677 764 51116

114 796 200 838 ulla
230 794 461 845 coactione,
491 792 589 835 Esa.
618 793 681 843 53,
712 793 747 833 7.
779 790 1008 832 Oblatus
1047 793 1127 832 est
1166 792 1292 844 quia
1329 791 1447 844 ipse
1486 792 1676 834 voluit.

116 870 157 909 et
181 882 218 909 v.
244 867 306 908 10.
332 868 374 906 et
399 866 461 906 12.
486 863 679 906 Ρο51111
708 877 804 916 pro
835 864 1087 915 peccato,
1117 864 1167 903 et
1196 862 1433 903 tradidit
1465 863 1518 904 in
1546 878 1677 905 mor-

115 942 218 980 tem
252 938 481 979 animam
510 950 667 977 suam.
696 934 794 976 ζ1011.
827 934 980 986 10,15.
1011 933 1122 986 Ego
1152 948 1293 987 pono
1325 934 1552 976 animam
1582 949 1677 988 pro

117 1009 318 1051 ovibus.
358 1023 395 1049 v.
436 1007 498 1048 15.
536 1005 699 1047 Nemo
736 1005 898 1047 tollit
936 1019 1046 1046 eam
1085 1020 1108 1046 a
1146 1020 1241 1055 1116,
1281 1005 1370 1046 sed
1408 1020 1506 1059 ego
1535 1020 1678 1059 pono

116 1095 227 1121 eam
264 1094 288 1120 a
326 1077 662 1131 memetipso.
699 1075 824 1128 lpse
862 1078 1200 1129 potestatem
1239 1075 1411 1117 habeo
1440 1077 1679 1130 ponendi

116 1166 247 1203 eam,
278 1152 329 1191 et
357 1163 543 1191 rursus
573 1147 891 1188 assumendi.
922 1146 1098 1199 Deoque
1126 1148 1447 1201 promptissimo
1474 1149 1678 1201 obsequio

116 1221 327 1273 obediens,
363 1220 464 1262 Luc.
502 1221 564 1261 22.
596 1218 780 1271 Pater,
811 1219 854 1260 si
882 1219 1013 1261 fieri
1042 1222 1249 1272 potest,
1279 1221 1525 1263 transfer
1555 1222 1680 1263 cali-

117 1308 223 1335 cem
250 1293 414 1334 istum
443 1306 467 1332 a
495 1306 582 1332 1116.
611 1290 984 1333 Veruntamen
1011 1306 1113 1332 non
1143 1306 1254 1332 mea
1284 1291 1561 1343 voluntas,
1592 1292 1681 1333 sed

115 1368 207 1407 tua
244 1365 360 1406 fiat.
399 1363 498 1406 ι1011.
539 1364 601 1405 18.
631 1363 843 1405 Annon
871 1363 1050 1404 bibam
1079 1362 1330 1415 poculum
1362 1363 1502 1415 quod
1531 1363 1680 1404 dedit

115 1437 245 1478 mihi
296 1435 491 1477 Pater?
545 1434 655 1476 Phil.
699 1435 734 1486 2,
779 1435 815 1475 8.
859 1434 1057 1476 Factus
1102 1422 1366 1476 obediens
1408 1448 1577 1486 usque
1620 1434 1681 1476 ad

115 1511 357 1550 mortem.
397 1506 510 1548 Psal.
548 1507 612 1547 40.
653 1508 694 1547 61
730 1505 840 1547 Heb.
878 1505 940 1556 10,
970 1505 1006 1547 7.
1046 1504 1253 1558 Corpus
1284 1506 1500 1558 aptasti
1528 1505 1679 1556 mihi;

116 1579 260 1621 Tunc
297 1578 430 1630 dixi,
471 1592 590 1619 6006
628 1577 811 1618 adsum
850 1577 907 1617 ut
934 1575 1133 1618 faciam
1162 1575 1306 1617 Deus
1334 1576 1680 1618 voluntatem

119 1653 274 1692 tuam.

170 1721 288 1763 VIII.
333 1720 501 1762 Causa
542 1720 763 1761 interna
807 1719 977 1772 quidem
1017 1733 1124 1772 quae
1162 1718 1300 1760 Deum
1330 1719 1477 1770 movit,
1508 1720 1600 1759 tum
1629 1719 1682 1760 ab

118 1810 202 1837 una
238 1796 372 1849 parte,
410 1795 473 1834 est
510 1792 763 1845 benignitas,
805 1791 956 1844 gratia,
996 1790 1285 1833 misericordia
1315 1807 1362 1834 ac
1389 1788 1682 1844 φιλανθρωπία.

119 1869 160 1908 61
203 1865 518 1919 supereminens
561 1864 715 1905 caritas
757 1862 838 1904 Dei
881 1877 981 1916 erga
1024 1862 1233 1914 homines,
1277 1863 1376 1905 Joh.
1416 1864 1455 1914 3,
1496 1863 1559 1904 16.
1598 1861 1683 1904 Ita

120 1937 323 1980 dilexit
358 1936 500 1977 Deus
538 1935 807 1986 mundum,
848 1937 903 1976 ut
941 1934 1139 1976 Filium
1176 1951 1325 1977 suum
1364 1936 1529 1977 daret.
1559 1935 1681 1977 Rom.

119 2009 156 2060 5,
197 2009 259 2050 10.
299 2007 645 2049 Commendat
691 2006 832 2048 Deus
881 2006 1173 2049 caritatem
1217 2022 1362 2049 suam
1401 2022 1530 2061 erga
1566 2022 1682 2059 nos,

121 2080 260 2134 quod
298 2094 409 2121 011111
446 2081 769 2132 peccatores
807 2093 1068 2130 essemus,
1110 2078 1368 2120 Christus
1402 2093 1497 2131 pro
1527 2078 1684 2120 nobis

118 2153 366 2193 mortuus
406 2152 508 2199 est;
537 2151 628 2191 tum
658 2150 709 2191 ab
740 2151 884 2202 altera,
915 2149 996 2192 Dei
1020 2150 1203 2203 justitia,
1234 2151 1300 2192 oui
1330 2149 1527 2192 satisfieri
1557 2164 1685 2203 opor-

119 2222 250 2273 tebat,
291 2224 339 2262 ut
380 2220 670 2262 misericordia
713 2221 897 2263 exerceri
935 2222 1084 2275 possit,
1124 2223 1166 2263 et
1196 2221 1285 2273 ejus
1316 2220 1512 2262 effectum
1540 2234 1686 2262 conse-

121 2295 333 2346 queretur.
359 2292 439 2334 Est
464 2292 574 2334 enim
599 2292 669 2334 1110
692 2292 913 2344 utriusque
936 2294 1331 2346 temperamentum,
1348 2291 1472 2333 Rom.
1488 2292 1525 2342 3,
1542 2291 1604 2332 25.
1622 2292 1684 2332 26.

173 2364 246 2406 IX.
264 2363 514 2406 Causavero
540 2364 782 2416 interna,
809 2379 941 2417 quae
965 2364 1063 2406 Dei
1088 2364 1290 2406 Filium
1313 2362 1686 2406 JesumChris-

121 2439 233 2477 tum
268 2436 457 2487 movit,
496 2435 578 2476 fuit
616 2436 810 2478 similiter
846 2436 1074 2491 ineffabilis
1104 2437 1192 2490 ejus
1223 2451 1342 2478 amor
1372 2450 1472 2489 erga
1502 2450 1614 2486 suos,
1645 2438 1687 2477 et

123 2521 229 2559 quos
259 2507 296 2548 ei
326 2506 441 2548 dedit
468 2505 607 2559 Pater,
634 2507 731 2549 Joh.
763 2508 826 2559 15,
851 2509 914 2550 13.
943 2508 1056 2561 Ego
1087 2508 1258 2550 dilexi
1287 2523 1399 2559 vos,
1429 2508 1687 2559 majorem

122 2578 219 2619 hac
265 2578 557 2620 caritatem
599 2593 748 2621 nemo
788 2579 974 2631 habet,
1014 2595 1168 2633 quam
1205 2582 1261 2620 ut
1299 2580 1419 2632 quis
1459 2579 1688 2620 animam

123 2664 269 2690 suam
309 2651 478 2702 ponat
521 2664 617 2703 pro
660 2650 849 2692 amicis
888 2651 1012 2692 suis.
1051 2650 1163 2704 Eph.
1194 2651 1228 2700 5,
1259 2652 1293 2692 2.
1335 2649 1587 2691 Christus
1615 2649 1687 2692 di-

123 2721 260 2762 lexit
297 2736 414 2770 nos,
446 2723 496 2762 et
525 2720 761 2763 tradidit
791 2723 1145 2776 semetipsum
1174 2736 1271 2775 pro
1300 2721 1458 2763 nobis
1489 2721 1687 2763 oblati-

125 2806 296 2843 onem,
342 2794 392 2833 et
434 2792 712 2833 victimam
754 2791 878 2834 Deo.
925 2795 966 2834 et
1009 2808 1046 2834 v.
1090 2793 1154 2834 25.
1194 2792 1448 2834 Christus
1486 2793 1687 2835 dilexit

123 2862 450 2913 Ecclesiam,
495 2864 544 2903 et
584 2862 824 2904 tradidit
867 2878 920 2905 se
959 2878 1054 2917 pro
1097 2878 1164 2905 ea.
1205 2862 1295 2915 Gal,
1335 2865 1371 2915 2,
1410 2865 1472 2906 20.
1511 2863 1686 2906 Filius

124 2932 223 2974 Dei
260 2934 460 2974 amavit
498 2948 591 2984 me,
623 2935 673 2974 et
702 2934 940 2976 tradidit
970 2933 1325 2987 semetipsum
1355 2949 1452 2989 pro
1482 2950 1579 2987 me,
1609 2937 1686 2978 610.
