1931 3224
240 138 305 180 DE
332 138 616 181 MINISTRORUM
644 138 1033 181 Ecomsmsricoauiu
1062 138 1211 181 VOCAT.
1241 152 1288 180 ET
1317 138 1462 180 FUNc‘r.
1553 141 1630 181 4⁴57

72 263 250 315 demque
292 263 345 305 ad
385 279 509 305 usum
550 263 740 306 fidelium
782 263 1070 317 applicationi.
1108 263 1231 306 Unde
1269 262 1506 316 Prophetia
1537 277 1630 303 cum

70 349 273 376 manuum
299 335 585 389 impositione,
617 350 693 389 per
721 351 846 389 quam
875 335 977 377 olim
1000 335 1130 377 fiebat
1156 335 1367 377 ordinatio
1391 334 1632 385 Pastorum,

71 406 124 448 ab
153 405 364 459 Apostolo
395 407 681 460 conjungitur,
711 408 733 448 1
763 407 870 449 Tim.
899 407 937 459 4,
967 407 1029 448 14.

123 476 363 519 XXXVIII.
413 477 518 519 Post
571 480 766 531 tempora
817 478 1125 531 Apostolorum
1166 478 1408 531 Episcopus
1453 478 1632 531 collegio

71 546 424 601 Presbyterorum
451 549 733 603 praepositus,
764 548 1014 591 Pastoribus
1042 550 1184 591 electis
1210 564 1359 590 manus
1383 549 1633 602 plerumque

71 633 214 660 coram
251 618 357 661 facie
396 619 610 662 Ecclesiae
646 621 806 675 primus
835 620 1094 674 imponebat,
1126 620 1275 663 deinde
1306 620 1433 662 ceteri
1464 634 1632 672 quoque

70 688 329 743 Presbyteri,
355 691 585 732 secundum
610 690 823 734 Canonem
845 692 882 733 4.
906 691 1064 733 Concil.
1086 691 1456 744 Carthaginensis:
1482 690 1633 732 Pres—

69 759 231 814 byter
273 776 385 804 cum
429 762 738 815 ordinatur,
783 763 1061 816 Episcopo
1102 778 1215 804 eum
1252 762 1636 813 benedicente,

72 833 122 872 et
163 846 347 873 manus
392 848 555 886 super
597 836 759 887 caput
803 835 918 886 ejus
963 837 1210 880 tenente,
1251 834 1412 875 etiam
1453 848 1636 874 omnes

71 901 416 957 Presbyteri,
457 905 547 957 qui
583 907 907 958 praesentes
946 907 1091 957 sunt,
1122 919 1303 946 manus
1333 919 1455 945 suas
1479 905 1636 957 juxta

71 988 255 1017 manus
293 975 561 1029 Episcopi
598 991 756 1030 super
793 979 959 1029 caput
992 976 1147 1017 illius
1175 978 1416 1017 teneant.
1448 975 1635 1016 Tandem

72 1045 185 1087 solus
226 1046 467 1101 Episcopus
511 1048 740 1090 secundum
781 1047 1041 1100 posteriores
1084 1046 1273 1088 Canones
1315 1047 1636 1088 Ecclesiasticos

71 1117 155 1169 (ut
191 1119 442 1160 testatur
478 1118 582 1160 Leo
620 1119 673 1160 in
706 1119 963 1172 Epistola
992 1118 1052 1159 ad
1082 1118 1392 1171 Episcopos
1422 1116 1637 1159 Galliae

72 1190 123 1230 et
153 1187 498 1242 Germaniae)
530 1189 809 1243 Presbyteros
840 1192 882 1234 et
909 1189 1124 1231 Diaconos
1155 1189 1442 1231 consecrabat.

123 1259 320 1302 XXXIX.
361 1260 591 1303 Pastorum
629 1261 889 1314 electionem,
932 1276 1162 1314 eorumque
1200 1261 1512 1303 ordinationem
1543 1276 1637 1302 cum

72 1332 156 1373 toti
196 1331 471 1386 Presbyterio
516 1347 781 1375 communem
825 1348 913 1374 esse
958 1333 1148 1383 dicimus,
1188 1332 1240 1373 ad
1278 1331 1513 1374 Ecclesiam
1548 1334 1637 1385 jam

70 1403 195 1457 plene
237 1404 516 1445 constitutam
550 1404 810 1458 respicimus.
842 1403 955 1445 Nam
983 1404 1056 1445 ubi
1085 1404 1328 1457 hujusmodi
1358 1404 1546 1445 nondum
1577 1406 1639 1445 est

70 1473 272 1527 Ecclesia,
302 1475 363 1516 ibi
391 1476 614 1529 negotium
643 1475 748 1517 illud
779 1475 914 1526 aliter,
944 1489 1022 1528 pro
1053 1490 1098 1516 re
1126 1478 1238 1527 nata,
1270 1475 1360 1528 geri
1390 1477 1544 1528 potest.

124 1547 210 1589 XL.
239 1547 485 1600 Antequam
513 1547 618 1589 haec
648 1547 700 1589 ad
728 1549 971 1589 nostrarum
999 1546 1286 1588 Ecclesiarum
1310 1546 1637 1588 reformatarum

71 1619 272 1661 Pastores
302 1619 680 1671 accommodemus,
711 1633 861 1659 munus
892 1618 1004 1670 quod
1035 1617 1205 1668 obeunt,
1236 1617 1433 1670 primitus
1459 1631 1507 1657 ac
1533 1617 1639 1657 divi—

71 1691 186 1731 nitus
216 1689 462 1731 institutum
491 1705 592 1742 esse,
622 1704 701 1743 pro
732 1692 845 1731 certo
875 1689 1085 1742 ponimus,
1118 1703 1212 1729 cum
1241 1686 1468 1740 primariae
1496 1688 1639 1739 partes

72 1761 180 1803 sacri
218 1761 411 1814 ipsorum
448 1760 687 1812 ministerii,
726 1775 900 1802 normae
939 1760 1133 1802 omnibus
1167 1758 1429 1809 Pastoribus,
1461 1757 1513 1798 ab
1544 1758 1637 1810 ipso

72 1832 254 1885 Christo,
296 1832 420 1874 Matt.
462 1833 524 1885 28,
564 1833 626 1874 20.
668 1833 709 1873 et
748 1832 810 1883 18,
843 1832 903 1873 17.
934 1831 1231 1885 praescriptae,
1263 1829 1433 1871 omnino
1463 1844 1639 1882 respon-

73 1904 211 1956 deant,
253 1904 489 1957 cujusmodi
528 1906 627 1945 sunt
663 1918 772 1956 pura
810 1902 929 1944 verbi
958 1902 1090 1944 divini
1119 1901 1379 1956 praedicatio
1412 1901 1640 1943 secundum

72 1975 328 2030 Scripturas,
380 1975 575 2028 legitima
626 1973 998 2016 Sacramentorum
1049 1973 1376 2024 administratio,
1429 1974 1561 2021 recta-
1598 1975 1639 2014 et

72 2047 218 2089 sedula
248 2047 497 2100 disciplinae
525 2045 849 2088 Ecclesiasticae
878 2044 1136 2098 procuratio.

125 2118 232 2160 XLI.
262 2118 444 2160 Vocatio
475 2118 714 2171 primorum
744 2116 1010 2170 quorundam
1034 2115 1261 2157 Pastorum
1291 2115 1639 2166 orthodoxorum,

74 2190 147 2243 qui
198 2189 356 2232 Christi
406 2189 618 2231 Ecclesias
668 2188 792 2230 foeda
843 2187 1052 2240 quondam
1098 2186 1355 2228 Antichristi
1398 2185 1640 2228 idololatria

74 2261 249 2314 diraque
287 2260 512 2314 tyrannide
549 2259 806 2302 deformatas
836 2259 1076 2301 admirabili
1106 2258 1208 2310 zelo,
1238 2258 1331 2309 fide,
1363 2261 1404 2300 et
1432 2258 1641 2299 industria

73 2333 372 2384 reformarunt,
402 2332 561 2386 partim
588 2331 669 2373 fuit
700 2332 924 2382 ordinaria,
955 2331 1113 2385 partim
1143 2330 1491 2372 extraordinaria.
1520 2328 1642 2370 Ordi—

73 2404 206 2453 naria,
246 2406 455 2457 quatenus
494 2403 547 2444 ad
575 2417 667 2444 eam
695 2402 878 2454 fuerunt,
911 2404 983 2443 aut
1011 2401 1055 2442 in
1085 2400 1291 2453 Romana,
1322 2403 1395 2441 aut
1424 2400 1466 2440 in
1496 2399 1641 2441 Eccle-

75 2477 137 2518 sia
166 2476 310 2528 aliqua
340 2474 581 2524 reformata,
609 2473 806 2516 ordinati.
831 2473 1196 2524 Extraordinaria,
1223 2474 1430 2525 quatenus
1456 2473 1503 2511 ut
1529 2470 1640 2512 malo

77 2545 414 2589 extraordinario
458 2544 690 2587 remedium
730 2545 1115 2587 extraordinarium
1154 2543 1365 2594 afferrent,
1406 2542 1642 2584 extraordi—

75 2617 206 2659 nariis
236 2618 287 2659 ad
317 2617 434 2659 illam
462 2616 724 2658 functionem
756 2615 926 2658 dotibus
955 2615 1154 2656 instructi
1181 2615 1364 2656 fuerunt.

130 2688 259 2731 XLII.
299 2688 345 2731 Si
382 2702 482 2730 vero
522 2702 573 2729 ex
609 2687 696 2728 illis
725 2687 857 2740 aliqui
887 2687 931 2728 in
959 2687 1171 2740 principio
1202 2685 1518 2727 reformationis
1548 2685 1642 2727 abs-

77 2775 159 2813 que
200 2760 373 2814 praevia
413 2762 551 2802 certae
591 2758 806 2812 cujusdam
845 2757 1061 2799 Ecclesiae
1099 2756 1322 2799 vocatione
1359 2756 1643 2810 Evangeliuni

77 2830 236 2874 Christi
272 2831 388 2885 plebi
425 2831 530 2885 ipsis
569 2830 817 2872 reclamanti
855 2829 1178 2880 annunciarunt,
1218 2828 1281 2870 illi
1311 2829 1458 2870 eodem
1489 2829 1643 2882 spiritu

78 2903 131 2945 ad
158 2903 264 2945 illud
307 2918 413 2958 opus
456 2903 565 2946 sacri
605 2902 834 2944 Ministerii
873 2901 957 2943 acti
985 2901 1169 2952 fuerunt,
1200 2915 1283 2953 quo
1317 2900 1420 2943 olim
1449 2901 1642 2954 Apollos,

78 2972 226 3028 Cyprii
257 2977 298 3017 et
327 2974 544 3029 Cyrenaei,
575 2974 648 3028 qui
677 2973 779 3017 olim
807 2973 851 3015 in
880 2971 1141 3015 Judaeorum
1167 2971 1409 3026 Synagogis
1436 2975 1478 3014 et
1502 2987 1643 3014 coram
