1931 3224
256 124 334 166 536
825 121 1069 164 DisPu'rAno
1097 120 1248 163 XLVI.

309 245 445 289 XVII.
484 247 529 289 Si
567 246 763 298 dixerint,
802 246 917 299 quod
955 245 1105 297 solent,
1145 245 1397 287 sacrificium
1427 245 1587 289 Christi
1615 248 1743 290 semel
1771 249 1817 291 in

257 334 378 361 cruce
414 320 646 372 peractum,
685 317 877 369 quotidie
906 317 951 358 in
978 316 1110 358 Missa
1138 316 1390 369 continuari,
1421 332 1471 358 ex
1501 331 1549 359 eo
1577 319 1814 361 necessario

257 390 459 443 sequitur,
489 388 607 442 prius
639 387 797 429 Christi
825 388 1078 430 sacrificium
1108 402 1197 429 esse
1225 387 1534 441 imperfectum.
1565 387 1679 430 Nam
1703 389 1817 442 quod

258 461 542 512 continuatur,
572 460 762 501 nondum
791 461 1131 502 consummatum
1161 460 1236 510 est,
1268 461 1309 500 et
1338 459 1452 512 quod
1482 459 1709 512 aliquoties
1737 460 1817 501 ite-

256 534 386 584 ratur,
417 545 496 584 pro
530 530 781 585 imperfecto
819 531 1061 572 habendum
1101 532 1176 582 est,
1206 531 1280 571 aut
1307 544 1394 571 non
1421 530 1535 573 valet
1562 531 1675 573 ratio
1703 530 1817 585 Apo-

257 603 354 645 stoli
395 602 631 656 probantis,
674 602 806 643 Hebr.
848 602 885 643 9.
924 604 965 643 et
1005 601 1066 642 10.
1109 599 1325 643 Sacrificia
1357 600 1525 643 Veteris
1555 601 1818 661 Testamenti

256 676 487 729 propterea
512 673 641 715 fuisse
667 672 931 726 imperfecta,
963 671 1077 725 quod
1105 671 1274 725 saepius
1302 671 1572 714 iterarentur.

308 745 467 788 XVIII.
507 745 574 787 Ex
604 744 757 798 quibus
788 743 1090 795 concludimus,
1122 743 1355 786 ἀσύστατον
1388 758 1557 796 quoque
1586 757 1675 786 esse
1704 744 1818 786 Pon-

255 817 485 859 tificiorum
525 816 852 868 distinctionem,
895 815 1008 857 inter
1050 814 1303 857 sacrificium
1346 816 1482 857 crucis
1521 818 1741 857 cruentum
1778 819 1820 858 et

255 888 410 930 Missae
438 888 716 929 incruentum.
746 886 792 930 Si
822 886 934 928 enim
963 886 1099 928 omnis
1130 886 1290 929 oblatio
1320 887 1560 940 expiatoria
1583 888 1818 930 necessario

255 958 304 1000 fit
334 973 427 1000 cun]
457 957 661 1000 effusione
691 958 921 1010 sanguinis,
950 960 999 999 ut
1027 958 1163 1011 liquet
1188 973 1239 1000 ex
1262 958 1345 1000 hoc
1370 959 1583 1001 axiomate
1606 958 1818 1014 Apostoli,

256 1029 386 1071 Hebr.
426 1030 463 1081 9,
501 1030 564 1070 22.
601 1029 824 1082 Absque
861 1030 1151 1083 sanguinis
1193 1030 1473 1072 effusione
1513 1045 1619 1072 non
1646 1030 1718 1072 fit
1745 1045 1819 1072 re-

257 1100 471 1152 missio,
500 1100 633 1142 Missa
659 1101 778 1143 nullo
805 1101 932 1142 titulo
963 1101 1216 1143 sacrificium
1245 1101 1531 1155 expiatorium
1558 1101 1642 1143 dici
1665 1103 1820 1155 potest.

258 1173 377 1215 Haec
411 1174 632 1226 praeterea
670 1172 886 1214 distinctio
926 1186 976 1213 ex
1003 1172 1086 1213 ista
1114 1171 1365 1214 Bellarmini
1395 1172 1657 1215 confessione
1686 1172 1820 1215 refelli

259 1247 413 1300 potest,
452 1244 513 1287 In
551 1244 803 1287 Ecclesia
842 1247 925 1287 est
964 1260 1123 1287 unum
1158 1247 1371 1286 tantum
1407 1259 1590 1286 verum
1618 1259 1675 1287 ac
1703 1260 1820 1299 pro-

260 1317 438 1372 prium
467 1316 831 1369 sacrificium,
861 1315 969 1359 Lib.
995 1318 1032 1359 1.
1063 1317 1122 1359 de
1149 1317 1336 1369 Missa,
1367 1316 1820 1370 cap.2.Atqueillud,

260 1390 489 1432 confitente
524 1388 684 1430 ibidem
720 1389 996 1441 Bellarmino,
1037 1391 1100 1431 est
1138 1389 1390 1431 sacrificium
1429 1388 1586 1430 Christi
1621 1388 1666 1429 in
1700 1401 1820 1429 cruce

259 1463 491 1516 peractum,
530 1460 644 1513 quod
681 1459 820 1502 verbis
857 1462 980 1502 utens
1016 1459 1262 1513 Augustini,
1292 1459 1560 1501 verissimum
1590 1462 1632 1501 et
1659 1459 1821 1513 perfec-

259 1531 471 1573 tissimum
507 1534 738 1585 nuncupat.
778 1530 1064 1580 Quamobrem
1100 1530 1232 1572 Missa
1268 1530 1372 1572 illud
1411 1544 1501 1572 esse
1537 1529 1697 1583 nequit,
1728 1544 1822 1571 cum
1884 1526 1917 1547 ·³

261 1603 343 1644 duo
368 1617 414 1644 re
443 1602 619 1654 diversa,
644 1617 731 1644 non
755 1602 879 1644 simul
907 1602 993 1644 sint
1022 1602 1311 1655 coaequaliter
1338 1601 1561 1643 verissima
1588 1603 1628 1643 et
1657 1600 1822 1654 perfec-

259 1674 445 1724 tissima;
489 1673 555 1715 sin
591 1674 674 1715 duo
707 1673 812 1715 talia
840 1675 1082 1715 statuantur
1110 1673 1315 1715 sacrificia
1344 1672 1623 1726 inaequaliter
1652 1675 1694 1713 et
1724 1672 1822 1714 sub-

261 1744 466 1796 ordinate,
506 1743 665 1786 Christi
694 1743 948 1786 sacrificium
976 1744 1020 1786 in
1050 1759 1171 1786 cruce
1200 1746 1434 1798 peractum,
1462 1759 1548 1786 non
1575 1759 1719 1797 unum,
1749 1744 1822 1786 sed

260 1816 378 1870 prius
414 1816 719 1858 nominandum
763 1819 838 1869 est,
882 1819 923 1858 et
964 1816 1072 1859 falsa
1116 1817 1196 1858 erit
1237 1815 1438 1870 Apostoli
1481 1816 1669 1869 assertio,
1709 1816 1823 1870 quod

261 1887 452 1929 Christus
480 1887 609 1930 semel
638 1887 846 1929 duntaxat
875 1902 917 1930 se
947 1887 1164 1930 obtulerit.
1324 1938 1328 1942 ι

313 1958 429 2001 ΧΙΧ.
466 1958 558 2001 Nec
595 1958 878 2002 Bellarminus
916 1975 966 2002 ex
1006 1974 1183 2002 censura
1220 1962 1309 2002 tam
1337 1974 1450 2012 suae,
1480 1974 1607 2012 quam
1635 1961 1824 2002 anteces-

260 2045 404 2072 sorum
432 2045 606 2073 suorum
635 2030 827 2073 inscitiae
856 2031 940 2073 hoc
969 2031 1127 2085 effugio
1157 2031 1267 2073 elabi
1289 2033 1445 2085 potest,
1470 2030 1823 2073 Sacrificium

261 2102 461 2144 Missae
514 2116 628 2144 esse
680 2102 1026 2144 sacrificium
1078 2102 1615 2145 commemorativum
1657 2105 1707 2144 et
1747 2116 1824 2144 re-

262 2173 764 2226 praesentativum,
795 2173 923 2216 Guill.
952 2174 1114 2216 Alanus
1143 2174 1193 2216 de
1221 2173 1462 2216 Eucharist.
1492 2173 1639 2216 Sacrif.
1665 2172 1755 2215 Lib.
1786 2175 1822 2215 2.

263 2258 352 2297 cap.
393 2245 453 2285 11.
492 2243 690 2286 Bellarm.
729 2244 819 2286 Lib.
859 2245 895 2286 1.
934 2245 985 2287 de
1012 2244 1156 2297 Missa,
1186 2260 1276 2299 cap.
1306 2246 1342 2286 2.
1370 2243 1483 2286 Nam
1513 2245 1628 2297 quod
1657 2246 1720 2286 est
1748 2244 1825 2286 ali-

262 2316 381 2369 cujus
420 2316 480 2357 rei
510 2316 933 2358 commemorativum
963 2318 1005 2358 et
1032 2317 1453 2370 repraesentativum,
1481 2330 1568 2358 non
1595 2315 1732 2369 magis
1762 2317 1825 2357 est

262 2402 327 2429 res
365 2388 470 2440 ipsa,
512 2402 639 2440 quam
676 2390 845 2441 tempus
882 2387 1163 2441 praeteritum
1201 2390 1265 2429 est
1302 2402 1513 2441 praesens,
1553 2389 1626 2429 aut
1654 2387 1825 2440 signum

262 2473 329 2500 res
366 2458 546 2511 signata.
586 2458 849 2502 Sacrificium
886 2459 1033 2512 utique
1068 2462 1132 2501 est
1170 2459 1232 2501 rei
1266 2459 1501 2514 praesentis
1530 2458 1824 2512 perficiendae,

265 2531 612 2572 commemoratio
642 2531 704 2573 rei
731 2530 869 2573 factae
899 2534 940 2573 et
969 2532 1241 2585 praeteritae.

315 2600 409 2642 XX.
453 2600 599 2643 Tertia
640 2600 964 2644 Pontificiorum
1009 2602 1199 2654 assertio,
1237 2602 1296 2644 In
1334 2603 1502 2645 Missa
1539 2617 1735 2657 corpus
1775 2605 1826 2645 et

264 2673 490 2725 sanguis
530 2673 742 2715 Christi
770 2674 1145 2726 immolantur,
1175 2688 1261 2715 non
1289 2674 1427 2717 minus
1455 2675 1562 2716 falsa
1591 2677 1666 2726 est,
1697 2688 1825 2727 quam

265 2745 370 2785 duae
398 2745 709 2797 praecedentes.
735 2744 785 2787 In
811 2746 927 2788 omni
951 2746 1064 2788 enim
1088 2746 1293 2789 sacrificio
1320 2746 1434 2800 quod
1457 2761 1555 2789 vere
1579 2761 1627 2788 ac
1651 2745 1825 2799 proprie

264 2814 523 2869 immolatur,
549 2831 634 2858 non
664 2817 800 2859 solum
827 2817 1060 2870 requiritur
1089 2819 1138 2859 ut
1164 2818 1268 2859 illud
1298 2817 1421 2870 adsit,
1446 2817 1519 2860 sed
1545 2819 1594 2859 ut
1619 2816 1747 2859 etiam
1770 2816 1826 2858 sit

266 2886 457 2927 mortale.
495 2886 555 2928 At
592 2887 785 2930 Christus
824 2903 977 2943 corpus
1015 2904 1137 2931 suum
1176 2904 1197 2931 e
1234 2889 1359 2931 terris
1387 2889 1432 2931 in
1459 2888 1635 2931 tertium
1663 2888 1826 2931 coelum

266 2957 496 3008 transtulit,
526 2960 655 3010 atque
680 2960 732 3001 ab
758 2959 873 3002 omni
897 2961 1158 3003 mortalitate
1182 2961 1228 3003 in
1250 2963 1470 3004 aeternum
1493 2960 1684 3003 asseruit.
1711 2959 1825 3009 Quo-
