1931 3224
272 131 349 172 608
842 130 1083 175 DISPUTATm
1109 131 1258 175 XLIX.

273 254 462 296 Concilia
490 255 543 295 ab
571 254 735 307 aliquot
763 257 877 297 retro
908 257 1059 298 seculis
1088 257 1165 298 sub
1194 256 1474 299 Pontificibus
1499 257 1723 310 celebrata,
1749 258 1834 299 sint

272 326 480 378 habenda,
509 329 557 368 ut
586 340 694 378 quae
721 341 798 369 nec
827 327 1018 380 legitime
1043 330 1275 370 convocata
1298 343 1375 371 nec
1398 329 1480 370 rite
1502 328 1714 371 celebrata
1737 328 1835 371 sint.

789 665 949 708 Theod.
978 665 1069 708 Lib.
1101 667 1135 708 1.
1166 681 1256 721 cap.
1287 667 1323 709 7.

329 789 718 835 Constantinus
753 789 976 843 Magnus
1013 791 1067 832 in
1096 790 1344 833 Concilio
1374 790 1616 833 Nicaeno
1645 791 1837 833 Patres

275 862 505 904 affatur:
546 861 874 915 Evangelici
913 864 964 903 et
1003 861 1324 914 Apostolici
1351 862 1485 904 libri
1515 864 1565 904 et
1593 864 1839 904 veterum

274 933 677 987 Prophetarum
707 933 927 976 oracula
956 934 1246 987 perspicue
1274 949 1369 976 nos
1398 934 1680 986 erudiunt,
1712 934 1840 987 quid

276 1008 536 1060 oporteat
559 1005 617 1047 de
643 1004 753 1047 Deo
777 1008 977 1058 petere.
1000 1005 1233 1058 Abjecta
1255 1006 1432 1059 igitur
1456 1005 1838 1057 contentione,

276 1077 632 1119 dissidiorum
663 1080 713 1119 et
741 1077 1014 1120 bellorum
1043 1077 1354 1130 effectrice,
1379 1092 1402 1119 e
1431 1077 1614 1120 verbis
1644 1077 1840 1119 divini-

274 1151 362 1190 tus
400 1148 708 1203 inspiratis,
738 1149 1072 1192 solutionem
1103 1164 1285 1192 eorum
1313 1164 1448 1203 quae
1477 1151 1839 1203 quaeruntur,

276 1220 623 1274 accipiamus.

525 1363 794 1406 Justinianus
822 1364 975 1419 Imper.
1004 1364 1154 1407 Novel.
1182 1363 1402 1407 XXXVII.
1432 1379 1522 1418 cap.
1553 1364 1590 1405 4.

332 1488 552 1538 Quando
591 1492 769 1531 autem
806 1489 946 1542 quod
982 1490 1034 1531 in
1074 1489 1384 1532 Canonibus
1421 1491 1634 1531 cautum
1671 1490 1752 1529 est
1781 1487 1840 1528 de

278 1560 513 1613 Synodis
544 1561 1017 1603 sanctissimorum
1046 1561 1443 1615 Episcoporum
1470 1576 1565 1614 per
1593 1559 1840 1613 singulas

276 1631 601 1674 Provincias
642 1633 1070 1689 congregandis,
1108 1633 1387 1686 hucusque
1414 1632 1623 1674 minime
1661 1631 1841 1673 obser-

276 1705 458 1745 vatum
483 1703 1335 1758 est:illudimprimiscorrigere
1356 1706 1437 1746 est
1457 1703 1841 1745 necessarium.

277 1774 466 1817 Sancti
503 1774 680 1828 igitur
717 1775 978 1828 Apostoli
1017 1779 1068 1818 et
1105 1775 1299 1818 Patres
1329 1775 1729 1826 definiverunt,
1761 1774 1841 1815 bis

275 1846 329 1887 in
366 1860 694 1899 unoquoque
733 1861 869 1888 anno
897 1846 1027 1889 fieri
1057 1847 1249 1889 debere
1279 1846 1527 1900 Synodos
1558 1844 1841 1887 sanctissi-

276 1933 479 1960 morum
534 1917 887 1960 Sacerdotum
942 1918 995 1960 in
1046 1932 1371 1971 unaquaque
1423 1916 1739 1968 Provincia,
1791 1918 1843 1957 et

278 1991 623 2043 emergentes
649 2004 842 2031 causas
869 1988 1141 2041 excuti,et
1165 1991 1566 2042 competentem
1590 1988 1842 2041 accipere

278 2060 702 2113 correctionem,
759 2060 859 2102 hoc
913 2062 1014 2112 est,
1070 2075 1224 2101 unam
1276 2059 1489 2113 quidem
1535 2059 1594 2100 in
1646 2061 1842 2112 quarta

277 2135 499 2174 sanctae
539 2131 877 2185 septimanae
915 2130 1299 2184 Pentecostes,
1339 2130 1570 2173 alteram
1597 2145 1723 2174 vero
1754 2130 1842 2174 Oc-

274 2204 453 2246 tobris
482 2217 681 2256 mense,
712 2205 790 2245 etc.

686 2346 869 2401 August.
897 2346 1037 2400 Epist.
1068 2346 1156 2389 118.
1187 2347 1240 2389 ad
1267 2345 1442 2389 Januar.

332 2472 716 2516 Plenariorum
753 2471 1126 2515 Conciliorum
1162 2471 1449 2515 Ecclesiae
1483 2470 1843 2513 saluberrima

281 2547 359 2587 est
387 2544 712 2586 auctoritas.

557 2687 732 2741 Gregor.
760 2686 851 2729 Lib.
880 2687 915 2729 7.
944 2686 1082 2740 Epist.
1113 2687 1202 2729 110.
1231 2686 1283 2729 ad
1311 2686 1461 2740 Syagr.
1492 2688 1570 2730 etc.

333 2812 442 2854 Nec
469 2813 569 2855 hoc
599 2827 812 2866 quoque
836 2811 889 2854 in
917 2811 1013 2854 hac
1044 2811 1453 2859 sollicitudinis
1495 2812 1653 2865 parte
1681 2809 1842 2851 relin-

283 2884 521 2937 quimus,
577 2884 716 2937 quod
768 2883 831 2925 de
880 2883 1146 2925 habendis
1192 2898 1283 2937 per
1323 2881 1616 2937 parochias
1659 2877 1842 2921 Conci-

281 2953 397 3006 liis,
422 2954 642 2996 Patrum
664 2953 1042 3008 providentia,
1067 2953 1344 2996 utilitatis
1369 2967 1545 3005 causa,
1573 2950 1844 2992 sancitum

1924 776 1931 818 ἐ

1920 824 1931 834 ’1

1921 839 1931 874 Ξ

1920 877 1931 909 J

1922 910 1931 946 Ξ

1925 959 1931 970 i

1906 971 1931 995 Ἴ-ι
