1931 3224
318 139 382 181 DE
412 138 590 188 Qummm
618 137 761 180 FALSIs
789 137 1097 180 PONTIFIOIORUM
1127 136 1410 179 SACRAMENTIS.
1567 139 1645 179 555

88 263 292 305 cramenti
305 278 314 306 :
353 277 452 305 nam
491 263 685 316 quamvis
723 262 778 303 sit
816 263 928 304 inter
969 275 1039 303 eos
1070 260 1214 315 opinio
1244 259 1500 302 affirmativa
1529 274 1643 301 com-

86 335 238 387 munis,
297 334 521 388 Cajetanus
575 336 719 375 tamen
776 333 1022 387 oppositum
1078 334 1195 373 tenet
1248 332 1292 373 in
1336 331 1465 373 tertia
1511 333 1645 384 parte,

89 421 215 460 quem
251 406 355 448 Soto
386 420 481 446 cum
510 405 602 446 aliis
633 405 825 457 sequitur
837 420 846 455 3
874 406 1069 446 neutram
1100 403 1238 456 rejicit
1268 402 1524 445 sententiam
1552 401 1645 443 Em.

86 477 155 520 Sa.
210 477 255 518 in
307 476 591 529 Aphorismis.
644 475 811 517 Notant
865 477 1018 526 autem,
1072 475 1123 516 ad
1177 474 1404 515 essentiam
1455 473 1646 514 sufficere

86 548 324 590 balsamum
348 547 604 598 Indicum,
628 562 731 588 non
756 546 1134 588 Palaestinum
1158 545 1483 596 necessario,
1510 544 1646 586 sicut

86 633 191 660 non
218 618 392 660 refert
421 618 483 659 ad
512 618 1007 669 consecrationem,
1038 618 1110 658 sit
1139 633 1200 659 ne
1229 618 1411 658 vinum
1440 616 1646 659 Rhena-

86 705 205 731 num
245 705 306 731 an
345 688 618 731 Graecum.
658 688 842 742 Aegid.
883 689 941 730 cle
972 688 1237 740 Coninck,
1269 704 1307 741 q.
1336 689 1397 730 72.
1428 689 1578 730 artic.
1608 688 1646 729 3.

87 760 113 801 d
122 775 149 801 u
159 759 200 800 b.
232 760 267 800 1.

139 829 234 873 VH.
274 830 531 873 Unctionem
569 831 662 873 fieri
699 831 850 873 debere
884 831 928 872 in
959 832 1133 873 modum
1164 831 1311 883 crucis,
1339 831 1454 872 nulla
1481 830 1647 872 ratione

85 902 153 944 vel
190 901 444 943 auctoritate
482 902 679 955 probant,
719 903 790 944 sed
819 902 1134 944 convenientias
1162 902 1387 944 nonnullas
1415 901 1648 954 assignant,

85 975 146 1025 ut,
188 973 327 1026 quod
365 973 525 1014 datur
561 974 662 1016 hoc
700 974 1107 1017 Sacramentum
1144 989 1205 1015 ne
1245 974 1646 1023 erubescamus,

84 1045 205 1086 ideo
232 1045 443 1098 signum
465 1045 643 1088 fronti
668 1047 861 1087 debere
886 1045 1139 1099 imprimi.
1165 1045 1225 1087 At
1249 1046 1359 1086 unde
1373 1046 1501 1086 finem
1515 1044 1647 1085 talem

85 1115 350 1168 Sacramenti
377 1116 549 1168 habent,
580 1116 653 1168 qui
682 1117 737 1157 sit
764 1116 826 1157 illi
850 1117 1079 1169 proprius?
1100 1115 1358 1158 Unctionem
1373 1117 1516 1157 autem
1529 1115 1648 1156 illam

87 1202 182 1229 cum
233 1187 508 1240 impositione
559 1202 761 1229 manuum
813 1187 865 1228 ab
921 1187 1145 1240 Apostolis
1197 1189 1412 1241 usurpata,
1454 1189 1648 1238 tempore

85 1273 169 1311 quo
199 1259 455 1301 miraculosa
484 1257 672 1313 Spiritus
704 1258 849 1301 Sancti
878 1259 1086 1301 donorum
1115 1258 1270 1300 infusio
1295 1259 1340 1300 in
1363 1257 1556 1300 Ecclesia
1588 1258 1648 1299 vi-

85 1330 216 1384 gebat
255 1330 522 1382 confundere,
562 1345 738 1384 prorsus
775 1345 799 1371 a
838 1330 1061 1384 Scriptura
1094 1333 1135 1372 et
1165 1330 1331 1372 ratione
1361 1329 1546 1370 alienum
1571 1331 1645 1371 est.

88 1401 211 1452 Quod
249 1416 344 1443 cum
381 1401 667 1443 Bellarminus
698 1402 848 1443 asserit
878 1401 970 1444 Lib.
997 1403 1033 1443 2.
1066 1417 1098 1444 6.
1129 1402 1165 1443 8.
1194 1403 1293 1455 post
1320 1400 1578 1442 Valdensem
1607 1403 1648 1442 et

84 1473 199 1527 Hug.
231 1489 255 1515 a
283 1473 440 1516 Sancto
471 1473 660 1525 Victore,
690 1474 841 1515 uncti
855 1488 1028 1525 onem,
1057 1488 1084 1514 n
1098 1488 1264 1526 empe,
1296 1472 1647 1524 Chrismatis,

87 1547 138 1586 et
166 1559 349 1586 manus
378 1545 790 1598 impositionem
818 1544 956 1586 idem
987 1560 1122 1596 esse,
1153 1547 1204 1586 et
1228 1547 1517 1596 utrumque
1544 1543 1647 1597 sig-

83 1616 340 1668 nificare,
382 1616 488 1657 etsi
527 1616 760 1658 alterum
799 1617 1034 1669 exprimi
1072 1616 1346 1668 videatur,
1386 1615 1596 1657 refellitur
1625 1630 1648 1656 a

87 1687 294 1741 Gregorio
324 1687 374 1729 de
402 1687 570 1729 Valent.
602 1687 780 1739 dicente,
805 1688 916 1729 ritu
928 1703 970 1729 m
993 1688 1061 1729 im
1072 1703 1099 1741 p
1113 1703 1136 1730 o
1150 1688 1284 1729 sitio
1294 1687 1347 1728 ni
1359 1702 1377 1728 s
1400 1702 1443 1728 m
1454 1702 1478 1728 a
1489 1701 1517 1727 n
1527 1702 1556 1728 u
1566 1701 1593 1727 11
1604 1702 1647 1728 m

84 1759 258 1800 fuisse
297 1759 594 1811 aliquando
634 1760 687 1800 in
724 1759 975 1801 Ecclesia
1013 1759 1165 1800 velut
1206 1758 1468 1811 quandam
1507 1772 1647 1799 cere-

85 1831 316 1873 moniam
356 1830 597 1883 ejusdem
635 1830 1004 1883 Sacramenti,
1044 1830 1287 1883 quamvis
1318 1844 1429 1871 cum
1458 1829 1517 1870 de
1547 1828 1647 1871 SUB-

87 1918 250 1945 srANTIA
286 1917 390 1944 non
429 1902 623 1955 fuerit,
653 1903 871 1944 minime
900 1902 971 1944 sit
1000 1916 1222 1944 necesse
1253 1916 1363 1943 eam
1391 1901 1646 1943 retinere.

86 1974 151 2017 De
192 1989 305 2017 num.
349 1973 534 2017 Sacram.
579 1990 666 2029 cap.
706 1975 743 2016 3.
784 1989 892 2027 quae
928 1974 1111 2016 fratrum
1148 1973 1452 2015 Cadmaeorum
1488 1986 1563 2025 rep
1570 1985 1646 2026 ug-

86 2047 245 2098 nantia,
274 2046 390 2087 nulla
418 2049 509 2088 arte
537 2049 682 2100 potest
712 2046 939 2088 conciliari.

141 2117 257 2160 VIII.
282 2117 525 2159 Ridiculum
549 2120 670 2168 esset,
694 2118 776 2159 nisi
801 2117 915 2170 quod
939 2117 983 2159 in
1009 2132 1052 2158 re
1077 2116 1186 2158 seria
1210 2115 1352 2158 ludere
1376 2115 1506 2167 nefas,
1534 2115 1647 2167 quod

87 2190 138 2232 de
175 2190 311 2243 alapa,
353 2204 455 2242 qua
491 2204 645 2230 manu
680 2188 884 2230 leviter
921 2188 974 2229 in
1013 2187 1238 2229 maxilla
1277 2187 1339 2228 ab
1368 2187 1646 2240 Episcopo

88 2277 108 2304 6
121 2277 144 2303 a
161 2277 182 2303 e
194 2262 219 2303 cl
231 2262 246 2303 i
256 2263 274 2302 t
286 2276 313 2302 u
323 2276 344 2302 r
374 2261 660 2311 confirmatus,
690 2262 876 2313 nugatur
901 2258 1107 2301 Catechis.
1141 2259 1330 2301 Trident.
1360 2273 1450 2312 cap.
1474 2259 1511 2300 3.
1537 2257 1647 2300 Sect.

87 2334 151 2375 20.
180 2335 238 2374 ut
266 2332 600 2383 meminerit,
632 2347 683 2373 se
713 2334 990 2384 tamquam
1018 2331 1218 2373 fortem
1247 2330 1537 2382 athletam,
1563 2344 1648 2383 pa-

87 2406 269 2445 ratum
308 2418 424 2445 esse
464 2404 720 2456 oportere
749 2403 810 2444 ad
839 2402 1016 2444 omnia
1045 2402 1272 2444 adversa
1299 2401 1510 2443 invicto
1540 2400 1647 2442 ani-

88 2490 166 2517 mo
204 2489 299 2530 pro
338 2473 549 2516 Christi
576 2475 792 2516 nomine
821 2473 1070 2524 ferenda3
1102 2473 1223 2526 quasi
1252 2487 1352 2514 vero
1383 2472 1544 2514 ludicra
1572 2471 1649 2514 illa

88 2547 214 2598 actio,
253 2546 289 2587 si
319 2546 547 2599 quicquam
575 2545 848 2599 significaret,
877 2560 963 2587 non
992 2544 1135 2598 aptior
1165 2546 1276 2586 esset
1305 2544 1358 2585 ad
1388 2543 1648 2585 contrarium

87 2617 506 2671 repraesentandum,
547 2616 629 2658 nisi
666 2616 798 2658 velint
834 2616 1099 2670 Episcopum
1135 2631 1258 2657 suum
1293 2617 1385 2657 tum
1422 2630 1648 2668 personam

88 2689 261 2731 induere
299 2688 483 2746 Caiphae
523 2691 564 2730 et
603 2688 786 2730 aliorum
816 2687 973 2729 Christi
1002 2690 1336 2741 persecutorum,
1367 2687 1441 2740 qui
1470 2689 1648 2740 propter

90 2760 249 2803 Christi
275 2775 430 2802 nomen
458 2759 635 2813 injurias
664 2758 916 2802 Christianis
944 2760 1144 2812 inferunt,
1175 2760 1286 2814 quod
1313 2775 1337 2802 a
1360 2760 1539 2802 veritate
1562 2775 1648 2803 non

90 2835 199 2875 esset
226 2846 400 2886 prorsus
429 2832 625 2874 alienum.

142 2903 216 2946 IX.
254 2903 358 2946 Cum
396 2918 483 2946 non
522 2904 644 2956 entis,
684 2904 824 2952 nullae
863 2904 948 2945 sint
987 2903 1231 2946 affectiones
1259 2906 1334 2945 aut
1363 2904 1647 2957 operationes,

89 2989 175 3017 non
215 2978 278 3017 est
317 2976 429 3028 quod
468 2975 569 3017 huic
591 2975 791 3017 instituto
821 2974 1154 3019 Sacramentales
1188 2975 1351 3029 aliquos
1381 2976 1554 3019 effectus
1584 2990 1650 3017 as-
