1931 3224
273 129 352 170 614
882 127 1123 169 DISPUTATIO
1153 127 1196 169 L.

270 256 352 294 tur.
382 252 495 294 Nam
525 252 758 305 Apostolus
788 252 839 292 ad
863 253 933 304 jus
963 251 1151 293 divinum
1178 252 1424 306 respiciens,
1457 267 1625 294 omnem
1649 254 1834 296 animam

271 325 535 374 adhortatur,
575 322 696 364 Rom.
737 323 799 374 13,
840 324 875 363 1.
912 325 959 363 ut
997 337 1039 363 se
1077 323 1365 376 potestatibus
1402 324 1596 366 civilibus
1627 325 1837 378 subjiciat,

269 396 406 449 iisque
436 396 714 447 obtemperet.
739 394 827 435 Aut
853 408 954 447 ergo
982 394 1159 446 quilibet
1187 393 1371 436 Clericus
1398 394 1678 437 Romanensis
1696 397 1838 439 anima

273 469 387 507 caret
415 465 635 516 rationali;
666 468 752 517 aut,
782 466 818 506 si
848 480 895 507 ea
925 466 1145 519 praeditus
1176 468 1251 518 est,
1277 465 1432 508 horum
1457 481 1632 508 numero
1651 482 1839 521 compre-

270 537 482 588 henditur,
526 551 632 589 quos
676 536 909 589 Apostolus
955 537 1142 578 scribens
1185 537 1238 578 ad
1280 536 1497 579 Romanos
1537 540 1841 592 synecdochice

271 607 561 660 appellatione
591 608 727 649 omnis
757 608 922 649 animae
953 608 1161 661 designat.

325 677 462 720 XXII.
500 677 602 720 Non
632 678 891 732 ignoramus,
923 680 1129 732 quosdam
1159 680 1410 723 Pontificios
1441 696 1588 724 vocem
1618 683 1841 736 animae,

273 764 356 802 qua
401 749 538 790 utitur
582 749 831 803 Apostolus,
874 750 1148 803 interpretari
1189 751 1406 794 hominem
1452 753 1752 805 animalem,
1800 754 1842 796 id

272 823 346 872 est,
390 820 575 863 Laicum.
619 820 700 862 Sed
739 824 1052 875 praeterquam,
1092 823 1205 875 quod
1242 823 1348 865 11300
1387 824 1686 878 interpretatio
1723 826 1841 868 nullo

272 892 424 934 nititur
468 891 619 934 Sacrae
663 892 909 946 Scripturae
951 893 1213 944 testimonio,
1252 896 1381 948 atque
1420 896 1547 937 etiarn
1587 896 1841 939 Hebraismo

272 964 373 1005 viris
419 963 501 1005 Dei
543 964 717 1014 usitato,
757 980 840 1018 quo
883 965 1025 1007 anima
1069 967 1275 1021 accipitur
1318 981 1397 1020 pro
1440 967 1626 1020 homine,
1668 983 1843 1022 prorsus

272 1038 498 1089 repugnat,
538 1050 588 1077 ex
628 1051 717 1089 cap.
757 1037 821 1078 12.
862 1039 903 1078 et
941 1038 1004 1078 16.
1039 1037 1227 1090 ejusdem
1255 1038 1393 1091 Epist.
1420 1038 1472 1079 ad
1496 1038 1620 1080 Rom.
1651 1041 1842 1093 apparet,

275 1121 371 1147 eum
409 1107 726 1160 nuncupatione
765 1108 937 1149 omnis
975 1108 1205 1161 animae,
1243 1123 1388 1151 omnes
1417 1108 1608 1162 Sanctos,
1639 1111 1713 1163 qui
1742 1113 1844 1153 111110

275 1177 437 1219 Romae
481 1180 613 1230 erant,
651 1178 901 1231 intelligere,
940 1180 1193 1220 nominatim
1229 1195 1330 1221 vero
1369 1180 1585 1222 Ecclesiae
1623 1180 1843 1223 Ministros

276 1252 318 1290 et
347 1248 577 1299 Ministras,
606 1249 650 1290 in
680 1264 861 1302 quorum
891 1250 1087 1304 catalogo
1117 1251 1239 1304 ponit
1273 1251 1496 1294 Urbanum
1520 1255 1843 1306 cooperatorem

276 1337 399 1363 suum
439 1322 485 1363 in
528 1321 710 1374 Christo,
754 1321 1041 1376 Tryphanam,
1080 1321 1352 1376 Tryphosam
1391 1326 1432 1364 et
1469 1322 1698 1377 Persidem,
1738 1339 1845 1377 quae

276 1394 460 1435 multum
488 1394 742 1435 laborabant
770 1394 814 1435 in
842 1393 1042 1435 Domino.

331 1464 489 1506 XXIII.
536 1464 593 1506 Et
636 1480 747 1517 sane,
792 1480 876 1518 quo
919 1466 1106 1508 sanctior
1149 1468 1190 1508 et
1234 1466 1476 1520 religiosior
1519 1470 1581 1509 est
1623 1467 1844 1509 hominum

279 1537 619 1579 Christianorum
662 1538 844 1590 vocatio,
890 1552 938 1579 eo
983 1538 1170 1579 sanctius
1213 1540 1254 1579 et
1295 1538 1535 1592 religiosius
1572 1539 1640 1581 lex
1679 1539 1760 1581 Dei
1794 1540 1844 1582 de

279 1609 483 1661 obsequio
513 1608 840 1662 Magistratibus
870 1609 1127 1662 praestando
1153 1610 1206 1651 ab
1230 1610 1335 1664 ipsis
1361 1610 1578 1652 observari
1594 1610 1732 1664 debet,
1749 1626 1845 1653 011111

277 1695 354 1722 1100
393 1679 598 1732 Christus,
639 1681 712 1733 qui
740 1680 822 1722 fuit
851 1683 1072 1734 separatus
1099 1681 1151 1723 ab
1183 1682 1297 1723 omni
1326 1684 1514 1735 peccato,
1543 1682 1735 1735 ipsorum
1765 1683 1845 1724 im-

279 1753 445 1806 perium
474 1753 783 1804 detrectaverit,
813 1752 967 1794 Matth.
1000 1753 1062 1805 17,
1093 1753 1155 1794 27.
1186 1752 1284 1795 Joh.
1315 1753 1375 1802 19,
1402 1754 1464 1794 11.
1490 1768 1567 1795 1100
1582 1752 1844 1807 Sacerdotes,

279 1824 534 1878 Prophetae,
574 1827 615 1866 et
654 1824 853 1878 Apostoli
890 1824 1056 1877 priscae
1090 1824 1172 1866 Dei
1200 1824 1414 1867 Ecclesiae
1444 1825 1650 1879 singulari
1679 1825 1844 1868 ratione

280 1896 527 1939 consecrati.
554 1897 691 1949 Addo,
718 1897 831 1949 quod
847 1896 1082 1951 Apostolus
1100 1895 1262 1948 Petrus,
1281 1897 1397 1949 cujus
1413 1896 1611 1939 Pontifex
1627 1896 1846 1939 Romanus

279 1984 322 2010 se
367 1983 651 2010 successorem
685 1968 869 2022 jactitat,
906 1983 1050 2010 omnes
1090 1968 1244 2010 electos
1274 1967 1354 2009 Dei
1384 1968 1437 2009 ad
1466 1968 1847 2010 sanctificationem

280 2040 477 2094 Spiritus,
521 2040 674 2092 quibus
715 2038 864 2081 Clerici
902 2039 1035 2092 ipsius
1073 2039 1342 2081 annumerari
1382 2039 1542 2091 volunt,
1581 2039 1846 2092 adhortatur,

281 2113 301 2153 1
344 2111 433 2154 Ρο1.
473 2113 506 2161 2,
546 2112 607 2153 13.
640 2114 687 2153 ut
717 2126 760 2152 se
789 2126 876 2153 11011
905 2113 1073 2153 1311111111
1102 2111 1288 2162 summis,
1315 2111 1386 2152 sed
1417 2111 1544 2153 etiam
1575 2111 1846 2153 inferioribus

280 2184 605 2237 Magistratibus
635 2183 873 2235 subjiciant.

334 2253 491 2296 XXIV.
532 2255 654 2304 Quod
692 2258 869 2308 uterque
911 2255 1157 2309 Apostolus,
1198 2254 1350 2296 Petrus
1381 2257 1423 2296 et
1450 2253 1622 2306 Paulus,
1654 2254 1704 2296 de
1735 2254 1848 2306 civili

257 2329 448 2381 tantum
486 2328 701 2379 potestate
740 2327 948 2368 disserant
987 2327 1031 2368 in
1069 2326 1175 2368 locis
1216 2341 1343 2379 supra
1374 2326 1528 2377 citatis,
1553 2328 1646 2367 tum
1676 2341 1727 2367 ex
1758 2326 1846 2379 epi-

281 2398 403 2440 theto
442 2397 592 2450 liquet,
622 2397 886 2440 humanae
917 2397 1320 2449 ordinationis,
1351 2411 1434 2450 quo
1463 2397 1684 2450 politicam
1714 2398 1848 2439 admi-

281 2469 580 2512 nistrationem
617 2470 669 2511 ab
705 2469 1004 2512 Ecclesiastica
1040 2469 1192 2510 Petrus
1233 2468 1445 2520 discernit,
1486 2471 1578 2510 tum
1617 2484 1667 2511 ex
1705 2469 1846 2522 gladio

283 2557 368 2594 quo
398 2541 556 2583 Paulus
583 2540 888 2594 Magistratum
914 2540 1137 2594 politicum
1162 2544 1367 2593 tanquam
1393 2543 1589 2583 externae
1613 2541 1729 2594 pacis
1756 2556 1848 2583 cus-

282 2613 426 2655 todem
465 2627 513 2654 30
553 2613 764 2655 vindicem
797 2628 821 2655 a
850 2612 940 2663 Deo
972 2613 1180 2654 munitum
1215 2627 1304 2654 esse
1336 2612 1533 2664 affirmat,
1565 2611 1687 2654 Rom.
1719 2613 1781 2665 13,
1810 2613 1847 2654 4.

336 2684 469 2727 XXV.
516 2678 642 2726 Hunc
684 2684 818 2738 igitur
862 2684 1052 2726 ordinem
1090 2683 1319 2726 Politicum
1351 2684 1563 2726 divinitus
1603 2683 1848 2725 institutum

284 2771 482 2809 perverse
505 2757 724 2798 invertunt
750 2755 912 2808 Clerici,
939 2756 1011 2808 qui
1036 2771 1079 2798 se
1104 2755 1217 2797 illius
1242 2758 1457 2809 potestate
1483 2757 1694 2807 eximunt;
1721 2758 1848 2809 atque

286 2827 440 2879 injuste
477 2830 685 2881 usurpant
722 2827 1011 2869 Romanenses
1049 2827 1268 2882 Episcopi,
1310 2829 1383 2881 qui
1416 2829 1485 2881 jus
1514 2828 1755 2883 principum
1784 2843 1848 2870 se·-

288 2898 493 2939 cularium
520 2899 564 2940 in
593 2913 636 2940 se
665 2899 938 2951 transferunt,
969 2914 1045 2941 nec
1073 2914 1159 2942 non
1191 2898 1405 2951 Pontifex,
1433 2897 1507 2951 qui
1529 2912 1716 2939 summos
1742 2912 1848 2951 quo-

288 2983 368 3020 que
408 2968 661 3011 Monarchas
699 2984 774 3012 suo
812 2970 992 3024 imperio
1032 2970 1217 3023 subjicit,
1253 2984 1390 3022 neque
1420 2983 1490 3010 eos
1521 2968 1710 3021 gladium
1740 2971 1848 3010 tem-
