1931 3224
552 116 617 157 DE
646 115 879 158 D1son‘L1NA
906 113 1223 159 Ech'ESIAsTIcA.
1585 119 1662 161 589

103 239 446 293 communicatus,
490 240 681 294 sequitur
722 244 770 283 ut
813 242 863 283 de
904 241 1073 283 interna
1114 241 1318 283 nonnulla
1362 241 1490 283 etiam
1532 243 1663 296 subji-

103 309 274 352 ciamus.

154 380 265 423 LIII.
304 381 540 424 Statuimus
574 397 686 436 ergo,
719 398 815 425 eum
844 385 917 436 qui
946 384 998 426 ab
1028 387 1202 426 externa
1230 384 1445 427 Ecclesiae
1475 400 1662 428 commu-

100 453 228 495 nione
266 457 499 507 separatur,
529 455 582 496 ab
610 455 777 497 interna
806 456 1007 498 societate
1036 471 1161 509 quam
1190 456 1382 499 Ecclesia
1410 457 1540 499 habet
1568 473 1662 500 cum

101 524 284 578 Christo,
324 529 437 568 certa
476 526 604 568 etiam
641 528 806 569 ratione
844 528 1003 569 censeri
1041 528 1237 580 alienum,
1267 531 1322 577 et,
1353 530 1401 570 ut
1429 529 1662 582 Apostolus

102 596 305 649 loquitur,
344 596 526 639 Satanae
555 597 783 640 traditum:
815 599 914 650 quia
944 601 1063 640 extra
1093 598 1329 641 Ecclesiam
1357 599 1536 642 Satanas
1564 615 1660 654 reg-

45 697 49 699 -
99 682 202 709 num
230 667 408 719 obtinet,
440 671 481 710 01
509 667 624 710 Deus
653 684 739 711 11011
767 669 849 710 nisi
877 669 1010 711 iratus
1039 673 1080 712 et
1107 671 1246 723 justus
1275 674 1546 725 peccatorum
1574 672 1667 714 vin-

100 738 179 780 dex
207 739 469 792 apprehendi
497 742 654 793 potest.

152 809 260 853 LIV.
300 810 379 852 Est
408 813 550 852 autem
578 811 683 853 haec
710 811 896 865 privatio
926 812 1118 854 internae
1147 827 1241 854 cum
1271 812 1441 855 Christo
1474 828 1662 855 commu-

97 882 237 923 nionis
276 882 444 936 dupleX,
482 898 566 924 una
602 885 799 936 respectu
834 884 998 937 gratiae
1028 883 1276 937 praesentis,
1306 876 1439 926 altera
1467 889 1662 939 respectu

96 951 277 995 futurae.

149 1023 237 1066 LV.
280 1024 492 1080 Respectu
529 1026 764 1079 praesentis
803 1028 876 1078 est,
920 1041 1003 1079 qua
1039 1026 1168 1068 homo
1208 1027 1408 1069 adversus
1446 1028 1661 1070 Ecclesiae

96 1095 407 1138 admonitiones
437 1100 678 1149 contumax,
708 1099 837 1150 prout
867 1097 989 1150 signa
1012 1100 1185 1139 externa
1208 1097 1366 1140 favoris
1392 1098 1472 1141 Dei
1498 1102 1540 1141 et
1563 1100 1661 1153 pig·-

56 1188 59 1189 ⁷
94 1180 200 1208 nora
238 1167 401 1220 gratiae
431 1168 469 1209 ei
497 1171 720 1222 negantur,
750 1168 812 1210 ita
840 1168 969 1210 etiam
996 1169 1164 1210 interna
1191 1168 1350 1211 favoris
1380 1171 1511 1212 divini
1539 1171 1661 1213 testi-

94 1238 238 1280 monia
277 1252 301 1279 a
338 1238 430 1281 Deo
469 1239 551 1293 ipsi
592 1239 850 1291 adimuntur,
891 1254 940 1281 ac
979 1239 1156 1294 proinde
1186 1255 1272 1282 non
1301 1240 1382 1282 nisi
1411 1241 1550 1283 Deum
1579 1242 1660 1284 sibi

92 1309 250 1351 iratum
281 1312 323 1351 et
352 1325 376 1351 a
405 1326 448 1353 se
478 1311 711 1353 alienatum
740 1313 883 1365 potest
912 1311 1244 1365 apprehendere,
1275 1313 1476 1365 quamdiu
1502 1314 1547 1354 in
1575 1314 1658 1355 isto

96 1383 211 1423 statu
239 1385 492 1435 perseverat.

149 1451 258 1495 LVI.
302 1453 394 1495 Nec
436 1456 580 1496 tamen
621 1455 850 1507 propterea
892 1454 1083 1506 sequitur
1125 1455 1238 1507 quod
1282 1456 1454 1507 quidam
1495 1456 1659 1507 volunt,

99 1525 305 1577 ejusmodi
342 1524 560 1567 hominem
597 1525 809 1579 tantisper
848 1541 871 1566 a
909 1525 1001 1567 Deo
1039 1525 1165 1580 plane
1203 1541 1293 1568 esse
1330 1527 1556 1579 abjectum,
1586 1531 1660 1569 aut

97 1597 213 1638 omni
250 1596 389 1650 gratia
425 1596 635 1638 habituali
672 1597 908 1639 necessario
949 1611 1037 1638 esse
1064 1598 1294 1640 nudatum:
1326 1598 1425 1651 quia
1452 1598 1548 1640 finis
1576 1598 1658 1641 Ec-

95 1667 246 1709 clesiae
284 1668 344 1709 sic
378 1668 621 1721 judicantis,
660 1668 774 1721 quod
809 1668 1017 1721 judicium
1045 1671 1087 1710 et
1117 1683 1141 1709 a
1170 1668 1260 1710 Deo
1288 1669 1334 1710 in
1362 1669 1488 1711 coelis
1517 1673 1658 1712 ratum

93 1738 288 1790 habetur,
330 1755 417 1781 11011
458 1742 522 1781 est
564 1739 762 1793 perditio,
807 1740 880 1781 sed
922 1740 1034 1781 salus
1076 1739 1282 1782 hominis:
1325 1756 1401 1782 nec
1439 1741 1656 1783 denotatio

96 1810 211 1862 quod
239 1809 355 1852 Deus
384 1810 601 1853 hominem
630 1811 751 1853 illum
781 1811 909 1864 plane
939 1811 1153 1864 abjecerit,
1183 1811 1255 1853 sed
1285 1813 1398 1864 quod
1421 1827 1518 1855 caro
1544 1816 1657 1855 0310-

93 1895 172 1922 nus
201 1881 441 1924 dominetur
470 1882 652 1936 spiritui,
682 1885 730 1924 ut
759 1897 845 1924 non
872 1882 955 1924 nisi
985 1885 1174 1924 extremo
1202 1882 1284 1925 hoc
1311 1883 1496 1925 remedio
1525 1884 1569 1925 in
1592 1884 1658 1925 in-

92 1955 262 2007 tegrum
290 1954 459 1996 restitui
487 1955 635 2008 possit,
666 1955 1021 2007 quemadmodum
1045 1955 1173 1996 verba
1196 1954 1397 2009 Apostoli
1422 1955 1534 1997 clara
1559 1958 1658 1997 sunt

95 2024 114 2064 l
158 2023 251 2066 Cor.
289 2025 325 2076 5,
364 2025 400 2066 5.
438 2025 520 2067 1100
548 2025 641 2067 fieri
671 2026 732 2066 ad
762 2026 1074 2078 interitum,
1104 2026 1146 2067 id
1177 2029 1252 2078 est,
1282 2027 1655 2068 mortificationem

95 2095 296 2148 carnis,
324 2099 372 2138 ut
401 2096 634 2149 spiritus
663 2097 867 2149 salvus,
896 2097 939 2138 id
969 2100 1044 2148 est,
1074 2097 1267 2150 superior
1294 2097 1381 2149 fiat,
1406 2097 1450 2138 in
1475 2097 1541 2139 die
1567 2097 1656 2139 Do-

92 2166 208 2208 mini.
246 2166 314 2208 Ex
349 2181 432 2220 quo
460 2167 698 2208 necessario
729 2168 933 2220 sequitur,
966 2183 1017 2209 ex
1044 2167 1259 2209 Ecclesiae
1289 2168 1656 2210 excommunican-

91 2237 148 2278 tis
181 2237 341 2290 judicio
380 2237 553 2290 aliquod
581 2237 756 2291 spiritus
786 2252 941 2289 semen,
972 2238 1051 2279 etsi
1081 2253 1332 2291 oppressum
1360 2239 1504 2291 lateat,
1532 2240 1576 2281 in
1606 2255 1654 2281 eo

92 2323 324 2364 superesse,
355 2309 468 2362 quod
495 2309 577 2350 hoc
606 2309 810 2351 acerrimo
841 2311 989 2351 contra
1019 2324 1188 2352 carnem
1212 2310 1398 2352 remedio
1425 2311 1477 2352 ab
1502 2311 1654 2352 ultimo

91 2379 269 2421 interitu
295 2379 601 2421 vendicandum
632 2383 708 2423 est.

145 2449 276 2492 LVII.
319 2449 410 2492 Nec
450 2451 547 2493 inde
585 2451 713 2493 etiam
752 2452 955 2504 sequitur,
991 2452 1209 2496 hominem
1246 2454 1453 2508 ejusmodi
1492 2454 1536 2495 in
1572 2453 1654 2496 Dei

91 2523 314 2576 proposito
357 2522 485 2575 plane
527 2537 615 2564 esse
657 2523 881 2576 abjectum.
926 2523 1034 2573 Quia
1071 2524 1187 2567 Deus
1224 2541 1300 2579 per
1337 2526 1418 2568 hoc
1455 2525 1654 2567 ultimum

91 2593 320 2635 remedium
373 2609 467 2635 eum
513 2594 650 2635 adhuc
695 2594 748 2635 ad
792 2594 1127 2648 resipiscentiam
1171 2599 1308 2649 vocat,
1357 2600 1398 2639 et
1433 2600 1651 2650 tamquam

89 2663 278 2716 fratrem,
323 2664 402 2706 etsi
439 2679 460 2706 e
496 2664 657 2707 familia
695 2666 886 2719 ejectum,
925 2667 1090 2709 moneri
1126 2668 1229 2720 vult,
1267 2669 1291 2709 2
1328 2668 1474 2710 Thess.
1512 2669 1549 2721 3,
1590 2670 1651 2711 15.

92 2736 448 2789 quemadmodum
476 2738 599 2789 pater
627 2751 757 2789 quum
784 2737 920 2779 filium
949 2741 1240 2780 contumacem
1271 2753 1292 2780 e
1316 2739 1442 2781 domo
1468 2754 1544 2781 sua
1569 2740 1652 2792 eje-

93 2807 162 2860 cit,
202 2823 382 2861 eumque
411 2811 644 2861 conspectu
672 2823 760 2860 suo,
789 2811 864 2850 aut
889 2809 1091 2851 familiari
1120 2810 1449 2853 domesticorum
1479 2826 1652 2853 conver-

92 2879 256 2921 satione
292 2879 455 2933 privat3
495 2879 574 2920 etsi
612 2879 736 2932 signa
773 2880 916 2921 omnia
954 2883 996 2922 et
1033 2896 1200 2923 sensum
1230 2882 1386 2924 amoris
1415 2898 1464 2925 ac
1492 2882 1650 2924 favoris

90 2951 258 3005 paterni
294 2950 332 2993 ei
361 2950 533 3002 adimat,
561 2952 610 2992 ut
636 2950 718 2993 hoc
745 2951 930 2994 remedio
960 2966 1055 2994 eum
1083 2952 1136 2994 ad
1163 2952 1499 3007 resipiscentiam
1527 2954 1651 2995 redu-
