1931 3224
569 151 633 193 Dr,
660 148 880 192 LIBERTATE
912 145 1166 188 Onmsmm..
1573 135 1650 177 361

145 280 260 323 XIV.
302 279 402 322 Non
443 279 600 321 idcirco
641 276 780 329 legem
822 283 1127 326 supervacuam
1168 280 1257 309 esse
1300 265 1510 314 docemus,
1551 259 1654 313 quin

43 348 46 350 ’
93 355 238 409 potius
268 352 505 395 doctrinam
528 351 616 403 ejus
640 348 862 389 immotam
886 347 927 386 et
952 340 1237 385 obedientiam
1261 351 1351 379 esse
1374 331 1655 376 necessariam

95 425 303 476 omnibus,
342 423 579 473 statuimus,
618 423 660 462 et
698 433 790 461 eam
820 417 988 458 demum
1017 427 1160 455 veram
1187 410 1432 451 libertatem
1461 402 1656 458 agnosci-

93 511 198 548 111115,
252 510 346 537 011111
395 494 487 535 Deo
535 491 763 534 secundum
803 485 1116 541 praescriptum
1156 481 1264 535 legis
1307 480 1394 531 ejus
1436 476 1655 518 servimus.

95 568 341 621 Propterea,
384 565 428 606 in
469 563 691 616 Scriptura
731 560 912 602 liberum
955 571 1043 599 esse
1087 557 1128 596 et
1169 553 1261 594 Deo
1306 550 1474 599 servire,
1516 546 1657 589 verbis

97 639 296 681 differunt
336 636 519 689 quidem,
558 633 629 675 sed
666 632 807 684 reipsa
843 630 954 671 idem
984 628 1094 676 sunt,
1124 625 1145 666 1
1176 623 1268 665 Pet.
1298 624 1335 673 2,
1366 622 1428 662 16.
1458 619 1516 660 Et
1545 618 1657 659 Pau-

95 710 160 751 lus
196 709 320 751 Rom.
358 708 395 758 6,
434 706 497 747 18.
536 705 780 746 libertatem
809 700 1093 743 Christianam
1122 696 1165 737 in
1195 694 1472 737 servitute
1497 688 1657 743 justi-

95 781 206 822 tiae
243 778 477 821 constituit.
515 775 594 817 Est
626 774 760 827 igitur
787 787 886 825 pars
914 768 1136 819 libertatis,
1167 765 1280 820 quod
1308 763 1472 817 Spiritu
1501 761 1657 803 Sancto

97 850 256 902 donati,
296 848 426 891 efficit
453 847 497 888 in
525 846 661 897 nobis,
691 847 739 886 ut
769 844 920 897 legem,
951 841 1030 883 etsi
1058 854 1145 881 non
1175 837 1301 889 omni,
1331 849 1487 888 magna
1515 836 1660 874 tamen

98 938 148 964 ex
199 922 335 975 parte,
387 918 661 972 impleamus3
706 917 747 957 et
789 913 901 967 quod
945 926 1020 965 per
1064 909 1201 952 carnis
1243 906 1550 955 infirmitatem,
1592 902 1661 944 vel

99 992 346 1041 omittimus,
390 991 456 1033 vel
499 992 646 1032 contra
685 1002 777 1029 eam
815 983 1134 1033 committimus,
1172 979 1360 1033 perfecta
1397 975 1659 1029 impletione,

99 1080 206 1118 quae
249 1064 380 1106 solius
423 1065 486 1103 est
523 1060 694 1111 Christi,
733 1058 856 1100 nobis
895 1056 1118 1109 imputata,
1158 1052 1226 1094 vel
1263 1065 1341 1104 pro
1371 1064 1458 1090 non
1488 1046 1662 1097 omisso,

100 1136 164 1179 vel
191 1150 270 1189 pro
300 1148 386 1176 non
415 1133 638 1175 commisso
666 1129 887 1172 habeatur.

151 1205 244 1248 XV.
287 1205 384 1247 Etsi
426 1217 529 1259 ergo
565 1202 689 1244 liberi
730 1202 815 1242 sint
854 1214 878 1240 a
914 1199 1009 1251 lege
1047 1195 1198 1246 renati,
1237 1194 1444 1246 quatenus
1482 1189 1549 1231 vel
1587 1203 1664 1241 per

100 1293 192 1320 eam
230 1276 447 1331 quaeritur
479 1274 742 1328 justificatio,
781 1272 846 1313 vel
882 1272 1089 1323 quatenus
1119 1266 1393 1309 condemnat:
1424 1276 1522 1303 suos
1551 1259 1663 1302 nihi-

98 1349 282 1391 lominus
321 1338 434 1401 apud
467 1360 537 1387 eos
567 1358 666 1386 usus
693 1343 836 1394 habet,
867 1356 962 1383 cum
992 1340 1115 1382 docet
1145 1352 1252 1391 quae
1281 1335 1366 1377 sint
1392 1334 1505 1375 bona
1534 1346 1665 1385 opera

99 1422 143 1462 in
173 1419 326 1473 quibus
355 1417 572 1460 ambulare
601 1415 795 1466 debeant,
827 1427 982 1465 eosque
1012 1410 1159 1464 dirigit
1187 1411 1235 1450 ut
1263 1409 1377 1450 intra
1401 1407 1536 1447 metas
1560 1402 1665 1444 recti

99 1492 264 1533 itineris
316 1490 590 1540 retineantur,
644 1487 742 1530 dum
793 1485 930 1527 0011115
972 1484 1228 1525 vetustatem
1270 1478 1477 1530 reliquam
1518 1476 1564 1516 in
1605 1475 1664 1516 eis

101 1563 256 1617 arguit,
294 1560 661 1614 imperfectionem
697 1557 921 1599 inchoatae
959 1555 1004 1596 in
1033 1554 1092 1596 eis
1121 1551 1383 1595 obedientiae
1412 1549 1593 1598 accusat,
1623 1548 1665 1588 et

100 1633 356 1675 humilitatis
400 1633 652 1685 argumenta
695 1628 900 1682 suggerit,
939 1641 992 1668 ne
1030 1625 1083 1667 ad
1117 1623 1309 1678 justitiae
1338 1620 1538 1675 propriae
1567 1633 1664 1672 per-

101 1706 342 1748 suasionem
369 1704 572 1747 ferantur.

154 1776 270 1819 XVI.
315 1776 375 1819 Ut
419 1789 520 1829 ergo
561 1774 726 1815 furores
770 1771 1102 1813 Antinomorum
1140 1767 1367 1820 rejicimus,
1412 1765 1484 1817 qui
1528 1764 1666 1816 legem

101 1849 306 1891 moralem
356 1862 407 1888 ex
448 1845 642 1888 Ecclesia
682 1841 1027 1898 proscribendam
1070 1842 1111 1881 et
1153 1836 1453 1880 eliminandam
1496 1836 1668 1877 censent

104 1921 211 1974 (sine
249 1920 366 1973 cujus
404 1917 634 1969 doctrinae,
674 1915 718 1956 in
748 1930 806 1966 ea,
836 1913 1002 1955 illibata
1030 1910 1361 1960 conservatione,
1390 1908 1457 1949 vel
1486 1905 1666 1948 articulo

104 1993 154 2035 de
187 1984 505 2045 justificatione,
536 1988 602 2030 vel
631 1986 847 2029 doctrinae
878 1986 928 2027 de
958 1983 1080 2026 bonis
1112 1981 1325 2036 operibus,
1355 1982 1428 2021 aut
1457 1979 1507 2020 de
1537 1977 1667 2031 origi-

104 2064 190 2106 nali
227 2065 413 2118 peccato,
451 2061 520 2102 vel
559 2060 608 2102 de
631 2059 772 2100 'libero
803 2057 994 2107 arbitrio,
1025 2069 1144 2097 suam
1172 2055 1367 2095 constare
1395 2065 1521 2105 posse
1550 2049 1668 2102 puri-

104 2137 239 2176 tatem
281 2136 322 2175 et
357 2132 651 2185 integritatem
684 2130 907 2183 negamus)
948 2128 1008 2169 510
1041 2128 1136 2180 jure
1176 2125 1225 2167 de
1256 2123 1391 2166 atroci
1418 2121 1668 2164 Bellarmini

106 2204 317 2248 calumnia
359 2202 668 2255 conquerimur,
711 2216 794 2254 qua
830 2214 908 2242 nos
946 2198 1187 2240 libertatem
1224 2195 1510 2237 Christianam
1546 2193 1591 2234 in
1620 2206 1668 2233 eo

107 2276 376 2327 constituere,
418 2273 636 2324 mentitur,
680 2272 794 2325 quod
835 2271 965 2313 homo
1003 2269 1260 2323 justificatus
1303 2267 1397 2317 fide,
1441 2265 1548 2306 nulli
1584 2264 1671 2317 legi

108 2349 323 2402 subjaceat
364 2347 409 2388 in
452 2345 722 2396 conscientia,
767 2343 840 2385 sed
881 2342 990 2384 liber
1029 2357 1052 2382 a
1091 2340 1234 2382 debito
1273 2338 1380 2392 legis
1417 2336 1669 2390 implendae,

108 2419 250 2462 omnia
287 2433 365 2472 pro
394 2415 732 2459 indifferentibus
758 2415 927 2466 habeat,
956 2427 1094 2466 neque
1122 2409 1375 2466 praeceptis,
1405 2421 1543 2460 neque
1571 2420 1672 2460 pro-

107 2491 269 2542 hibitis,
299 2489 390 2532 Lib.
417 2489 455 2530 4.
486 2489 536 2529 de
563 2486 707 2529 Justif.
737 2501 826 2541 cap.
859 2486 893 2527 1.
924 2487 966 2527 et
995 2484 1031 2526 5.

160 2560 295 2603 XVII.
333 2561 371 2601 3.
411 2558 640 2600 Libertatis
683 2557 871 2600 omnium
909 2556 1099 2598 fidelium
1138 2553 1372 2596 communis
1410 2552 1515 2593 haec
1544 2550 1673 2592 etiam

109 2647 207 2686 pars
247 2631 343 2684 fuit,
386 2634 427 2673 et
470 2630 550 2672 erit
590 2644 724 2682 usque
761 2628 814 2670 ad
852 2627 1261 2670 consummationem
1300 2623 1441 2675 seculi,
1481 2623 1595 2676 quod
1627 2623 1673 2665 in

110 2704 234 2746 rebus
272 2703 325 2744 ad
353 2703 514 2744 cultum
542 2701 623 2743 Dei
650 2699 974 2754 pertinentibus,
1006 2701 1048 2741 et
1077 2698 1186 2740 circa
1216 2711 1320 2750 quas
1350 2698 1468 2738 actus
1498 2695 1673 2748 religio-

109 2775 189 2826 nis,
219 2789 326 2828 quos
355 2774 520 2816 elicitos
548 2775 714 2824 vocant,
743 2774 975 2823 versantur,
1003 2770 1055 2812 ab
1081 2769 1197 2812 omni
1220 2768 1500 2810 traditionum
1523 2766 1674 2809 huma-

111 2861 261 2889 narum
294 2847 400 2900 jugo
439 2845 593 2886 liberas
633 2844 820 2886 habeant
859 2842 1158 2892 conscientias3
1197 2855 1292 2882 cum
1330 2839 1459 2882 solius
1496 2838 1578 2880 Dei
1607 2837 1673 2890 sit,

112 2932 179 2959 res
209 2917 261 2959 ad
287 2916 539 2969 religionem
567 2914 829 2968 pertinentes
858 2912 1160 2968 praescribere,
1190 2927 1238 2953 ac
1266 2910 1446 2965 proinde
1466 2910 1511 2952 in
1537 2910 1675 2952 solum

114 2989 202 3041 ejus
238 2987 427 3039 verbum,
467 2986 579 3039 quod
606 2985 659 3027 ad
686 2985 848 3027 cultum
877 2985 1044 3036 attinet,
1073 2998 1161 3026 non
1190 2983 1242 3025 ad
1271 2983 1478 3025 humanas
1506 2981 1675 3024 traditi-
