<?xml version="1.0" encoding="UTF-8"?>
<!DOCTYPE html PUBLIC "-//W3C//DTD XHTML 1.0 Transitional//EN"
    "http://www.w3.org/TR/xhtml1/DTD/xhtml1-transitional.dtd">
<html xmlns="http://www.w3.org/1999/xhtml" xml:lang="en" lang="en">
 <head>
  <title>
</title>
<meta http-equiv="Content-Type" content="text/html;charset=utf-8" />
  <meta name='ocr-system' content='tesseract 3.04.00' />
  <meta name='ocr-capabilities' content='ocr_page ocr_carea ocr_par ocr_line ocrx_word'/>
</head>
<body>
  <div class='ocr_page' id='page_1' title='image "./synopsispurioris00poly_0154.png"; bbox 0 0 1931 3224; ppageno 0'>
   <div class='ocr_carea' id='block_1_1' title="bbox 268 182 1220 229">
    <p class='ocr_par' dir='ltr' id='par_1_1' title="bbox 268 182 1220 229">
     <span class='ocr_line' id='line_1_1' title="bbox 268 182 1220 229; baseline -0.005 0"><span class='ocrx_word' id='word_1_1' title='bbox 268 189 343 229; x_wconf 84' lang='grc'>132</span> <span class='ocrx_word' id='word_1_2' title='bbox 858 184 1098 226; x_wconf 78' lang='lat' dir='ltr'>DISPUTATIO</span> <span class='ocrx_word' id='word_1_3' title='bbox 1126 182 1220 225; x_wconf 87' lang='lat' dir='ltr'>XV.</span> 
     </span>
    </p>
   </div>
   <div class='ocr_carea' id='block_1_2' title="bbox 261 303 1825 3077">
    <p class='ocr_par' dir='ltr' id='par_1_2' title="bbox 262 303 1825 1143">
     <span class='ocr_line' id='line_1_2' title="bbox 267 303 1820 363; baseline -0.005 -11"><span class='ocrx_word' id='word_1_4' title='bbox 267 311 336 352; x_wconf 88' lang='lat' dir='ltr'>diu</span> <span class='ocrx_word' id='word_1_5' title='bbox 364 310 407 351; x_wconf 93' lang='grc'>111</span> <span class='ocrx_word' id='word_1_6' title='bbox 436 323 613 363; x_wconf 83' lang='grc' dir='ltr'><strong>001·ρο16</strong></span> <span class='ocrx_word' id='word_1_7' title='bbox 641 308 789 350; x_wconf 84' lang='grc'><strong>11101113</strong></span> <span class='ocrx_word' id='word_1_8' title='bbox 817 307 941 360; x_wconf 89' lang='lat' dir='ltr'>hujus</span> <span class='ocrx_word' id='word_1_9' title='bbox 970 307 1180 359; x_wconf 90' lang='lat' dir='ltr'>habitant,</span> <span class='ocrx_word' id='word_1_10' title='bbox 1209 305 1453 348; x_wconf 71' lang='lat' dir='ltr'>inhabitans</span> <span class='ocrx_word' id='word_1_11' title='bbox 1477 305 1714 358; x_wconf 84' lang='lat' dir='ltr'>peccatum,</span> <span class='ocrx_word' id='word_1_12' title='bbox 1740 303 1820 345; x_wconf 88' lang='lat' dir='ltr'>etsi</span> 
     </span>
     <span class='ocr_line' id='line_1_3' title="bbox 265 375 1820 433; baseline -0.004 -11"><span class='ocrx_word' id='word_1_13' title='bbox 265 396 350 423; x_wconf 88' lang='lat' dir='ltr'>non</span> <span class='ocrx_word' id='word_1_14' title='bbox 391 383 553 433; x_wconf 87' lang='lat' dir='ltr'>regnet,</span> <span class='ocrx_word' id='word_1_15' title='bbox 597 381 676 422; x_wconf 87' lang='lat' dir='ltr'>etsi</span> <span class='ocrx_word' id='word_1_16' title='bbox 718 382 857 421; x_wconf 87' lang='lat' dir='ltr'>reatus</span> <span class='ocrx_word' id='word_1_17' title='bbox 901 380 989 431; x_wconf 85' lang='lat' dir='ltr'>ejus</span> <span class='ocrx_word' id='word_1_18' title='bbox 1031 379 1093 420; x_wconf 88' lang='lat' dir='ltr'>ita</span> <span class='ocrx_word' id='word_1_19' title='bbox 1136 378 1351 421; x_wconf 86' lang='lat' dir='ltr'>sublatum</span> <span class='ocrx_word' id='word_1_20' title='bbox 1379 376 1435 418; x_wconf 91' lang='lat' dir='ltr'>sit</span> <span class='ocrx_word' id='word_1_21' title='bbox 1463 378 1512 417; x_wconf 86' lang='lat' dir='ltr'>ut</span> <span class='ocrx_word' id='word_1_22' title='bbox 1541 391 1566 418; x_wconf 90' lang='lat' dir='ltr'>a</span> <span class='ocrx_word' id='word_1_23' title='bbox 1593 375 1685 417; x_wconf 90' lang='lat' dir='ltr'>Deo</span> <span class='ocrx_word' id='word_1_24' title='bbox 1714 375 1820 428; x_wconf 85' lang='lat' dir='ltr'>ipsis</span> 
     </span>
     <span class='ocr_line' id='line_1_4' title="bbox 264 446 1820 505; baseline -0.004 -12"><span class='ocrx_word' id='word_1_25' title='bbox 264 467 348 493; x_wconf 91' lang='lat' dir='ltr'>non</span> <span class='ocrx_word' id='word_1_26' title='bbox 391 452 636 505; x_wconf 84' lang='lat' dir='ltr'>imputetur,</span> <span class='ocrx_word' id='word_1_27' title='bbox 680 452 758 493; x_wconf 89' lang='lat' dir='ltr'>etsi</span> <span class='ocrx_word' id='word_1_28' title='bbox 800 452 1073 493; x_wconf 79' lang='lat' dir='ltr'>extenuatum</span> <span class='ocrx_word' id='word_1_29' title='bbox 1109 450 1166 492; x_wconf 91' lang='lat' dir='ltr'>sit</span> <span class='ocrx_word' id='word_1_30' title='bbox 1204 452 1246 491; x_wconf 91' lang='lat' dir='ltr'>et</span> <span class='ocrx_word' id='word_1_31' title='bbox 1282 448 1567 499; x_wconf 89' lang='lat' dir='ltr'>imminutum,</span> <span class='ocrx_word' id='word_1_32' title='bbox 1596 446 1820 505; x_wconf 70' lang='lat' dir='ltr'>accedente</span> 
     </span>
     <span class='ocr_line' id='line_1_5' title="bbox 264 519 1821 576; baseline -0.003 -12"><span class='ocrx_word' id='word_1_33' title='bbox 264 522 593 576; x_wconf 70' lang='lat' dir='ltr'>regenerationis</span> <span class='ocrx_word' id='word_1_34' title='bbox 632 522 783 576; x_wconf 80' lang='lat' dir='ltr'>gratia,</span> <span class='ocrx_word' id='word_1_35' title='bbox 823 536 912 563; x_wconf 89' lang='lat' dir='ltr'>esse</span> <span class='ocrx_word' id='word_1_36' title='bbox 948 523 1091 563; x_wconf 90' lang='lat' dir='ltr'>tamen</span> <span class='ocrx_word' id='word_1_37' title='bbox 1128 521 1171 562; x_wconf 90' lang='lat' dir='ltr'>in</span> <span class='ocrx_word' id='word_1_38' title='bbox 1208 535 1253 562; x_wconf 92' lang='lat' dir='ltr'>se</span> <span class='ocrx_word' id='word_1_39' title='bbox 1280 520 1455 574; x_wconf 81' lang='lat' dir='ltr'>proprie</span> <span class='ocrx_word' id='word_1_40' title='bbox 1484 519 1644 561; x_wconf 87' lang='lat' dir='ltr'>dictum</span> <span class='ocrx_word' id='word_1_41' title='bbox 1671 533 1821 572; x_wconf 85' lang='lat' dir='ltr'>pecca-</span> 
     </span>
     <span class='ocr_line' id='line_1_6' title="bbox 265 591 1821 646; baseline -0.002 -12"><span class='ocrx_word' id='word_1_42' title='bbox 265 596 366 645; x_wconf 90' lang='lat' dir='ltr'>tum,</span> <span class='ocrx_word' id='word_1_43' title='bbox 397 594 522 645; x_wconf 86' lang='lat' dir='ltr'>idque</span> <span class='ocrx_word' id='word_1_44' title='bbox 552 607 635 634; x_wconf 92' lang='lat' dir='ltr'>non</span> <span class='ocrx_word' id='word_1_45' title='bbox 663 608 878 635; x_wconf 86' lang='lat' dir='ltr'>remanere</span> <span class='ocrx_word' id='word_1_46' title='bbox 908 595 1075 634; x_wconf 89' lang='lat' dir='ltr'>tantum</span> <span class='ocrx_word' id='word_1_47' title='bbox 1103 592 1148 633; x_wconf 88' lang='lat' dir='ltr'>in</span> <span class='ocrx_word' id='word_1_48' title='bbox 1177 592 1376 646; x_wconf 87' lang='lat' dir='ltr'>appetitu</span> <span class='ocrx_word' id='word_1_49' title='bbox 1404 591 1606 633; x_wconf 85' lang='lat' dir='ltr'>sensitivo</span> <span class='ocrx_word' id='word_1_50' title='bbox 1633 592 1675 631; x_wconf 92' lang='lat' dir='ltr'>et</span> <span class='ocrx_word' id='word_1_51' title='bbox 1699 591 1821 643; x_wconf 88' lang='lat' dir='ltr'>parte</span> 
     </span>
     <span class='ocr_line' id='line_1_7' title="bbox 265 662 1825 722; baseline -0.001 -18"><span class='ocrx_word' id='word_1_52' title='bbox 265 665 428 705; x_wconf 78' lang='lat' dir='ltr'>animae</span> <span class='ocrx_word' id='word_1_53' title='bbox 465 663 666 715; x_wconf 71' lang='lat' dir='ltr'>inferiori,</span> <span class='ocrx_word' id='word_1_54' title='bbox 706 664 777 705; x_wconf 90' lang='lat' dir='ltr'>sed</span> <span class='ocrx_word' id='word_1_55' title='bbox 807 664 935 706; x_wconf 87' lang='lat' dir='ltr'>etiam</span> <span class='ocrx_word' id='word_1_56' title='bbox 963 665 1007 706; x_wconf 91' lang='lat' dir='ltr'>in</span> <span class='ocrx_word' id='word_1_57' title='bbox 1035 666 1176 706; x_wconf 88' lang='lat' dir='ltr'>mente</span> <span class='ocrx_word' id='word_1_58' title='bbox 1207 666 1248 705; x_wconf 92' lang='lat' dir='ltr'>et</span> <span class='ocrx_word' id='word_1_59' title='bbox 1277 662 1496 705; x_wconf 90' lang='lat' dir='ltr'>voluntate</span> <span class='ocrx_word' id='word_1_60' title='bbox 1528 678 1578 705; x_wconf 84' lang='lat' dir='ltr'>ex</span> <span class='ocrx_word' id='word_1_61' title='bbox 1605 664 1729 716; x_wconf 89' lang='lat' dir='ltr'>parte</span> <span class='ocrx_word' id='word_1_62' title='bbox 1756 676 1825 722; x_wconf 61' lang='lat' dir='ltr'>se-v</span> 
     </span>
     <span class='ocr_line' id='line_1_8' title="bbox 264 733 1822 788; baseline 0 -13"><span class='ocrx_word' id='word_1_63' title='bbox 264 734 356 776; x_wconf 88' lang='lat' dir='ltr'>dem</span> <span class='ocrx_word' id='word_1_64' title='bbox 394 735 585 785; x_wconf 63' lang='lat' dir='ltr'>habere;‚</span> <span class='ocrx_word' id='word_1_65' title='bbox 608 750 701 777; x_wconf 87' lang='grc'><strong>011111</strong></span> <span class='ocrx_word' id='word_1_66' title='bbox 739 735 875 777; x_wconf 89' lang='lat' dir='ltr'>adhuc</span> <span class='ocrx_word' id='word_1_67' title='bbox 912 735 1193 788; x_wconf 87' lang='lat' dir='ltr'>ignorantiae,</span> <span class='ocrx_word' id='word_1_68' title='bbox 1230 734 1569 776; x_wconf 82' lang='lat' dir='ltr'>dubitationibus</span> <span class='ocrx_word' id='word_1_69' title='bbox 1597 736 1639 775; x_wconf 93' lang='lat' dir='ltr'>et</span> <span class='ocrx_word' id='word_1_70' title='bbox 1668 733 1822 775; x_wconf 86' lang='lat' dir='ltr'>errori-</span> 
     </span>
     <span class='ocr_line' id='line_1_9' title="bbox 263 806 1821 861; baseline 0.001 -14"><span class='ocrx_word' id='word_1_71' title='bbox 263 807 340 847; x_wconf 82' lang='lat' dir='ltr'>bus</span> <span class='ocrx_word' id='word_1_72' title='bbox 383 821 499 848; x_wconf 89' lang='lat' dir='ltr'>mens</span> <span class='ocrx_word' id='word_1_73' title='bbox 543 807 598 848; x_wconf 86' lang='lat' dir='ltr'>sit</span> <span class='ocrx_word' id='word_1_74' title='bbox 641 807 837 859; x_wconf 82' lang='lat' dir='ltr'>obnoxia,</span> <span class='ocrx_word' id='word_1_75' title='bbox 879 810 920 849; x_wconf 93' lang='lat' dir='ltr'>et</span> <span class='ocrx_word' id='word_1_76' title='bbox 957 807 1154 849; x_wconf 83' lang='lat' dir='ltr'>voluntas</span> <span class='ocrx_word' id='word_1_77' title='bbox 1189 806 1392 861; x_wconf 67' lang='grc' dir='ltr'><em>φιλοιυτίᾳ</em></span> <span class='ocrx_word' id='word_1_78' title='bbox 1425 806 1604 858; x_wconf 85' lang='lat' dir='ltr'>laboret,</span> <span class='ocrx_word' id='word_1_79' title='bbox 1636 807 1684 847; x_wconf 90' lang='lat' dir='ltr'>ut</span> <span class='ocrx_word' id='word_1_80' title='bbox 1714 819 1821 859; x_wconf 78' lang='lat' dir='ltr'>opus</span> 
     </span>
     <span class='ocr_line' id='line_1_10' title="bbox 265 877 1822 932; baseline 0 -14"><span class='ocrx_word' id='word_1_81' title='bbox 265 878 331 929; x_wconf 84' lang='lat' dir='ltr'>sit,</span> <span class='ocrx_word' id='word_1_82' title='bbox 364 878 491 919; x_wconf 83' lang='lat' dir='ltr'>etiam</span> <span class='ocrx_word' id='word_1_83' title='bbox 519 878 689 931; x_wconf 86' lang='lat' dir='ltr'>renatis,</span> <span class='ocrx_word' id='word_1_84' title='bbox 719 878 1023 920; x_wconf 80' lang='lat' dir='ltr'>reformatione</span> <span class='ocrx_word' id='word_1_85' title='bbox 1054 893 1146 932; x_wconf 89' lang='lat' dir='ltr'>per</span> <span class='ocrx_word' id='word_1_86' title='bbox 1177 877 1660 931; x_wconf 83' lang='lat' dir='ltr'>regenerationem</span> <span class='ocrx_word' id='word_1_87' title='bbox 1686 891 1822 918; x_wconf 90' lang='lat' dir='ltr'>men-</span> 
     </span>
     <span class='ocr_line' id='line_1_11' title="bbox 264 947 1822 1003; baseline 0.001 -15"><span class='ocrx_word' id='word_1_88' title='bbox 264 948 335 989; x_wconf 81' lang='lat' dir='ltr'>tis</span> <span class='ocrx_word' id='word_1_89' title='bbox 374 964 521 1001; x_wconf 86' lang='lat' dir='ltr'>suae,</span> <span class='ocrx_word' id='word_1_90' title='bbox 558 949 918 991; x_wconf 82' lang='lat' dir='ltr'>renovatione</span> <span class='ocrx_word' id='word_1_91' title='bbox 956 950 1194 1003; x_wconf 87' lang='lat' dir='ltr'>spiritus</span> <span class='ocrx_word' id='word_1_92' title='bbox 1223 948 1422 990; x_wconf 90' lang='lat' dir='ltr'>mentis</span> <span class='ocrx_word' id='word_1_93' title='bbox 1452 963 1577 990; x_wconf 89' lang='lat' dir='ltr'>suae</span> <span class='ocrx_word' id='word_1_94' title='bbox 1607 950 1658 990; x_wconf 92' lang='lat' dir='ltr'>et</span> <span class='ocrx_word' id='word_1_95' title='bbox 1686 947 1822 989; x_wconf 90' lang='lat' dir='ltr'>inte-</span> 
     </span>
     <span class='ocr_line' id='line_1_12' title="bbox 262 1018 1821 1074; baseline 0.001 -15"><span class='ocrx_word' id='word_1_96' title='bbox 262 1019 428 1060; x_wconf 86' lang='lat' dir='ltr'>rioris</span> <span class='ocrx_word' id='word_1_97' title='bbox 462 1020 701 1062; x_wconf 84' lang='lat' dir='ltr'>hominis</span> <span class='ocrx_word' id='word_1_98' title='bbox 731 1021 790 1062; x_wconf 90' lang='lat' dir='ltr'>de</span> <span class='ocrx_word' id='word_1_99' title='bbox 820 1020 902 1062; x_wconf 89' lang='lat' dir='ltr'>die</span> <span class='ocrx_word' id='word_1_100' title='bbox 929 1021 983 1062; x_wconf 89' lang='lat' dir='ltr'>in</span> <span class='ocrx_word' id='word_1_101' title='bbox 1012 1020 1170 1073; x_wconf 88' lang='lat' dir='ltr'>diem,</span> <span class='ocrx_word' id='word_1_102' title='bbox 1199 1019 1323 1062; x_wconf 84' lang='lat' dir='ltr'>Rom.</span> <span class='ocrx_word' id='word_1_103' title='bbox 1353 1020 1416 1074; x_wconf 83' lang='lat'>12,</span> <span class='ocrx_word' id='word_1_104' title='bbox 1446 1020 1484 1062; x_wconf 83' lang='lat'>2.</span> <span class='ocrx_word' id='word_1_105' title='bbox 1513 1021 1538 1061; x_wconf 90' lang='grc'><strong>2</strong></span> <span class='ocrx_word' id='word_1_106' title='bbox 1568 1018 1661 1062; x_wconf 82' lang='lat' dir='ltr'>Cor.</span> <span class='ocrx_word' id='word_1_107' title='bbox 1688 1019 1728 1071; x_wconf 83' lang='lat'>4,</span> <span class='ocrx_word' id='word_1_108' title='bbox 1757 1018 1821 1061; x_wconf 82' lang='lat'>16.</span> 
     </span>
     <span class='ocr_line' id='line_1_13' title="bbox 263 1090 530 1143; baseline 0.004 -12"><span class='ocrx_word' id='word_1_109' title='bbox 263 1090 374 1143; x_wconf 83' lang='lat' dir='ltr'>Eph.</span> <span class='ocrx_word' id='word_1_110' title='bbox 403 1091 439 1143; x_wconf 80' lang='lat'>4,</span> <span class='ocrx_word' id='word_1_111' title='bbox 469 1092 530 1132; x_wconf 79' lang='lat'>23.</span> 
     </span>
    </p>

    <p class='ocr_par' dir='ltr' id='par_1_3' title="bbox 261 1159 1823 2718">
     <span class='ocr_line' id='line_1_14' title="bbox 317 1159 1822 1217; baseline 0.002 -15"><span class='ocrx_word' id='word_1_112' title='bbox 317 1161 515 1203; x_wconf 85' lang='lat' dir='ltr'>XXXVI.</span> <span class='ocrx_word' id='word_1_113' title='bbox 554 1162 674 1205; x_wconf 87' lang='lat' dir='ltr'>Certe</span> <span class='ocrx_word' id='word_1_114' title='bbox 711 1163 946 1217; x_wconf 81' lang='lat' dir='ltr'>Apostolus</span> <span class='ocrx_word' id='word_1_115' title='bbox 985 1178 1071 1206; x_wconf 92' lang='lat' dir='ltr'>non</span> <span class='ocrx_word' id='word_1_116' title='bbox 1100 1163 1229 1206; x_wconf 90' lang='lat' dir='ltr'>semel</span> <span class='ocrx_word' id='word_1_117' title='bbox 1258 1159 1351 1217; x_wconf 50' lang='lat' dir='ltr'>capi</span> <span class='ocrx_word' id='word_1_118' title='bbox 1381 1163 1418 1206; x_wconf 87' lang='lat'>7.</span> <span class='ocrx_word' id='word_1_119' title='bbox 1447 1162 1587 1217; x_wconf 77' lang='lat' dir='ltr'>Epist.</span> <span class='ocrx_word' id='word_1_120' title='bbox 1618 1162 1671 1205; x_wconf 90' lang='lat' dir='ltr'>ad</span> <span class='ocrx_word' id='word_1_121' title='bbox 1698 1162 1822 1205; x_wconf 89' lang='lat' dir='ltr'>Rom.</span> 
     </span>
     <span class='ocr_line' id='line_1_15' title="bbox 264 1233 1822 1289; baseline 0.002 -15"><span class='ocrx_word' id='word_1_122' title='bbox 264 1233 419 1274; x_wconf 87' lang='lat' dir='ltr'>malum</span> <span class='ocrx_word' id='word_1_123' title='bbox 446 1234 549 1276; x_wconf 89' lang='lat' dir='ltr'>illud</span> <span class='ocrx_word' id='word_1_124' title='bbox 579 1235 740 1277; x_wconf 83' lang='lat' dir='ltr'>deserte</span> <span class='ocrx_word' id='word_1_125' title='bbox 769 1238 1051 1288; x_wconf 83' lang='lat' dir='ltr'>peccatum</span> <span class='ocrx_word' id='word_1_126' title='bbox 1078 1238 1214 1289; x_wconf 83' lang='lat' dir='ltr'>vocat,</span> <span class='ocrx_word' id='word_1_127' title='bbox 1243 1250 1331 1278; x_wconf 90' lang='lat' dir='ltr'>non</span> <span class='ocrx_word' id='word_1_128' title='bbox 1358 1237 1527 1277; x_wconf 90' lang='lat' dir='ltr'>tantum</span> <span class='ocrx_word' id='word_1_129' title='bbox 1543 1235 1642 1289; x_wconf 88' lang='lat' dir='ltr'>quia</span> <span class='ocrx_word' id='word_1_130' title='bbox 1658 1250 1708 1278; x_wconf 80' lang='lat' dir='ltr'>ex</span> <span class='ocrx_word' id='word_1_131' title='bbox 1723 1250 1822 1289; x_wconf 87' lang='lat' dir='ltr'>pec-</span> 
     </span>
     <span class='ocr_line' id='line_1_16' title="bbox 266 1306 1823 1361; baseline 0.002 -15"><span class='ocrx_word' id='word_1_132' title='bbox 266 1308 360 1347; x_wconf 89' lang='lat' dir='ltr'>cato</span> <span class='ocrx_word' id='word_1_133' title='bbox 390 1308 464 1357; x_wconf 87' lang='lat' dir='ltr'>est,</span> <span class='ocrx_word' id='word_1_134' title='bbox 496 1308 536 1347; x_wconf 88' lang='lat' dir='ltr'>et</span> <span class='ocrx_word' id='word_1_135' title='bbox 565 1306 617 1348; x_wconf 85' lang='lat' dir='ltr'>ad</span> <span class='ocrx_word' id='word_1_136' title='bbox 647 1310 870 1360; x_wconf 88' lang='lat' dir='ltr'>peccatum</span> <span class='ocrx_word' id='word_1_137' title='bbox 897 1307 1084 1360; x_wconf 87' lang='lat' dir='ltr'>inclinat,</span> <span class='ocrx_word' id='word_1_138' title='bbox 1116 1308 1189 1350; x_wconf 90' lang='lat' dir='ltr'>sed</span> <span class='ocrx_word' id='word_1_139' title='bbox 1218 1307 1347 1349; x_wconf 88' lang='lat' dir='ltr'>etiam</span> <span class='ocrx_word' id='word_1_140' title='bbox 1376 1307 1476 1360; x_wconf 88' lang='lat' dir='ltr'>quia</span> <span class='ocrx_word' id='word_1_141' title='bbox 1499 1309 1713 1360; x_wconf 83' lang='lat' dir='ltr'>repugnat</span> <span class='ocrx_word' id='word_1_142' title='bbox 1735 1306 1823 1361; x_wconf 87' lang='lat' dir='ltr'>legi</span> 
     </span>
     <span class='ocr_line' id='line_1_17' title="bbox 263 1377 1823 1432; baseline 0.001 -15"><span class='ocrx_word' id='word_1_143' title='bbox 263 1377 429 1428; x_wconf 84' lang='lat' dir='ltr'>mentis,</span> <span class='ocrx_word' id='word_1_144' title='bbox 475 1379 516 1418; x_wconf 90' lang='lat' dir='ltr'>et</span> <span class='ocrx_word' id='word_1_145' title='bbox 557 1377 755 1420; x_wconf 87' lang='lat' dir='ltr'>adversus</span> <span class='ocrx_word' id='word_1_146' title='bbox 797 1380 996 1432; x_wconf 88' lang='lat' dir='ltr'>spiritum</span> <span class='ocrx_word' id='word_1_147' title='bbox 1039 1380 1315 1432; x_wconf 80' lang='lat' dir='ltr'>concupiscit,</span> <span class='ocrx_word' id='word_1_148' title='bbox 1353 1393 1437 1432; x_wconf 86' lang='lat' dir='ltr'>qua</span> <span class='ocrx_word' id='word_1_149' title='bbox 1470 1379 1515 1420; x_wconf 93' lang='lat' dir='ltr'>in</span> <span class='ocrx_word' id='word_1_150' title='bbox 1550 1393 1596 1421; x_wconf 88' lang='lat' dir='ltr'>re</span> <span class='ocrx_word' id='word_1_151' title='bbox 1627 1378 1823 1421; x_wconf 88' lang='lat' dir='ltr'>consistit</span> 
     </span>
     <span class='ocr_line' id='line_1_18' title="bbox 265 1448 1823 1505; baseline 0.001 -17"><span class='ocrx_word' id='word_1_152' title='bbox 265 1463 362 1489; x_wconf 85' lang='lat' dir='ltr'>vera</span> <span class='ocrx_word' id='word_1_153' title='bbox 402 1448 566 1500; x_wconf 88' lang='lat' dir='ltr'>peccati</span> <span class='ocrx_word' id='word_1_154' title='bbox 603 1449 725 1490; x_wconf 85' lang='lat' dir='ltr'>ratio.</span> <span class='ocrx_word' id='word_1_155' title='bbox 761 1448 875 1492; x_wconf 88' lang='lat' dir='ltr'>Nam</span> <span class='ocrx_word' id='word_1_156' title='bbox 914 1450 1116 1503; x_wconf 88' lang='lat' dir='ltr'>quicquid</span> <span class='ocrx_word' id='word_1_157' title='bbox 1144 1452 1358 1505; x_wconf 80' lang='lat' dir='ltr'>repugnat</span> <span class='ocrx_word' id='word_1_158' title='bbox 1386 1449 1624 1492; x_wconf 85' lang='lat' dir='ltr'>formaliter</span> <span class='ocrx_word' id='word_1_159' title='bbox 1651 1449 1823 1503; x_wconf 86' lang='lat' dir='ltr'>spiritui</span> 
     </span>
     <span class='ocr_line' id='line_1_19' title="bbox 264 1518 1823 1576; baseline 0.001 -16"><span class='ocrx_word' id='word_1_160' title='bbox 264 1521 305 1560; x_wconf 89' lang='lat' dir='ltr'>et</span> <span class='ocrx_word' id='word_1_161' title='bbox 338 1518 422 1571; x_wconf 86' lang='lat' dir='ltr'>legi</span> <span class='ocrx_word' id='word_1_162' title='bbox 451 1518 627 1571; x_wconf 79' lang='lat' dir='ltr'>divinae,</span> <span class='ocrx_word' id='word_1_163' title='bbox 660 1522 723 1562; x_wconf 91' lang='lat' dir='ltr'>est</span> <span class='ocrx_word' id='word_1_164' title='bbox 751 1524 975 1574; x_wconf 89' lang='lat' dir='ltr'>peccatum</span> <span class='ocrx_word' id='word_1_165' title='bbox 1003 1522 1177 1576; x_wconf 86' lang='lat' dir='ltr'>proprie</span> <span class='ocrx_word' id='word_1_166' title='bbox 1207 1522 1379 1575; x_wconf 86' lang='lat' dir='ltr'>dictum,</span> <span class='ocrx_word' id='word_1_167' title='bbox 1410 1537 1506 1563; x_wconf 90' lang='lat' dir='ltr'>cum</span> <span class='ocrx_word' id='word_1_168' title='bbox 1531 1536 1630 1564; x_wconf 89' lang='lat' dir='ltr'>vera</span> <span class='ocrx_word' id='word_1_169' title='bbox 1658 1520 1823 1575; x_wconf 87' lang='lat' dir='ltr'>peccati</span> 
     </span>
     <span class='ocr_line' id='line_1_20' title="bbox 262 1590 1822 1648; baseline 0.003 -19"><span class='ocrx_word' id='word_1_170' title='bbox 262 1590 370 1630; x_wconf 87' lang='lat' dir='ltr'>ratio</span> <span class='ocrx_word' id='word_1_171' title='bbox 412 1590 456 1631; x_wconf 93' lang='lat' dir='ltr'>in</span> <span class='ocrx_word' id='word_1_172' title='bbox 495 1591 642 1647; x_wconf 65' lang='grc' dir='ltr'><em>ἀνομίᾳ</em></span> <span class='ocrx_word' id='word_1_173' title='bbox 686 1593 903 1636; x_wconf 82' lang='lat' dir='ltr'>consistat.</span> <span class='ocrx_word' id='word_1_174' title='bbox 939 1592 1030 1635; x_wconf 91' lang='lat' dir='ltr'>Nec</span> <span class='ocrx_word' id='word_1_175' title='bbox 1067 1594 1295 1636; x_wconf 83' lang='lat' dir='ltr'>adversarii</span> <span class='ocrx_word' id='word_1_176' title='bbox 1329 1593 1502 1648; x_wconf 80' lang='lat' dir='ltr'>negant,</span> <span class='ocrx_word' id='word_1_177' title='bbox 1539 1607 1755 1636; x_wconf 89' lang='lat' dir='ltr'>remanere</span> <span class='ocrx_word' id='word_1_178' title='bbox 1777 1593 1822 1634; x_wconf 92' lang='lat' dir='ltr'>in</span> 
     </span>
     <span class='ocr_line' id='line_1_21' title="bbox 261 1659 1823 1718; baseline 0.004 -18"><span class='ocrx_word' id='word_1_179' title='bbox 261 1659 486 1713; x_wconf 87' lang='lat' dir='ltr'>baptisatis</span> <span class='ocrx_word' id='word_1_180' title='bbox 527 1664 757 1705; x_wconf 84' lang='lat' dir='ltr'>carentiam</span> <span class='ocrx_word' id='word_1_181' title='bbox 792 1663 1011 1718; x_wconf 89' lang='lat' dir='ltr'>originalis</span> <span class='ocrx_word' id='word_1_182' title='bbox 1036 1664 1243 1718; x_wconf 86' lang='lat' dir='ltr'>justitiae,</span> <span class='ocrx_word' id='word_1_183' title='bbox 1273 1679 1381 1718; x_wconf 86' lang='lat' dir='ltr'>quae</span> <span class='ocrx_word' id='word_1_184' title='bbox 1410 1664 1446 1706; x_wconf 86' lang='lat' dir='ltr'>si</span> <span class='ocrx_word' id='word_1_185' title='bbox 1474 1678 1571 1706; x_wconf 89' lang='lat' dir='ltr'>vere</span> <span class='ocrx_word' id='word_1_186' title='bbox 1599 1666 1823 1718; x_wconf 87' lang='lat' dir='ltr'>peccatum</span> 
     </span>
     <span class='ocr_line' id='line_1_22' title="bbox 262 1732 1822 1789; baseline 0.003 -17"><span class='ocrx_word' id='word_1_187' title='bbox 262 1732 329 1784; x_wconf 90' lang='lat' dir='ltr'>sit,</span> <span class='ocrx_word' id='word_1_188' title='bbox 367 1735 563 1774; x_wconf 86' lang='lat' dir='ltr'>naturam</span> <span class='ocrx_word' id='word_1_189' title='bbox 597 1748 682 1775; x_wconf 89' lang='lat' dir='ltr'>non</span> <span class='ocrx_word' id='word_1_190' title='bbox 710 1735 892 1776; x_wconf 83' lang='lat' dir='ltr'>mutavit</span> <span class='ocrx_word' id='word_1_191' title='bbox 920 1735 1162 1788; x_wconf 86' lang='lat' dir='ltr'>ubicunque</span> <span class='ocrx_word' id='word_1_192' title='bbox 1190 1735 1422 1789; x_wconf 89' lang='lat' dir='ltr'>reperitur;</span> <span class='ocrx_word' id='word_1_193' title='bbox 1451 1749 1588 1788; x_wconf 90' lang='lat' dir='ltr'>neque</span> <span class='ocrx_word' id='word_1_194' title='bbox 1618 1734 1730 1777; x_wconf 91' lang='lat' dir='ltr'>enim</span> <span class='ocrx_word' id='word_1_195' title='bbox 1759 1734 1822 1776; x_wconf 90' lang='lat' dir='ltr'>di-</span> 
     </span>
     <span class='ocr_line' id='line_1_23' title="bbox 262 1804 1822 1860; baseline 0.002 -15"><span class='ocrx_word' id='word_1_196' title='bbox 262 1804 405 1846; x_wconf 87' lang='lat' dir='ltr'>missio</span> <span class='ocrx_word' id='word_1_197' title='bbox 430 1808 570 1847; x_wconf 86' lang='lat' dir='ltr'>reatus</span> <span class='ocrx_word' id='word_1_198' title='bbox 598 1804 702 1847; x_wconf 86' lang='lat' dir='ltr'>facit</span> <span class='ocrx_word' id='word_1_199' title='bbox 730 1806 780 1847; x_wconf 91' lang='lat' dir='ltr'>de</span> <span class='ocrx_word' id='word_1_200' title='bbox 802 1808 977 1859; x_wconf 89' lang='lat' dir='ltr'>peccato</span> <span class='ocrx_word' id='word_1_201' title='bbox 1003 1822 1090 1849; x_wconf 92' lang='lat' dir='ltr'>non</span> <span class='ocrx_word' id='word_1_202' title='bbox 1114 1809 1350 1860; x_wconf 88' lang='lat' dir='ltr'>peccatum,</span> <span class='ocrx_word' id='word_1_203' title='bbox 1375 1807 1476 1860; x_wconf 86' lang='lat' dir='ltr'>quia</span> <span class='ocrx_word' id='word_1_204' title='bbox 1499 1806 1629 1848; x_wconf 90' lang='lat' dir='ltr'>homo</span> <span class='ocrx_word' id='word_1_205' title='bbox 1654 1821 1678 1848; x_wconf 89' lang='lat' dir='ltr'>a</span> <span class='ocrx_word' id='word_1_206' title='bbox 1700 1807 1822 1848; x_wconf 87' lang='lat' dir='ltr'>reatu</span> 
     </span>
     <span class='ocr_line' id='line_1_24' title="bbox 264 1875 1821 1931; baseline 0.003 -15"><span class='ocrx_word' id='word_1_207' title='bbox 264 1875 441 1917; x_wconf 86' lang='lat' dir='ltr'>solvitur</span> <span class='ocrx_word' id='word_1_208' title='bbox 469 1877 652 1931; x_wconf 86' lang='lat' dir='ltr'>proprie,</span> <span class='ocrx_word' id='word_1_209' title='bbox 680 1892 766 1919; x_wconf 89' lang='lat' dir='ltr'>non</span> <span class='ocrx_word' id='word_1_210' title='bbox 797 1880 1021 1931; x_wconf 89' lang='lat' dir='ltr'>peccatum</span> <span class='ocrx_word' id='word_1_211' title='bbox 1048 1879 1093 1920; x_wconf 89' lang='lat' dir='ltr'>in</span> <span class='ocrx_word' id='word_1_212' title='bbox 1123 1893 1167 1920; x_wconf 93' lang='lat' dir='ltr'>se</span> <span class='ocrx_word' id='word_1_213' title='bbox 1197 1878 1522 1931; x_wconf 88' lang='lat' dir='ltr'>consideratum,</span> <span class='ocrx_word' id='word_1_214' title='bbox 1552 1892 1630 1919; x_wconf 90' lang='lat' dir='ltr'>nec</span> <span class='ocrx_word' id='word_1_215' title='bbox 1659 1878 1821 1921; x_wconf 88' lang='lat' dir='ltr'>amittit</span> 
     </span>
     <span class='ocr_line' id='line_1_25' title="bbox 262 1947 1821 2003; baseline 0.003 -16"><span class='ocrx_word' id='word_1_216' title='bbox 262 1947 471 1988; x_wconf 86' lang='lat' dir='ltr'>rationem</span> <span class='ocrx_word' id='word_1_217' title='bbox 509 1948 685 2000; x_wconf 89' lang='lat' dir='ltr'>peccati,</span> <span class='ocrx_word' id='word_1_218' title='bbox 722 1963 769 1990; x_wconf 89' lang='lat' dir='ltr'>eo</span> <span class='ocrx_word' id='word_1_219' title='bbox 801 1949 914 2002; x_wconf 88' lang='lat' dir='ltr'>quod</span> <span class='ocrx_word' id='word_1_220' title='bbox 941 1949 1170 2001; x_wconf 83' lang='lat' dir='ltr'>minuatur,</span> <span class='ocrx_word' id='word_1_221' title='bbox 1201 1949 1301 2002; x_wconf 86' lang='lat' dir='ltr'>quia</span> <span class='ocrx_word' id='word_1_222' title='bbox 1328 1949 1466 2003; x_wconf 81' lang='lat' dir='ltr'>magis</span> <span class='ocrx_word' id='word_1_223' title='bbox 1495 1951 1537 1991; x_wconf 87' lang='lat' dir='ltr'>et</span> <span class='ocrx_word' id='word_1_224' title='bbox 1566 1949 1706 1992; x_wconf 89' lang='lat' dir='ltr'>minus</span> <span class='ocrx_word' id='word_1_225' title='bbox 1735 1964 1821 1992; x_wconf 91' lang='lat' dir='ltr'>non</span> 
     </span>
     <span class='ocr_line' id='line_1_26' title="bbox 263 2019 1821 2075; baseline 0.004 -18"><span class='ocrx_word' id='word_1_226' title='bbox 263 2019 429 2058; x_wconf 86' lang='lat' dir='ltr'>mutant</span> <span class='ocrx_word' id='word_1_227' title='bbox 467 2019 660 2071; x_wconf 86' lang='lat' dir='ltr'>speciem,</span> <span class='ocrx_word' id='word_1_228' title='bbox 700 2021 780 2061; x_wconf 88' lang='lat' dir='ltr'>etsi</span> <span class='ocrx_word' id='word_1_229' title='bbox 818 2021 1026 2074; x_wconf 84' lang='lat' dir='ltr'>graduum</span> <span class='ocrx_word' id='word_1_230' title='bbox 1062 2021 1246 2063; x_wconf 80' lang='lat' dir='ltr'>inferant</span> <span class='ocrx_word' id='word_1_231' title='bbox 1287 2021 1523 2063; x_wconf 88' lang='lat' dir='ltr'>discrimen.</span> <span class='ocrx_word' id='word_1_232' title='bbox 1561 2020 1755 2075; x_wconf 88' lang='lat' dir='ltr'>Denique</span> <span class='ocrx_word' id='word_1_233' title='bbox 1785 2021 1821 2064; x_wconf 90' lang='lat' dir='ltr'>si</span> 
     </span>
     <span class='ocr_line' id='line_1_27' title="bbox 262 2091 1822 2146; baseline 0.004 -18"><span class='ocrx_word' id='word_1_234' title='bbox 262 2102 396 2142; x_wconf 83' lang='lat' dir='ltr'>poena</span> <span class='ocrx_word' id='word_1_235' title='bbox 435 2091 602 2131; x_wconf 90' lang='lat' dir='ltr'>tantum</span> <span class='ocrx_word' id='word_1_236' title='bbox 641 2094 763 2143; x_wconf 86' lang='lat' dir='ltr'>esset,</span> <span class='ocrx_word' id='word_1_237' title='bbox 792 2106 869 2133; x_wconf 88' lang='lat' dir='ltr'>nec</span> <span class='ocrx_word' id='word_1_238' title='bbox 898 2092 1064 2146; x_wconf 89' lang='lat' dir='ltr'>peccati</span> <span class='ocrx_word' id='word_1_239' title='bbox 1091 2092 1302 2134; x_wconf 88' lang='lat' dir='ltr'>rationem</span> <span class='ocrx_word' id='word_1_240' title='bbox 1329 2091 1519 2145; x_wconf 88' lang='lat' dir='ltr'>haberet,</span> <span class='ocrx_word' id='word_1_241' title='bbox 1548 2107 1634 2135; x_wconf 90' lang='lat' dir='ltr'>non</span> <span class='ocrx_word' id='word_1_242' title='bbox 1662 2092 1822 2135; x_wconf 89' lang='lat' dir='ltr'>diceret</span> 
     </span>
     <span class='ocr_line' id='line_1_28' title="bbox 262 2151 1820 2217; baseline 0.005 -18"><span class='ocrx_word' id='word_1_243' title='bbox 262 2158 491 2212; x_wconf 81' lang='lat' dir='ltr'>Johannes,</span> <span class='ocrx_word' id='word_1_244' title='bbox 530 2162 1034 2215; x_wconf 85' lang='lat' dir='ltr'>concupiscentiam</span> <span class='ocrx_word' id='word_1_245' title='bbox 1071 2179 1175 2206; x_wconf 90' lang='lat' dir='ltr'>non</span> <span class='ocrx_word' id='word_1_246' title='bbox 1213 2179 1329 2206; x_wconf 85' lang='lat' dir='ltr'>esse</span> <span class='ocrx_word' id='word_1_247' title='bbox 1367 2151 1425 2206; x_wconf 67' lang='grc'>611</span> <span class='ocrx_word' id='word_1_248' title='bbox 1453 2163 1638 2217; x_wconf 86' lang='lat' dir='ltr'>Patre,</span> <span class='ocrx_word' id='word_1_249' title='bbox 1669 2165 1691 2207; x_wconf 89' lang='lat'>1</span> <span class='ocrx_word' id='word_1_250' title='bbox 1721 2164 1820 2207; x_wconf 84' lang='lat' dir='ltr'>Joh.</span> 
     </span>
     <span class='ocr_line' id='line_1_29' title="bbox 263 2232 1821 2289; baseline 0.004 -18"><span class='ocrx_word' id='word_1_251' title='bbox 263 2232 299 2281; x_wconf 88' lang='grc'>2,</span> <span class='ocrx_word' id='word_1_252' title='bbox 340 2232 400 2273; x_wconf 79' lang='grc'>16.</span> <span class='ocrx_word' id='word_1_253' title='bbox 437 2246 460 2272; x_wconf 85' lang='lat' dir='ltr'>a</span> <span class='ocrx_word' id='word_1_254' title='bbox 500 2248 582 2285; x_wconf 86' lang='lat' dir='ltr'>quo</span> <span class='ocrx_word' id='word_1_255' title='bbox 619 2249 802 2287; x_wconf 89' lang='lat' dir='ltr'>poenam</span> <span class='ocrx_word' id='word_1_256' title='bbox 831 2250 920 2277; x_wconf 88' lang='grc'><strong>6336</strong></span> <span class='ocrx_word' id='word_1_257' title='bbox 950 2238 1129 2279; x_wconf 86' lang='lat' dir='ltr'>constat.</span> <span class='ocrx_word' id='word_1_258' title='bbox 1157 2236 1216 2278; x_wconf 89' lang='lat' dir='ltr'>Et</span> <span class='ocrx_word' id='word_1_259' title='bbox 1246 2235 1440 2278; x_wconf 85' lang='lat' dir='ltr'>Christus</span> <span class='ocrx_word' id='word_1_260' title='bbox 1471 2236 1544 2289; x_wconf 90' lang='lat' dir='ltr'>qui</span> <span class='ocrx_word' id='word_1_261' title='bbox 1574 2249 1718 2278; x_wconf 89' lang='lat' dir='ltr'>omnes</span> <span class='ocrx_word' id='word_1_262' title='bbox 1745 2249 1821 2277; x_wconf 88' lang='lat' dir='ltr'>na-</span> 
     </span>
     <span class='ocr_line' id='line_1_30' title="bbox 262 2304 1821 2362; baseline 0.004 -20"><span class='ocrx_word' id='word_1_263' title='bbox 262 2304 381 2343; x_wconf 87' lang='lat' dir='ltr'>turae</span> <span class='ocrx_word' id='word_1_264' title='bbox 423 2306 592 2344; x_wconf 85' lang='lat' dir='ltr'>nostrae</span> <span class='ocrx_word' id='word_1_265' title='bbox 633 2304 1023 2359; x_wconf 68' lang='lat' dir='ltr'>infirmitates,</span> <span class='ocrx_word' id='word_1_266' title='bbox 1064 2310 1294 2362; x_wconf 83' lang='lat' dir='ltr'>excepto</span> <span class='ocrx_word' id='word_1_267' title='bbox 1333 2309 1583 2362; x_wconf 90' lang='lat' dir='ltr'>peccato,</span> <span class='ocrx_word' id='word_1_268' title='bbox 1621 2306 1821 2361; x_wconf 89' lang='lat' dir='ltr'>suscepit,</span> 
     </span>
     <span class='ocr_line' id='line_1_31' title="bbox 262 2372 1820 2433; baseline 0.004 -20"><span class='ocrx_word' id='word_1_269' title='bbox 262 2372 390 2414; x_wconf 90' lang='lat' dir='ltr'>Hebr.</span> <span class='ocrx_word' id='word_1_270' title='bbox 420 2373 457 2425; x_wconf 81' lang='lat'>4,</span> <span class='ocrx_word' id='word_1_271' title='bbox 488 2374 549 2415; x_wconf 79' lang='lat'>15.</span> <span class='ocrx_word' id='word_1_272' title='bbox 580 2377 966 2429; x_wconf 83' lang='lat' dir='ltr'>concupiscentiam</span> <span class='ocrx_word' id='word_1_273' title='bbox 997 2379 1310 2432; x_wconf 87' lang='lat' dir='ltr'>assumpsisset,</span> <span class='ocrx_word' id='word_1_274' title='bbox 1338 2379 1593 2433; x_wconf 87' lang='lat' dir='ltr'>praesertim</span> <span class='ocrx_word' id='word_1_275' title='bbox 1618 2393 1713 2420; x_wconf 91' lang='lat' dir='ltr'>cum</span> <span class='ocrx_word' id='word_1_276' title='bbox 1728 2391 1820 2419; x_wconf 89' lang='lat' dir='ltr'>eam</span> 
     </span>
     <span class='ocr_line' id='line_1_32' title="bbox 263 2445 1821 2503; baseline 0.004 -20"><span class='ocrx_word' id='word_1_277' title='bbox 263 2457 351 2484; x_wconf 89' lang='lat' dir='ltr'>esse</span> <span class='ocrx_word' id='word_1_278' title='bbox 379 2445 600 2486; x_wconf 86' lang='lat' dir='ltr'>materiam</span> <span class='ocrx_word' id='word_1_279' title='bbox 630 2448 955 2490; x_wconf 85' lang='lat' dir='ltr'>exercendarum</span> <span class='ocrx_word' id='word_1_280' title='bbox 983 2449 1202 2501; x_wconf 84' lang='lat' dir='ltr'>virtutum,</span> <span class='ocrx_word' id='word_1_281' title='bbox 1229 2452 1271 2492; x_wconf 91' lang='lat' dir='ltr'>et</span> <span class='ocrx_word' id='word_1_282' title='bbox 1295 2449 1509 2503; x_wconf 86' lang='lat' dir='ltr'>pertinere</span> <span class='ocrx_word' id='word_1_283' title='bbox 1535 2449 1587 2491; x_wconf 85' lang='lat' dir='ltr'>ad</span> <span class='ocrx_word' id='word_1_284' title='bbox 1610 2449 1821 2490; x_wconf 86' lang='lat' dir='ltr'>humanae</span> 
     </span>
     <span class='ocr_line' id='line_1_33' title="bbox 262 2516 1820 2575; baseline 0.004 -21"><span class='ocrx_word' id='word_1_285' title='bbox 262 2516 436 2557; x_wconf 86' lang='lat' dir='ltr'>naturae</span> <span class='ocrx_word' id='word_1_286' title='bbox 459 2516 640 2568; x_wconf 85' lang='lat' dir='ltr'>primam</span> <span class='ocrx_word' id='word_1_287' title='bbox 665 2520 1028 2567; x_wconf 76' lang='lat' dir='ltr'>constitutionem,</span> <span class='ocrx_word' id='word_1_288' title='bbox 1054 2536 1149 2563; x_wconf 90' lang='lat' dir='ltr'>cum</span> <span class='ocrx_word' id='word_1_289' title='bbox 1174 2521 1351 2575; x_wconf 88' lang='lat' dir='ltr'>Pelagio</span> <span class='ocrx_word' id='word_1_290' title='bbox 1373 2521 1560 2563; x_wconf 87' lang='lat' dir='ltr'>sentiant</span> <span class='ocrx_word' id='word_1_291' title='bbox 1579 2519 1820 2563; x_wconf 84' lang='lat' dir='ltr'>adversarii.</span> 
     </span>
     <span class='ocr_line' id='line_1_34' title="bbox 262 2584 1818 2647; baseline 0.005 -21"><span class='ocrx_word' id='word_1_292' title='bbox 262 2584 395 2628; x_wconf 87' lang='lat' dir='ltr'>Vide</span> <span class='ocrx_word' id='word_1_293' title='bbox 423 2587 700 2643; x_wconf 63' lang='grc'><strong>1301118015.</strong></span> <span class='ocrx_word' id='word_1_294' title='bbox 730 2590 838 2632; x_wconf 89' lang='lat' dir='ltr'>Lib.</span> <span class='ocrx_word' id='word_1_295' title='bbox 868 2592 903 2633; x_wconf 87' lang='lat'>1.</span> <span class='ocrx_word' id='word_1_296' title='bbox 930 2592 988 2634; x_wconf 89' lang='lat' dir='ltr'>de</span> <span class='ocrx_word' id='word_1_297' title='bbox 1012 2592 1129 2635; x_wconf 89' lang='lat' dir='ltr'>Nat.</span> <span class='ocrx_word' id='word_1_298' title='bbox 1157 2595 1206 2635; x_wconf 88' lang='lat' dir='ltr'>et</span> <span class='ocrx_word' id='word_1_299' title='bbox 1231 2596 1367 2647; x_wconf 88' lang='lat' dir='ltr'>grat.</span> <span class='ocrx_word' id='word_1_300' title='bbox 1394 2608 1502 2647; x_wconf 87' lang='lat' dir='ltr'>cap.</span> <span class='ocrx_word' id='word_1_301' title='bbox 1527 2594 1564 2635; x_wconf 84' lang='lat'>3.</span> <span class='ocrx_word' id='word_1_302' title='bbox 1590 2592 1818 2647; x_wconf 86' lang='lat' dir='ltr'>Tapper.</span> 
     </span>
     <span class='ocr_line' id='line_1_35' title="bbox 264 2659 1611 2718; baseline 0.007 -21"><span class='ocrx_word' id='word_1_303' title='bbox 264 2659 357 2698; x_wconf 86' lang='lat' dir='ltr'>art.</span> <span class='ocrx_word' id='word_1_304' title='bbox 388 2659 423 2699; x_wconf 93' lang='grc'>2.</span> <span class='ocrx_word' id='word_1_305' title='bbox 453 2662 503 2700; x_wconf 88' lang='grc'>61</span> <span class='ocrx_word' id='word_1_306' title='bbox 531 2660 727 2702; x_wconf 88' lang='lat' dir='ltr'>Bellar.</span> <span class='ocrx_word' id='word_1_307' title='bbox 759 2661 864 2704; x_wconf 88' lang='lat' dir='ltr'>Lib.</span> <span class='ocrx_word' id='word_1_308' title='bbox 895 2664 932 2704; x_wconf 90' lang='grc'><strong>2.</strong></span> <span class='ocrx_word' id='word_1_309' title='bbox 963 2664 1021 2705; x_wconf 87' lang='grc'>(16</span> <span class='ocrx_word' id='word_1_310' title='bbox 1049 2664 1240 2707; x_wconf 85' lang='grc' dir='ltr'><strong>Α111133.</strong></span> <span class='ocrx_word' id='word_1_311' title='bbox 1270 2667 1406 2718; x_wconf 89' lang='lat' dir='ltr'>grat.</span> <span class='ocrx_word' id='word_1_312' title='bbox 1438 2680 1545 2718; x_wconf 89' lang='lat' dir='ltr'>cap.</span> <span class='ocrx_word' id='word_1_313' title='bbox 1575 2665 1611 2706; x_wconf 89' lang='grc'>2.</span> 
     </span>
    </p>

    <p class='ocr_par' dir='ltr' id='par_1_4' title="bbox 264 2729 1820 3077">
     <span class='ocr_line' id='line_1_36' title="bbox 316 2729 1819 2790; baseline 0.004 -20"><span class='ocrx_word' id='word_1_314' title='bbox 316 2729 532 2772; x_wconf 86' lang='lat' dir='ltr'>XXXVII.</span> <span class='ocrx_word' id='word_1_315' title='bbox 570 2731 787 2774; x_wconf 88' lang='lat' dir='ltr'>Hactenus</span> <span class='ocrx_word' id='word_1_316' title='bbox 824 2733 874 2775; x_wconf 92' lang='grc'>(16</span> <span class='ocrx_word' id='word_1_317' title='bbox 910 2733 1047 2776; x_wconf 85' lang='lat' dir='ltr'>forma</span> <span class='ocrx_word' id='word_1_318' title='bbox 1076 2736 1241 2788; x_wconf 87' lang='lat' dir='ltr'>peccati</span> <span class='ocrx_word' id='word_1_319' title='bbox 1271 2735 1502 2790; x_wconf 87' lang='lat' dir='ltr'>originalis.</span> <span class='ocrx_word' id='word_1_320' title='bbox 1530 2734 1630 2777; x_wconf 85' lang='lat' dir='ltr'>Jam</span> <span class='ocrx_word' id='word_1_321' title='bbox 1659 2735 1710 2777; x_wconf 92' lang='lat' dir='ltr'>de</span> <span class='ocrx_word' id='word_1_322' title='bbox 1736 2734 1819 2776; x_wconf 91' lang='lat' dir='ltr'>fine</span> 
     </span>
     <span class='ocr_line' id='line_1_37' title="bbox 264 2800 1817 2861; baseline 0.005 -21"><span class='ocrx_word' id='word_1_323' title='bbox 264 2800 481 2843; x_wconf 83' lang='lat' dir='ltr'>dicendum</span> <span class='ocrx_word' id='word_1_324' title='bbox 510 2806 637 2854; x_wconf 84' lang='lat' dir='ltr'>esset3</span> <span class='ocrx_word' id='word_1_325' title='bbox 668 2805 740 2846; x_wconf 88' lang='lat' dir='ltr'>sed</span> <span class='ocrx_word' id='word_1_326' title='bbox 769 2805 868 2857; x_wconf 87' lang='lat' dir='ltr'>quia</span> <span class='ocrx_word' id='word_1_327' title='bbox 897 2806 1126 2848; x_wconf 82' lang='lat' dir='ltr'>secundum</span> <span class='ocrx_word' id='word_1_328' title='bbox 1155 2822 1198 2849; x_wconf 87' lang='lat' dir='ltr'>se</span> <span class='ocrx_word' id='word_1_329' title='bbox 1226 2809 1422 2861; x_wconf 88' lang='lat' dir='ltr'>respectu</span> <span class='ocrx_word' id='word_1_330' title='bbox 1449 2806 1633 2849; x_wconf 87' lang='lat' dir='ltr'>hominis</span> <span class='ocrx_word' id='word_1_331' title='bbox 1660 2806 1705 2851; x_wconf 85' lang='lat' dir='ltr'>in</span> <span class='ocrx_word' id='word_1_332' title='bbox 1734 2820 1817 2859; x_wconf 91' lang='lat' dir='ltr'>quo</span> 
     </span>
     <span class='ocr_line' id='line_1_38' title="bbox 265 2874 1820 2935; baseline 0.004 -22"><span class='ocrx_word' id='word_1_333' title='bbox 265 2874 339 2923; x_wconf 85' lang='lat' dir='ltr'>est,</span> <span class='ocrx_word' id='word_1_334' title='bbox 377 2874 502 2914; x_wconf 83' lang='lat' dir='ltr'>finem</span> <span class='ocrx_word' id='word_1_335' title='bbox 537 2890 621 2915; x_wconf 93' lang='lat' dir='ltr'>non</span> <span class='ocrx_word' id='word_1_336' title='bbox 657 2875 800 2926; x_wconf 81' lang='lat' dir='ltr'>habet,</span> <span class='ocrx_word' id='word_1_337' title='bbox 831 2876 979 2918; x_wconf 86' lang='lat' dir='ltr'>effecta</span> <span class='ocrx_word' id='word_1_338' title='bbox 1008 2879 1049 2919; x_wconf 92' lang='lat' dir='ltr'>et</span> <span class='ocrx_word' id='word_1_339' title='bbox 1079 2878 1392 2931; x_wconf 86' lang='lat' dir='ltr'>consequentia,</span> <span class='ocrx_word' id='word_1_340' title='bbox 1423 2879 1516 2920; x_wconf 91' lang='lat' dir='ltr'>loco</span> <span class='ocrx_word' id='word_1_341' title='bbox 1546 2877 1654 2929; x_wconf 85' lang='lat' dir='ltr'>finis,</span> <span class='ocrx_word' id='word_1_342' title='bbox 1683 2876 1820 2935; x_wconf 74' lang='lat' dir='ltr'>solent</span> 
     </span>
     <span class='ocr_line' id='line_1_39' title="bbox 265 2943 1819 3002; baseline 0.005 -20"><span class='ocrx_word' id='word_1_343' title='bbox 265 2943 529 2985; x_wconf 84' lang='lat' dir='ltr'>considerari.</span> <span class='ocrx_word' id='word_1_344' title='bbox 560 2945 750 2988; x_wconf 87' lang='lat' dir='ltr'>Primum</span> <span class='ocrx_word' id='word_1_345' title='bbox 780 2949 842 2989; x_wconf 83' lang='lat' dir='ltr'>est</span> <span class='ocrx_word' id='word_1_346' title='bbox 869 2947 1094 3001; x_wconf 78' lang='lat' dir='ltr'>Beatus,</span> <span class='ocrx_word' id='word_1_347' title='bbox 1125 2964 1208 3002; x_wconf 88' lang='lat' dir='ltr'>quo</span> <span class='ocrx_word' id='word_1_348' title='bbox 1236 2949 1407 2992; x_wconf 88' lang='lat' dir='ltr'>nomine</span> <span class='ocrx_word' id='word_1_349' title='bbox 1434 2948 1689 3002; x_wconf 82' lang='lat' dir='ltr'>intelligitur</span> <span class='ocrx_word' id='word_1_350' title='bbox 1712 2948 1819 2990; x_wconf 89' lang='lat' dir='ltr'>obli-</span> 
     </span>
     <span class='ocr_line' id='line_1_40' title="bbox 264 3014 1818 3077; baseline 0.007 -24"><span class='ocrx_word' id='word_1_351' title='bbox 264 3014 379 3065; x_wconf 82' lang='lat' dir='ltr'>gatio</span> <span class='ocrx_word' id='word_1_352' title='bbox 409 3015 459 3055; x_wconf 89' lang='lat' dir='ltr'>ad</span> <span class='ocrx_word' id='word_1_353' title='bbox 488 3030 677 3069; x_wconf 85' lang='lat' dir='ltr'>poenam,</span> <span class='ocrx_word' id='word_1_354' title='bbox 707 3018 797 3074; x_wconf 85' lang='lat' dir='ltr'>sive</span> <span class='ocrx_word' id='word_1_355' title='bbox 822 3019 1035 3061; x_wconf 86' lang='lat' dir='ltr'>vinculum</span> <span class='ocrx_word' id='word_1_356' title='bbox 1063 3020 1168 3062; x_wconf 88' lang='lat' dir='ltr'>illud</span> <span class='ocrx_word' id='word_1_357' title='bbox 1192 3021 1303 3064; x_wconf 90' lang='lat' dir='ltr'>inter</span> <span class='ocrx_word' id='word_1_358' title='bbox 1327 3023 1548 3077; x_wconf 86' lang='lat' dir='ltr'>peccatum</span> <span class='ocrx_word' id='word_1_359' title='bbox 1572 3023 1614 3064; x_wconf 88' lang='lat' dir='ltr'>et</span> <span class='ocrx_word' id='word_1_360' title='bbox 1638 3035 1818 3075; x_wconf 84' lang='lat' dir='ltr'>oenamp</span> 
     </span>
    </p>
   </div>
   <div class='ocr_carea' id='block_1_3' title="bbox 1891 2506 1931 3224">
    <p class='ocr_par' dir='ltr' id='par_1_5' title="bbox 1891 2506 1931 3224">
     <span class='ocr_line' id='line_1_41' title="bbox 1891 2506 1931 3224; baseline 0 0"><span class='ocrx_word' id='word_1_361' title='bbox 1891 2506 1931 3224; x_wconf 95' lang='lat' dir='ltr'> </span> 
     </span>
    </p>
   </div>
  </div>
 </body>
</html>
