1931 3224
304 155 382 195 622
914 155 1155 197 DISPUTATIO
1184 155 1228 197 L.

360 278 509 320 XLIX.
547 278 736 319 Maxima
771 279 882 320 inter
919 281 1144 332 utramque
1162 279 1600 338 administrationem,
1630 280 1860 333 politicam,

308 349 481 401 scilicet,
522 351 564 390 et
601 348 957 401 Ecclesiasticam,
996 349 1220 391 concordia
1257 350 1314 391 ali
1352 350 1489 402 debet,
1527 354 1574 392 ut
1613 351 1745 393 altera
1786 367 1867 405 ope

308 421 480 462 alterius
505 420 718 472 fulciatur,
747 422 789 462 et
811 435 897 463 non
921 421 1059 462 minus
1083 420 1362 474 Magistratus
1387 422 1642 464 auctoritate
1665 425 1731 464 τοῦ
1754 423 1866 471 ὁσίου,

307 492 372 533 vel
409 506 552 533 sacrae
588 491 838 545 Religionis,
873 492 1064 545 jurisque
1103 493 1233 534 divini
1270 493 1537 536 firmamenta
1577 494 1621 535 in
1663 494 1866 547 Ecclesia,

307 578 434 616 quam
471 562 827 617 Presbyterorum
861 563 1076 606 Ecclesiae
1114 564 1350 607 ministerio
1379 565 1590 620 principia
1621 569 1688 608 τοῦ
1719 565 1869 608 δικαίου

306 649 378 676 seu
407 634 609 676 Justitiae
639 650 687 677 ac
711 635 819 688 juris
848 635 1081 678 communis
1110 637 1154 677 in
1183 636 1385 678 societate
1415 637 1528 678 civili
1560 638 1814 679 sanciantur.

360 705 402 747 L.
433 705 529 748 Etsi
557 705 831 760 Magistratui
862 706 1103 749 Christiano
1130 707 1352 760 utriusque
1377 708 1483 761 legis
1508 708 1678 750 tabulae
1703 708 1869 750 custodi

306 791 353 818 ac
389 777 558 829 vindici,
601 778 810 832 imprimis
852 778 933 820 Dei
972 779 1121 831 gloria,
1160 781 1287 831 atque
1326 779 1437 821 salus
1480 779 1628 832 populi
1673 793 1869 833 suprema

306 849 373 890 lex
413 864 501 891 esse
541 849 705 901 debeat,
743 849 898 902 hicque
929 864 1015 891 non
1043 852 1224 902 tantum,
1254 852 1302 892 ut
1330 850 1459 892 homo
1489 850 1694 903 privatus,
1726 850 1797 892 sed
1821 852 1869 890 ut

307 919 524 973 Princeps,
563 920 740 961 verbum
777 919 859 962 Dei
898 921 1048 962 diurna
1085 936 1213 963 manu
1243 936 1291 962 ac
1318 924 1527 963 nocturna
1556 936 1723 963 versare
1748 923 1867 962 tene-

305 993 413 1043 atur,
442 994 489 1032 ut
520 993 609 1044 ejus
640 991 768 1033 ductu
796 992 1050 1045 religionem
1078 993 1270 1046 legitime
1301 992 1580 1034 constitutam
1606 1007 1867 1044 conservare,

306 1078 353 1105 ac
393 1063 623 1117 collapsam
663 1064 900 1105 instaurare
938 1064 1094 1117 possit:
1135 1079 1220 1106 non
1258 1066 1489 1118 propterea
1515 1067 1659 1106 tamen
1686 1063 1870 1105 functio-

305 1149 401 1176 nem
431 1134 776 1177 Ecclesiasticam
806 1150 1012 1189 usurpare
1041 1135 1176 1186 debet,
1207 1136 1279 1177 sed
1307 1136 1472 1178 ratione
1503 1135 1634 1177 officii
1663 1135 1745 1176 sibi
1776 1150 1870 1176 cum

305 1205 401 1246 aliis
439 1204 536 1247 fidei
567 1206 810 1248 domesticis
842 1206 1087 1258 communis,
1117 1206 1252 1247 instar
1281 1207 1371 1248 ovis
1399 1206 1569 1258 Christi,
1598 1206 1774 1248 verbum
1803 1207 1870 1260 ip-

307 1276 392 1317 sius
431 1276 575 1318 audire
619 1279 660 1318 et
701 1280 965 1319 sacramenta
1003 1278 1283 1331 participare:
1323 1280 1450 1331 atque
1488 1279 1623 1319 instar
1652 1278 1760 1319 servi
1789 1277 1870 1319 Dei

305 1347 439 1388 filium
480 1348 568 1400 ejus
606 1347 687 1389 sibi
716 1348 760 1389 in
790 1349 920 1390 verbo
950 1348 1029 1390 Dei
1059 1364 1136 1402 per
1165 1364 1396 1401 praecones
1426 1349 1651 1403 Evangelii
1681 1349 1870 1391 oblatum

307 1419 500 1470 osculari,
536 1420 773 1472 jugumque
811 1420 1059 1473 disciplinae
1100 1422 1189 1473 ejus
1228 1435 1353 1474 super
1392 1436 1434 1462 se
1464 1421 1660 1463 attollere
1687 1423 1868 1463 tenetur.

359 1490 425 1534 LI.
464 1490 601 1532 Mixta
630 1491 762 1533 Mosis
793 1492 1106 1534 administratio
1135 1491 1228 1544 fuit,
1261 1492 1597 1533 extraordinaria
1627 1507 1674 1534 ac
1702 1495 1869 1546 tempo-

305 1562 429 1614 raria,
470 1565 700 1616 postquam
730 1564 842 1605 enim
870 1563 1047 1605 fratrem
1076 1578 1199 1604 suum
1228 1564 1444 1605 Aaronem
1473 1579 1523 1605 ex
1553 1564 1761 1618 singulari
1788 1563 1870 1606 Dei

305 1634 505 1676 mandato
534 1634 789 1677 Pontificem
818 1635 1126 1689 inaugurasset,
1152 1650 1237 1677 non
1263 1635 1445 1689 amplius
1470 1634 1743 1677 Sacerdotem
1768 1636 1869 1690 egit,

305 1705 376 1747 sed
410 1705 454 1747 in
483 1705 726 1747 Levitarum
757 1706 903 1748 ordine
932 1707 1135 1748 substitit.
1165 1706 1460 1749 Melchisedeci
1488 1707 1620 1761 Regis
1649 1706 1790 1749 Salem
1820 1722 1869 1748 ac

304 1774 546 1818 Sacerdotis
589 1776 669 1818 Dei
712 1777 909 1818 altissimi
950 1777 1114 1819 functio
1156 1778 1238 1819 fuit
1280 1778 1437 1832 typica,
1482 1781 1524 1820 et
1563 1794 1657 1821 cum
1694 1778 1868 1832 reliquis

306 1848 556 1889 ceremoniis
584 1848 743 1901 typicis
773 1863 796 1889 a
828 1847 996 1891 Christo
1027 1850 1248 1903 abrogata,
1281 1850 1354 1902 qui
1385 1853 1614 1904 propterea
1643 1850 1867 1904 Apostolis

306 1919 391 1961 suis
419 1919 703 1961 ministerium
739 1920 857 1962 verbi
894 1920 1060 1972 indixit,
1099 1936 1146 1962 ac
1177 1922 1398 1963 dominatu
1429 1923 1606 1975 politiae
1634 1923 1868 1974 interdixit,

304 2005 357 2032 ne
395 1991 448 2032 ab
487 1992 539 2033 iis
579 2006 810 2044 eorumque
848 1991 1158 2034 successoribus
1187 1993 1500 2035 administratio
1528 1993 1761 2036 Pastoralis
1789 1994 1867 2035 ho-

304 2063 408 2104 mini
436 2063 626 2116 politico,
659 2066 731 2105 aut
760 2064 879 2117 regia
907 2063 1072 2105 homini
1100 2063 1399 2107 Ecclesiastico
1430 2065 1764 2107 demandaretur.

358 2133 446 2175 LII.
485 2134 663 2184 Qualem
703 2135 798 2188 pius
836 2150 882 2177 ac
921 2135 1056 2176 fidelis
1085 2134 1365 2188 Magistratus
1396 2136 1616 2180 electionis
1645 2139 1865 2190 pastorum

305 2220 449 2247 curam
486 2206 643 2248 habere
682 2206 844 2257 debeat,
881 2206 925 2247 in
962 2205 1154 2248 thesibus
1194 2206 1243 2248 de
1273 2207 1566 2250 ministrorum
1596 2208 1864 2250 Ecclesiasti-

305 2291 448 2318 corum
478 2278 700 2320 vocatione
731 2278 1046 2330 declaravimus,
1077 2278 1290 2330 nimirum,
1320 2278 1623 2332 Magistratum
1650 2280 1730 2322 hac
1754 2281 1797 2322 in
1821 2296 1866 2322 re

304 2363 347 2389 se
385 2363 532 2401 gerere
572 2350 723 2392 debere
762 2350 991 2392 secundum
1031 2350 1222 2392 ordinem
1252 2351 1305 2392 ab
1333 2351 1427 2404 ipso
1457 2350 1628 2393 Christo
1658 2352 1865 2395 constitu-

302 2421 407 2472 tum,
447 2420 519 2473 qui
557 2420 601 2461 in
639 2436 687 2463 eo
728 2420 934 2473 consistit,
966 2423 1013 2462 ut
1044 2424 1263 2475 tamquam
1293 2423 1434 2475 quarti
1464 2424 1681 2476 praecepti
1712 2426 1864 2476 custos,

303 2494 515 2544 procuret,
554 2494 602 2533 ut
640 2492 721 2534 viri
758 2492 900 2534 idonei
937 2508 1013 2546 per
1049 2494 1376 2548 presbyterium,
1414 2494 1637 2537 accedente
1666 2497 1759 2537 tum
1785 2495 1865 2537 im-

305 2562 454 2615 primis
491 2562 638 2615 ipsius,
675 2565 767 2604 tum
795 2564 929 2605 totius
961 2579 1130 2618 quoque
1159 2565 1374 2607 Ecclesiae
1403 2580 1608 2608 consensu
1639 2581 1687 2608 ac
1716 2567 1865 2608 suffra—

306 2633 389 2686 gio,
429 2633 482 2675 ad
518 2648 670 2680 munus
708 2635 923 2688 pastorale
961 2635 1153 2689 legitime
1181 2639 1397 2689 vocentur,
1428 2652 1475 2679 ac
1504 2652 1646 2679 coram
1675 2637 1865 2679 Ecclesia

305 2705 566 2758 ordinentur,
593 2720 643 2747 ex
668 2720 785 2748 more
811 2706 1118 2761 Apostolorum
1145 2710 1186 2749 et
1209 2708 1595 2762 Evangelistarum,
1612 2709 1706 2751 Act.
1724 2709 1785 2760 14,
1802 2709 1863 2750 23.

299 2773 388 2817 Tit.
432 2777 468 2829 1,
507 2777 544 2818 5.
583 2792 709 2830 quem
747 2778 896 2821 Patres
932 2780 1069 2821 nostri
1108 2779 1185 2821 sub
1214 2780 1297 2833 piis
1325 2780 1513 2822 viventes
1543 2779 1864 2833 magistratibus

306 2850 550 2891 constanter
579 2849 869 2892 observarunt.

359 2917 468 2960 LIII.
506 2919 762 2975 Exemplum
800 2921 944 2973 Mosis,
979 2922 1093 2974 quod
1133 2924 1281 2964 contra
1309 2922 1418 2964 hanc
1447 2924 1692 2965 nostrorum
1722 2920 1862 2963 Theo—

305 2988 500 3042 logorum
541 2994 795 3035 sententiam
836 2993 1046 3046 objicitur,
1086 2996 1148 3035 est
1185 3009 1358 3047 prorsus
1397 2993 1790 3046 extraordinarium,
1821 2996 1863 3035 et
