1931 3224
292 131 370 171 466
876 128 1120 170 DrsPuTATIo
1147 128 1278 170 XLII.

291 268 385 296 nos
424 252 780 303 Sacerdotes,
822 251 906 292 vel
944 251 1206 305 indignos
1245 252 1546 294 recusandi.
1585 252 1643 294 Et
1680 252 1760 306 Ep.
1790 253 1855 295 68.

292 325 548 366 Videmus
586 323 644 364 de
684 322 870 364 divina
912 323 1255 365 auctoritate
1294 314 1645 376 descendere,
1683 326 1740 365 ut
1770 323 1855 366 Sa-

293 396 502 446 cerdos,
545 394 700 447 plebe
742 395 1057 447 praesente,
1102 395 1196 436 snb
1243 395 1477 437 omnium
1513 395 1690 438 oculis
1729 395 1857 438 deli-

291 470 471 521 gatur,
511 469 560 508 et
598 467 798 521 dignus
828 468 992 517 atque
1023 466 1277 519 idoneus,
1307 467 1530 520 publico
1557 467 1770 520 judicio
1801 482 1858 509 ac

289 538 613 580 testimonio
646 541 1048 594 comprobetur.
1079 541 1179 582 Ideo
1203 540 1472 593 Augustinus
1496 542 1726 594 postquam
1751 538 1858 580 Era-

291 610 403 651 dium
443 610 487 651 in
527 625 812 654 successorem
851 628 973 654 suum
1013 612 1222 665 elegisset,
1261 611 1499 653 Ecclesiam
1528 626 1645 653 suam
1675 610 1857 664 rogavit,

289 684 336 722 ut
366 682 418 722 ad
448 682 756 737 Episcopatum
789 699 884 726 eum
913 685 1133 738 reciperet.

342 752 518 795 XXXV.
561 753 628 795 Ne
671 758 813 797 autem
857 757 902 798 in
945 756 1152 810 Episcopi
1191 756 1395 798 electione
1435 769 1553 796 error
1592 754 1743 807 aliquis
1773 752 1857 795 toti

289 824 505 866 Ecclesiae
543 826 808 878 perniciosus
848 828 1198 879 committeretur,
1237 828 1309 881 pia
1347 826 1580 879 antiquitas
1620 827 1655 868 1.
1695 824 1859 867 solenni

289 895 453 937 solebat
496 897 688 939 examine
728 899 967 940 doctrinam
1006 914 1054 940 ae
1092 899 1226 940 vitam
1262 898 1375 939 illius
1405 898 1523 951 prius
1553 896 1786 951 explorare,
1817 897 1859 937 et

290 966 424 1009 sicubi
467 968 630 1010 idoneis
674 968 897 1012 Judicibus
942 971 1255 1022 destitueretur,
1300 969 1580 1022 Presbyteros
1622 983 1672 1010 ex
1710 966 1860 1009 vicinis

288 1037 490 1080 Ecclesiis
529 1040 572 1081 in
605 1055 698 1082 eum
728 1042 856 1084 finem
888 1057 1111 1094 accersere,
1144 1041 1371 1083 secundum
1400 1040 1615 1082 Canonem
1642 1038 1857 1092 Apostoli,

289 1110 313 1149 2
343 1109 450 1150 Tim.
481 1111 517 1161 2,
549 1111 585 1151 2.
615 1111 761 1154 Haec
800 1114 1084 1154 committe
1123 1113 1256 1154 fidis
1285 1111 1598 1154 hominibus
1628 1111 1718 1164 qui
1748 1111 1859 1152 sint

288 1180 472 1222 idonei
510 1182 572 1223 ad
612 1183 754 1225 alios
795 1199 1006 1237 quoque
1044 1185 1327 1227 docendos.
1366 1185 1403 1225 2.
1443 1197 1598 1225 nomen
1627 1182 1757 1234 illius,
1785 1181 1860 1223 ubi

288 1251 331 1292 id
365 1252 535 1304 licebat,
565 1254 609 1295 in
637 1255 796 1296 tabella
826 1255 1112 1309 perscriptum
1142 1255 1338 1297 omnibus
1366 1254 1536 1309 publice
1565 1254 1730 1296 solebat
1758 1267 1859 1306 pro-

289 1337 460 1376 ponere,
504 1324 577 1366 ubi
619 1339 719 1367 vero
757 1326 800 1367 id
838 1342 924 1369 non
964 1327 1132 1379 licebat,
1161 1327 1206 1369 in
1237 1329 1358 1369 coetu
1388 1325 1687 1368 Ecclesiastico
1716 1324 1860 1378 palam

289 1395 479 1447 recitare,
510 1400 558 1438 ut
588 1397 623 1438 si
653 1397 754 1450 quid
782 1398 888 1450 vitii,
919 1399 1079 1452 probri,
1110 1402 1184 1440 aut
1213 1399 1411 1450 scandali,
1440 1399 1486 1440 in
1515 1413 1563 1439 eo
1594 1398 1860 1450 compertum

289 1466 452 1518 fuisset,
482 1467 585 1509 illud
614 1469 728 1510 intra
758 1469 870 1510 diem
899 1470 1173 1523 praefinitum
1197 1471 1250 1511 ad
1273 1469 1595 1523 Presbyterium
1611 1467 1858 1509 deferretur.

293 1537 384 1587 Qua
423 1539 803 1594 circumspectione
844 1544 1014 1582 cautum
1051 1541 1144 1590 fuit,
1181 1556 1234 1583 ne
1268 1541 1362 1594 quis
1392 1541 1445 1582 ad
1473 1556 1638 1583 sacrum
1667 1539 1859 1581 ministe-

289 1610 400 1651 rium
429 1612 738 1663 admitteretur,
763 1612 846 1654 nisi
869 1613 1030 1654 bonum
1057 1627 1226 1666 quoque
1247 1612 1542 1684 &timonium
1571 1612 1623 1654 ab
1648 1610 1859 1653 extraneis

287 1682 477 1733 haberet,
503 1684 627 1735 juxta
657 1683 1113 1726 commonefactionem
1141 1684 1355 1737 Apostoli,
1387 1684 1408 1726 1
1435 1683 1543 1725 Tim.
1560 1684 1597 1734 3,
1614 1683 1649 1725 7.
1666 1682 1858 1724 Diacono

290 1753 402 1794 enim
432 1754 725 1806 proclamante
756 1755 801 1796 in
829 1755 1032 1807 Ecclesia,
1063 1755 1183 1797 licuit
1209 1755 1404 1796 omnibus
1428 1753 1599 1796 Pastori
1624 1753 1858 1795 ordinando

288 1824 451 1866 aditum
490 1825 541 1866 ad
579 1825 770 1879 regimen
809 1827 1048 1868 animarum
1084 1826 1280 1880 objicere,
1310 1826 1345 1868 si
1375 1826 1488 1879 quod
1518 1825 1747 1878 aliquando
1778 1823 1858 1866 cri-

287 1910 383 1936 men
412 1899 638 1949 patrasset,
669 1899 716 1937 ut
745 1897 868 1939 docet
898 1897 1165 1952 Origenes
1195 1900 1390 1940 contra
1420 1896 1653 1948 Celsum,
1683 1895 1791 1938 Lib.
1820 1895 1856 1936 8.

288 1966 365 2008 sub
394 1967 534 2009 finem.

340 2037 537 2080 XXXVI.
577 2039 769 2093 Uterque
808 2041 904 2094 piae
943 2041 1214 2094 antiquitatis
1253 2041 1360 2082 ritus
1397 2041 1520 2082 nobis
1560 2053 1726 2093 semper
1762 2037 1858 2080 imi-

287 2111 441 2151 tandus
483 2113 557 2162 est,
598 2114 646 2152 ut
685 2126 736 2153 ex
773 2112 926 2154 idoneo
966 2115 1095 2165 atque
1134 2112 1364 2154 universali
1404 2112 1732 2154 domesticorum
1761 2111 1859 2153 fidei

287 2182 549 2233 testimonio,
579 2183 662 2224 toti
691 2184 852 2237 populo
882 2184 1017 2236 probe
1047 2187 1223 2235 constet,
1254 2183 1469 2226 Ecclesiae
1493 2183 1716 2225 Pastorem
1740 2197 1858 2225 acce-

288 2253 411 2294 dente
452 2256 540 2307 ejus
580 2254 786 2308 suffragio
826 2255 1007 2296 electum
1037 2258 1079 2296 et
1109 2255 1363 2306 ordinatum,
1394 2269 1484 2296 esse
1513 2254 1857 2308 irreprehensum

288 2326 417 2377 atque
448 2328 597 2378 aptum
626 2327 677 2367 ad
707 2341 805 2368 oves
835 2326 994 2368 Christi
1024 2328 1268 2380 pascendas.
1298 2326 1450 2380 Neque
1475 2327 1520 2368 in
1544 2326 1858 2380 Episcoporum

286 2398 455 2437 tantum
495 2399 536 2438 et
576 2397 944 2451 presbyterorum,
985 2398 1056 2440 sed
1087 2399 1139 2451 in
1168 2398 1459 2440 Diaconorum
1489 2412 1659 2451 quoque
1690 2397 1859 2439 ordina-

286 2467 474 2509 tionibus
504 2468 635 2509 ritum
665 2470 893 2521 utrumque
922 2469 1046 2511 nobis
1076 2469 1330 2511 imitandum
1362 2484 1464 2522 esse,
1493 2471 1640 2512 monet
1672 2467 1858 2522 Cypri-

289 2553 420 2580 anus
450 2539 630 2592 Epist.
661 2540 723 2581 68.

341 2609 560 2652 XXXVII.
604 2610 804 2660 Quamvis
847 2611 1045 2654 Pastores
1087 2612 1243 2655 electos
1284 2611 1508 2654 ordinandi
1540 2613 1744 2665 potestas,
1784 2625 1856 2652 seu

292 2682 339 2723 in
376 2682 614 2728 ministerio
653 2684 944 2734 confirmandi,
975 2684 1027 2725 ad
1055 2687 1195 2726 totum
1225 2684 1558 2738 presbyterium,
1591 2682 1704 2736 quod
1731 2681 1858 2723 hodie

284 2768 482 2795 vocamus
519 2753 840 2806 Consistorium,
871 2754 1098 2808 pertineat,
1126 2756 1228 2797 olim
1252 2758 1396 2798 tamen
1419 2754 1739 2808 Presbyterium
1765 2768 1858 2796 eam

289 2824 374 2865 ritu
406 2831 476 2873 τῆς
509 2825 779 2879 χειροθεσίας.
811 2841 896 2868 non
926 2828 1016 2868 tam
1046 2842 1122 2880 per
1151 2827 1348 2870 Seniores
1378 2828 1452 2881 qui
1480 2825 1708 2880 praecipue
1736 2840 1857 2879 prae-

293 2898 414 2937 erant
452 2896 711 2950 disciplinae,
746 2898 1069 2951 exsequebatur,
1103 2914 1229 2952 quam
1259 2915 1336 2953 per
1365 2899 1576 2949 PastoreS,
1607 2897 1680 2950 qui
1709 2896 1858 2950 impri-

290 2966 369 3007 mis
409 2967 616 3009 vacabant
645 2968 906 3022 Prophetiae
937 2984 1010 3011 seu
1042 2969 1362 3024 Scripturarum
1392 2968 1678 3024 explicationi,
1709 2983 1858 3011 earun-
1903 3014 1906 3018 ⁴
