1931 3224
415 167 478 210 DE
507 168 608 210 FIDE
637 183 684 210 ΕΤ
714 168 1042 211 ΡΕΕ3ΕνΕ11ΑΝΤιΑ
1070 166 1316 209 SANCTORUM.
1566 165 1644 207 319

86 293 302 336 tatione
340 294 593 346 praestat
631 293 961 345 evasionem,
1001 292 1024 333 1
1055 290 1148 333 Cor.
1179 290 1334 342 10,13.
1365 304 1413 332 ac
1440 304 1517 343 per
1547 289 1643 343 Spi-

87 365 218 406 ritum
250 378 371 405 suum
397 363 501 405 facit
530 363 700 406 tandem
727 366 776 405 ut
804 363 1054 414 eluctentur,
1084 364 1126 403 et
1148 361 1193 402 in
1215 361 1267 402 iis
1292 363 1411 402 actus
1435 360 1506 402 ille
1529 359 1645 402 velut

88 438 304 478 emortuus
342 435 577 487 reviviscat,
617 435 689 488 qui
726 450 813 477 non
841 437 904 476 est
932 434 1118 476 incertae
1147 431 1420 485 opinationis,
1451 433 1524 472 aut
1554 430 1645 484 spei

89 506 396 560 conjecturalis,
435 506 507 548 sed
544 521 667 548 verae
706 508 747 548 et
783 506 904 547 vivae
933 505 1033 547 fidei
1060 519 1137 559 per
1166 503 1407 557 adoptionis
1436 502 1646 555 Spiritum

87 577 132 618 in
160 577 248 630 ejus
279 577 404 618 corde
435 576 644 618 excitatae
675 578 716 618 et
746 576 1007 630 obsignatae.

140 647 248 690 XLI.
277 647 395 689 Finis
423 648 764 701 perseverantiae
789 648 1022 700 proximus,
1049 648 1111 688 est
1134 646 1323 688 fidelium
1347 645 1470 697 salus,
1494 644 1538 685 in
1562 658 1646 697 qua

89 719 139 761 de
167 718 346 760 victoria
375 719 427 759 ab
451 718 648 760 hostibus
672 721 905 772 reportata,
929 717 1197 771 triumphum
1222 719 1356 770 agunt
1379 718 1647 770 perpetuum.

89 789 277 832 Ultimus
316 792 379 832 est
408 790 546 842 gloria
575 790 738 843 gratiae
769 792 810 831 et
838 788 1056 844 potentiae
1086 788 1180 839 Dei,
1211 788 1264 829 ad
1294 802 1421 840 quam
1452 787 1524 839 qui
1553 801 1649 828 vere

90 861 279 913 credunt,
319 861 521 913 quicquid
555 861 599 902 in
646 875 688 902 se
726 860 960 915 praesentis
1003 860 1105 901 boni
1134 861 1383 912 agnoscunt,
1414 860 1488 900 aut
1517 857 1650 899 futuri

90 934 350 986 exspectant,
389 932 611 973 humiliter
647 931 847 973 referunt.
887 931 954 972 Ex
994 945 1077 983 quo
1115 930 1300 983 intelligi
1335 932 1492 984 potest,
1523 944 1651 982 quam

91 1004 393 1048 contumeliose
436 1006 605 1045 sanctae
646 1003 747 1044 huic
787 1002 1004 1044 doctrinae
1045 1001 1253 1054 affingant
1291 1001 1499 1052 nonnulli,
1539 999 1653 1053 quod

92 1091 142 1118 ex
179 1079 331 1119 natura
370 1090 445 1117 sua
473 1089 597 1116 verae
624 1073 778 1128 pietati
806 1073 935 1115 noxia
965 1073 1032 1124 sit,
1063 1075 1104 1114 et
1131 1073 1214 1114 toti
1242 1072 1440 1126 religioni
1468 1071 1651 1125 pernici-

92 1163 176 1190 osa.
236 1147 367 1196 Quasi
417 1161 517 1188 vero
570 1147 719 1187 contra
769 1144 1022 1197 religionem
1061 1143 1223 1196 aliquid
1258 1144 1523 1195 molirentur,
1563 1142 1653 1195 qui

91 1220 447 1274 praesumunt
483 1231 589 1259 non
628 1217 686 1258 de
726 1216 1054 1269 operatione
1094 1229 1206 1267 sua,
1237 1215 1326 1257 sed
1354 1215 1412 1257 de
1442 1214 1653 1256 Christi

92 1292 287 1346 gratia.
311 1290 403 1332 Nos
428 1290 572 1344 potius
597 1288 891 1341 Augustinum
917 1287 1109 1329 audimus
1133 1287 1354 1338 dicentem,
1380 1285 1494 1328 Non
1522 1285 1654 1327 11300

93 1361 418 1415 arrogantia
471 1362 575 1411 est,
625 1358 715 1400 sed
755 1358 918 1409 fides,
957 1357 1286 1411 praedicare
1327 1356 1467 1409 quod
1508 1371 1653 1398 acce-

92 1434 264 1487 peris,
307 1442 411 1474 non
453 1433 533 1473 est
575 1429 858 1484 superbia,
898 1429 987 1471 sed
1026 1428 1260 1471 devotio.
1291 1427 1355 1470 De
1382 1428 1497 1470 verb.
1528 1427 1652 1470 Dom.

93 1517 172 1545 sec.
201 1503 299 1546 Luc.
330 1503 462 1546 Serm.
492 1503 554 1544 28.

146 1574 274 1616 XLII.
312 1573 657 1616 Perseverantiae
696 1571 961 1614 certitudinis
992 1571 1142 1614 effecta
1168 1571 1237 1613 vel
1265 1571 1581 1624 consequentia,
1610 1570 1655 1612 in

93 1646 174 1688 hac
209 1646 298 1688 vita
336 1648 434 1687 sunt
472 1645 564 1698 spei
600 1646 772 1686 nostrae
810 1643 989 1685 firmitas
1023 1646 1065 1685 et
1093 1643 1373 1697 perpetuitas,
1401 1643 1655 1695 unionisque

94 1719 266 1759 nostrae
304 1732 398 1759 cum
436 1716 605 1758 Christo
645 1714 924 1766 confirmatio,
964 1716 1005 1756 et
1042 1714 1198 1756 vinculi
1236 1715 1425 1756 caritatis
1455 1716 1496 1756 et
1525 1714 1654 1768 paciS,

96 1802 180 1841 quo
213 1787 359 1830 Sancti
387 1787 499 1829 inter
527 1801 571 1828 se
600 1786 857 1838 vinciuntur,
886 1786 1050 1828 firmior
1080 1788 1121 1828 et
1149 1786 1339 1828 tenacior
1368 1786 1581 1837 astrictio;
1610 1786 1656 1827 in

94 1859 240 1902 futura
279 1874 394 1911 vero,
434 1858 561 1911 plena
604 1857 751 1900 salutis
793 1860 835 1899 et
876 1857 1087 1911 perfectae
1124 1857 1401 1899 beatitudinis
1429 1856 1656 1910 possessio,

97 1932 139 1971 et
178 1932 410 1984 perpetuus
451 1929 719 1981 Sanctorum,
763 1944 857 1971 cum
901 1928 1070 1971 Christo
1116 1929 1266 1982 capite,
1309 1928 1565 1982 triumphus.
1608 1927 1657 1969 In

95 2003 298 2054 utroque:
336 2003 508 2043 aeterna
547 2001 712 2043 divinae
751 2000 941 2042 caritatis
980 2015 1081 2054 erga
1113 2015 1191 2042 nos
1221 1999 1402 2051 duratio,
1432 2001 1475 2040 et
1502 1999 1658 2041 amoris

96 2072 231 2114 nostri
259 2087 360 2126 erga
387 2072 527 2114 Deum
554 2086 642 2114 non
664 2072 904 2125 interrupta
930 2071 1217 2125 perpetuitas3
1243 2070 1445 2123 Ejusdem
1468 2070 1513 2112 in
1535 2069 1658 2110 nobis

98 2143 288 2195 servatis,
327 2143 488 2197 gloriae
523 2142 834 2195 manifestati03
862 2142 1013 2194 nostri,
1041 2142 1086 2184 in
1116 2157 1164 2184 eo
1196 2141 1269 2195 qui
1297 2156 1374 2183 nos
1405 2140 1587 2183 servavit
1618 2142 1660 2182 et

99 2215 352 2269 glorificavit
380 2214 424 2256 in
451 2216 719 2268 perpetuum,
748 2228 968 2267 nunquam
998 2215 1212 2256 cessatura
1241 2213 1454 2266 gloriatio.
