1931 3224
664 93 728 136 DE
755 94 935 139 PnccAro
964 97 1185 140 ommim.
1632 105 1708 144 1:29

148 229 232 268 quo
270 230 394 258 caro
432 219 781 271 concupiscit
820 220 1081 264 adversus
1119 223 1406 276 spiritum,
1444 225 1488 266 id
1526 228 1601 278 est,
1631 240 1707 279 per

149 286 261 340 quod
290 287 419 329 homo
449 288 502 330 ad
529 289 688 331 malum
718 305 890 344 pronus,
922 295 964 334 et
993 293 1161 335 divinae
1189 293 1276 347 legi
1306 296 1541 337 contrarius
1571 296 1632 348 fit,
1661 300 1708 339 ut

146 355 344 409 Romo,
375 359 437 400 12.
475 358 594 402 Non
631 365 826 416 regnet
866 366 1150 417 peccatum
1186 365 1241 407 in
1270 368 1456 408 vestro
1485 368 1709 410 mortali

147 442 397 482 corpore,
454 433 512 472 ut
555 432 832 475 obediatis
884 436 1357 491 concupiscentiis
1411 440 1537 492 ejus.
1595 440 1710 489 Quae

143 499 512 555 verba-indicant,
562 505 948 558 concupiscentiam
988 508 1200 561 quandam
1238 509 1501 552 habitualem
1540 526 1628 553 esse
1666 512 1710 552 in

145 570 330 625 homine,
361 573 480 626 cujus
509 575 675 628 proprii
704 579 822 618 actus
853 580 951 619 sunt
976 580 1344 632 concupiscentiae
1371 583 1568 635 actuales,
1597 584 1710 636 quod

145 642 304 684 malum
340 643 559 687 habituale
598 647 833 700 Apostolus
872 652 1096 701 peccatum
1136 652 1348 705 appellat:
1381 652 1707 706 Occasione,

144 713 297 767 inquit,
336 720 564 770 accepta
602 722 884 771 peccatum
921 736 1015 774 per
1053 724 1384 776 mandatum,
1425 728 1710 778 operatum

147 788 229 826 est
265 786 318 827 in
357 802 433 829 me
462 803 662 832 omnem
692 793 1224 847 concupiscentiam,
1254 795 1297 836 id
1326 799 1402 847 est,
1428 811 1551 838 omne
1576 812 1709 850 genus

145 871 375 910 pravorum
399 859 715 914 desideriorum,
740 864 960 916 tamquam
985 866 1185 918 proprios
1211 881 1309 908 suos
1331 870 1462 920 actus,
1480 867 1602 910 Rom.
1620 869 1655 921 ζ
1673 870 1708 910 8.

198 928 375 972 XXVII.
413 930 481 973 Ex
519 932 672 986 quibus
711 935 753 975 et
791 934 998 977 similibus
1038 940 1231 991 apparet,
1273 939 1387 992 quod
1425 940 1505 981 etsi
1540 955 1625 982 non
1655 942 1711 982 sit

144 1001 397 1054 negandum,
429 1006 651 1056 peccatum
680 1005 888 1059 originale
920 1021 1010 1049 esse
1041 1010 1273 1051 carentiam
1293 1010 1487 1063 justitiae
1512 1012 1598 1053 sive
1621 1027 1710 1054 rec-

143 1071 352 1125 titudinis,
384 1088 490 1126 quae
518 1075 746 1129 unicuique
772 1078 965 1119 nascenti
993 1078 1129 1122 inesse
1159 1081 1343 1133 deberet,
1374 1082 1538 1135 plenius
1567 1086 1710 1126 tamen

145 1143 234 1195 ers
271 1144 481 1187 rationem
515 1147 710 1200 exprimi,
738 1149 910 1191 nomine
940 1165 1096 1203 pravae
1125 1152 1428 1205 inclinationis,
1458 1154 1525 1196 vel
1553 1155 1710 1208 procli-

143 1213 291 1256 vitatis
343 1216 395 1257 ad
439 1231 562 1260 omne
603 1218 773 1272 malum,
819 1235 947 1273 quam
989 1222 1256 1275 privationis.
1301 1223 1415 1266 Nam
1456 1227 1709 1278 privationis

144 1285 317 1339 proprie
359 1302 446 1329 non
490 1292 589 1331 sunt
628 1293 746 1332 actus
784 1291 928 1345 aliqui,
969 1307 1074 1346 quos
1111 1296 1254 1337 tamen
1293 1294 1514 1349 Scriptura
1552 1298 1709 1350 passim

142 1360 316 1411 peccato
348 1359 545 1413 originali
573 1361 738 1403 tribuit.

196 1428 398 1472 XXVIII.
436 1431 554 1474 Idem
592 1433 757 1476 ratione
788 1434 1029 1477 confirmari
1058 1438 1213 1490 potest.
1243 1437 1382 1481 Nemo
1413 1439 1524 1481 enim
1554 1441 1708 1482 avertit

144 1514 187 1543 se
225 1516 250 1543 a
287 1501 400 1544 bono
439 1503 655 1557 quopiam,
693 1504 774 1546 nisi
813 1505 962 1548 ductus
1002 1507 1236 1561 cupiditate
1264 1524 1311 1551 ac
1341 1510 1547 1552 desiderio
1576 1526 1708 1565 appa—

143 1571 275 1613 rentis
313 1573 486 1615 alterius
524 1574 638 1627 boni,
670 1576 783 1628 quod
813 1591 909 1618 cum
937 1578 1073 1631 priori
1100 1594 1186 1621 non
1215 1581 1421 1623 consistit.
1454 1582 1576 1632 Quod
1606 1598 1707 1637 ergo

143 1642 188 1684 in
217 1643 382 1686 actibus
410 1645 635 1688 veritatem
663 1646 805 1699 habet,
836 1647 949 1690 idem
979 1651 1020 1691 et
1049 1650 1093 1690 in
1122 1650 1226 1692 vitio
1257 1651 1468 1694 habituali
1497 1654 1540 1695 in
1570 1656 1708 1709 prima

142 1715 369 1758 nativitate
407 1719 635 1770 contracto,
675 1718 950 1761 conformiter
986 1720 1310 1774 intelligendum
1348 1726 1423 1765 est.
1461 1723 1562 1767 Ideo
1595 1728 1707 1768 enim

142 1786 355 1828 nascimur
383 1788 520 1830 aversi
549 1788 602 1830 ab
629 1789 971 1832 incommutabili
998 1791 1125 1844 bono,
1155 1794 1255 1846 quia
1283 1794 1496 1837 nascimur
1525 1798 1641 1843 curvi
1667 1800 1708 1839 et

142 1857 335 1899 inclinati
374 1859 426 1900 ad
464 1859 578 1901 bona
615 1861 946 1904 commutabilia.
978 1862 1070 1912 Quo
1100 1866 1284 1917 utroque
1313 1866 1438 1919 malo,
1469 1869 1559 1909 tam
1588 1884 1707 1911 aver-

142 1929 286 1982 sionis,
322 1945 450 1983 quam
479 1932 767 1974 conversionis
796 1933 1065 1987 Augustinus
1095 1935 1284 1978 definivit
1312 1941 1535 1991 peccatum
1560 1940 1602 1981 in
1633 1955 1706 1994 ge-

141 2015 253 2053 nere,
298 2016 388 2043 esse
431 2003 695 2045 aversionem
737 2019 762 2045 a
798 2004 912 2047 bono
951 2008 1269 2060 praestantiori,
1309 2012 1351 2050 et
1389 2012 1707 2054 conversionem

141 2071 376 2115 indebitam
406 2073 459 2115 ad
486 2074 626 2116 minus
656 2074 836 2127 bonum3
860 2076 966 2118 illud
989 2080 1132 2120 autem
1155 2079 1294 2121 minus
1318 2080 1478 2123 bonum
1502 2085 1566 2124 est
1589 2099 1705 2126 reve-

140 2157 188 2185 ra
223 2144 384 2186 morale
420 2145 592 2198 malum,
633 2149 841 2199 quatenus
869 2148 922 2190 ad
950 2149 993 2190 id
1021 2149 1148 2192 homo
1181 2152 1453 2205 convertitur,
1483 2168 1652 2197 aversus
1682 2171 1705 2198 a

140 2213 256 2267 Deo,
287 2215 622 2266 Quaestione
651 2218 688 2260 2.
719 2219 781 2260 ad
809 2218 1169 2274 Simplicium.

192 2286 350 2329 XXIX.
392 2286 506 2330 Hinc
548 2291 611 2331 est
657 2290 771 2343 quod
815 2305 866 2333 ex
913 2293 1152 2335 sanioribus
1197 2294 1473 2339 Scholasticis
1511 2300 1704 2341 nonnulli

139 2361 390 2411 agnoscunt,
428 2362 650 2413 peccatum
688 2362 895 2416 originale
934 2379 1024 2406 esse
1064 2366 1275 2418 quandam
1304 2368 1591 2411 inordinatam
1620 2371 1704 2412 dis·

140 2430 400 2483 positionem
430 2433 472 2473 et
502 2431 693 2485 σύρροιξιν,
728 2434 1049 2486 provenientem
1080 2451 1130 2478 ex
1160 2437 1439 2482 dissolutione
1468 2441 1580 2483 illius
1604 2442 1702 2484 har-

138 2502 319 2554 moniae,
351 2502 397 2544 in
425 2517 508 2555 qua
538 2504 799 2546 consistebat
828 2506 938 2548 ratio
971 2507 1191 2561 originalis
1218 2510 1432 2562 justitiae3
1465 2513 1703 2566 exemplum

140 2572 362 2615 afferentes
405 2574 684 2628 aegritudinis
714 2578 755 2618 et
783 2577 1043 2631 morbormn,
1073 2580 1118 2621 in
1147 2581 1301 2632 quibus
1332 2585 1395 2624 est
1424 2583 1585 2636 aliquid
1614 2587 1702 2638 pri-

139 2644 340 2696 vativum,
379 2647 586 2698 quatenus
620 2646 786 2688 tollitur
815 2649 1052 2701 aequalitas
1082 2651 1291 2703 sanitatis,
1323 2656 1363 2694 et
1393 2654 1555 2708 aliquid
1584 2659 1702 2710 posi-

139 2713 285 2767 tivum,
324 2730 477 2770 nempe
513 2716 712 2759 humores
741 2718 982 2761 inordinate
1012 2720 1222 2774 dispositi.
1253 2721 1322 2764 Sic
1352 2726 1541 2768 sentiunt
1570 2730 1701 2783 origi-

138 2785 233 2827 nale
272 2789 495 2839 peccatum
529 2787 686 2830 habere
724 2789 1010 2842 privationem
1048 2792 1268 2845 originalis
1299 2795 1506 2849 justitiae,
1536 2800 1577 2839 et
1607 2814 1700 2841 cum

93 2873 96 2876 ⁴
137 2855 219 2898 hac
245 2857 534 2900 inordinatam
565 2859 891 2913 dispositionem
920 2862 1109 2915 partium
1137 2864 1314 2917 animae,
1341 2881 1389 2908 ac
1412 2868 1590 2920 proinde
1614 2885 1700 2912 non

139 2940 229 2968 esse
268 2928 555 2981 privationem
587 2945 751 2983 puram,
783 2932 855 2974 sed
885 2933 1093 2985 quendam
1121 2933 1316 2977 habitum
1345 2942 1604 2992 corruptum.
1633 2939 1700 2982 Ita

1542 3014 1557 3037 9
