1931 3224
270 162 344 202 102
873 155 1111 197 D1spnm10
1140 151 1232 195 XII.

268 283 380 336 quod
418 283 673 335 potestatem
710 279 935 321 habuerint
972 277 1268 332 perseverandi
1306 276 1351 317 in
1378 275 1454 318 illo
1483 278 1660 318 naturae
1688 276 1816 330 bono,

266 355 308 394 in
337 367 418 405 quo
448 367 472 393 a
499 351 591 393 Deo
620 366 696 404 per
725 350 979 392 creationem
1000 349 1168 391 fuerant
1193 348 1434 397 constituti;
1461 348 1817 400 quemadmodum

268 440 315 466 ex
355 438 402 465 eo
432 423 755 472 demonstratur,
786 420 897 474 quod
926 420 1063 462 Deus
1094 419 1170 461 eis
1198 433 1301 460 non
1329 419 1648 472 pepercisse
1677 419 1816 462 dica—

267 498 371 545 tur,
414 494 503 545 qui
539 493 922 546 peccaverunt,
963 490 1051 532 sed
1090 489 1152 531 ad
1183 489 1453 542 judicium
1489 490 1543 530 in
1581 489 1814 533 Tartaro

268 564 557 606 servandos
599 561 918 613 tradiderit,
961 562 985 601 2
1022 560 1113 602 Pet.
1153 561 1189 612 2,
1226 561 1264 601 4.
1303 562 1345 601 et
1381 559 1480 602 Joh.
1520 561 1556 610 8,
1592 561 1669 614 44„
1702 563 1816 615 quod

267 635 529 676 Diabolus
581 635 736 686 pater
778 632 849 673 sit
891 630 1183 683 mendacii,
1228 633 1281 672 et
1324 645 1438 672 cum
1480 632 1816 675 mendacium

267 706 592 758 loquitur-,En
617 708 688 747 τῶν
714 705 823 752 ἰδίων,
842 717 902 744 ex
925 702 1174 756 propriis
1202 701 1475 754 loquatur.
1504 701 1605 744 Non
1636 718 1739 757 ergo
1763 719 1816 746 ex

264 778 405 829 aliquo
434 779 607 818 naturae
636 776 800 817 defectu
828 776 901 815 aut
929 773 1196 827 impotentia,
1226 773 1298 815 sed
1326 788 1377 815 ex
1405 776 1521 814 mera
1550 774 1816 818 contumacia

264 851 502 902 peccarunt,
532 847 605 900 qui
634 847 885 889 defecerunt.

316 918 513 961 XXVIII.
551 918 769 968 Quodnam
808 919 946 959 autem
985 917 1114 958 fuerit
1152 916 1233 958 hoc
1269 916 1456 971 primum
1493 931 1639 959 eorum
1666 933 1817 971 pecca-

264 994 366 1042 tum,
404 990 448 1030 in
487 990 599 1042 quod
635 1005 685 1031 ex
722 989 855 1030 libero
884 988 1115 1030 voluntatis
1144 988 1278 1030 abusu
1306 987 1558 1041 inciderunt,
1586 991 1676 1031 tam
1705 990 1817 1032 clare

264 1062 308 1102 in
346 1061 573 1115 Scripturis
602 1075 686 1103 non
716 1060 978 1114 exprimitur.
1009 1058 1145 1101 Valde
1172 1062 1316 1101 tamen
1343 1059 1566 1113 probabile
1595 1063 1671 1113 est,
1700 1060 1744 1102 id
1771 1061 1816 1103 in

264 1132 495 1173 divinitatis
542 1132 682 1185 aliqua
728 1131 1010 1183 affectatione,
1049 1133 1177 1183 atque
1214 1130 1259 1172 in
1297 1130 1379 1172 Dei
1415 1129 1574 1172 Filium
1610 1131 1816 1185 peculiari

265 1203 528 1245 contumacia
565 1203 816 1245 constitisse.
856 1202 978 1251 Quod
1017 1217 1066 1244 ex
1103 1202 1341 1244 tentatione
1380 1217 1464 1255 qua
1494 1202 1626 1246 Satan
1653 1203 1816 1257 primos

263 1276 429 1316 nostros
465 1276 661 1327 parentes
691 1273 868 1325 seduxit,
899 1273 1125 1327 colligitur,
1156 1276 1197 1315 et
1228 1289 1277 1315 ex
1307 1276 1517 1327 perpetuo
1547 1277 1701 1317 conatu
1731 1290 1814 1328 quo

264 1345 343 1387 Dei
371 1346 551 1398 gloriam
579 1346 622 1387 in
652 1361 695 1387 se
721 1345 949 1387 transferre
973 1346 1125 1387 studet.
1149 1345 1382 1399 Speciatim
1408 1361 1509 1388 vero
1534 1362 1584 1388 ex
1608 1347 1705 1389 odio
1731 1363 1815 1401 quo

264 1416 477 1458 Christum
505 1420 546 1458 et
574 1419 662 1470 ejus
691 1417 910 1459 ecclesiam
939 1417 1221 1470 persequitur,
1252 1418 1368 1470 cujus
1396 1418 1492 1460 viva
1520 1418 1664 1473 imago
1693 1419 1816 1461 nobis

264 1487 395 1541 Apoc.
426 1489 487 1530 12.
518 1489 780 1531 describitur.

315 1558 468 1600 XXIX.
509 1560 724 1609 Quaenam
761 1574 861 1601 vero
900 1575 1025 1602 causa
1052 1560 1193 1613 fuerit,
1224 1561 1338 1613 quod
1366 1560 1451 1603 illis
1478 1561 1614 1604 libero
1644 1576 1718 1603 suo
1748 1576 1816 1604 ar-

262 1630 389 1671 bitrio
428 1630 711 1683 abutentibus,
748 1631 901 1684 reliqui
938 1631 981 1672 in
1020 1631 1199 1673 veritate
1227 1632 1506 1685 perstiterint,
1537 1635 1579 1674 et
1607 1633 1816 1687 originem

263 1717 381 1742 suam
410 1703 627 1751 servarint,
657 1703 850 1755 quaestio
880 1704 955 1754 est,
982 1717 1068 1744 non
1096 1703 1236 1744 minus
1264 1703 1395 1755 utilis,
1427 1718 1555 1757 quam
1582 1704 1725 1747 ardua.

315 1772 447 1814 XXX.
486 1773 845 1815 Scholasticorum
881 1774 1072 1827 plerique
1108 1774 1205 1816 inde
1233 1776 1595 1828 perseverantiam
1622 1776 1816 1830 ipsorum

265 1847 400 1886 ortam
432 1845 591 1897 volunt,
622 1845 735 1898 quod
764 1847 880 1886 actus
908 1845 1128 1888 beatificus
1155 1847 1201 1888 in
1228 1847 1449 1889 voluntate
1478 1850 1696 1890 creaturae
1725 1863 1815 1891 om-

263 1930 358 1956 nem
386 1918 526 1957 actum
555 1917 812 1957 contrarium
841 1917 1046 1970 excludat,
1070 1918 1314 1960 beatificum
1338 1934 1438 1961 vero
1462 1919 1576 1961 hunc
1598 1920 1643 1961 in
1666 1920 1815 1962 volun-

263 1989 393 2028 tatem
421 1987 627 2028 influxum
655 2002 724 2029 eos
752 1987 953 2030 meruisse
982 1988 1120 2042 primo
1149 1989 1273 2031 liberi
1302 1989 1367 2031 sui
1395 1989 1563 2031 arbitrii
1591 1993 1701 2033 actu.

316 2057 468 2099 XXXI.
525 2059 640 2100 Haec
684 2060 858 2101 assertio
901 2063 1200 2115 praeterquam
1243 2061 1356 2114 quod
1397 2063 1626 2105 temeraria
1668 2066 1731 2106 est
1773 2067 1816 2106 et

264 2131 382 2170 extra
413 2129 687 2183 Scripturam,
713 2131 840 2173 etiam
863 2132 1014 2174 Sacrae
1038 2132 1283 2187 Scripturae
1306 2133 1416 2176 locisv
1435 2134 1659 2176 refutatur.
1685 2135 1815 2184 Quis

263 2200 398 2241 enim
436 2201 588 2254 prior
625 2202 775 2244 dedit
814 2203 879 2255 ci,
911 2204 1052 2256 quod
1080 2203 1170 2245 illi
1198 2205 1581 2248 retribuatur?
1609 2221 1726 2248 nam
1756 2221 1814 2248 ex

263 2270 401 2323 ipso,
423 2272 537 2325 ‘per
573 2273 747 2325 ipsum
777 2275 907 2315 etin
935 2275 1109 2328 ipsum
1137 2277 1260 2317 sunt
1289 2276 1478 2329 omnia,
1508 2276 1631 2319 Rom.
1660 2277 1724 2330 11,
1749 2279 1813 2320 35.

264 2341 320 2382 Et
357 2357 574 2394 quaenam,
613 2344 799 2396 obsecro,
839 2345 1035 2399 analogia
1073 2349 1135 2388 est
1171 2347 1283 2388 inter
1318 2350 1460 2389 actum
1497 2348 1683 2402 aliquem
1714 2348 1814 2390 obe-

265 2412 455 2465 dientiae,
495 2429 673 2467 eumque
702 2430 751 2456 ex
776 2417 871 2467 jure
900 2417 1125 2459 creationis
1154 2418 1356 2470 debitum,
1387 2421 1429 2460 et
1455 2418 1568 2461 inter
1595 2422 1815 2462 aeternum

262 2483 343 2524 hoc
371 2486 498 2537 atque
526 2485 761 2527 indebitum
788 2488 1054 2540 praemium?

316 2555 489 2598 XXXII.
542 2556 633 2598 Nos
676 2572 776 2611 ergo
820 2561 966 2601 contra
1008 2560 1245 2614 asserimus,
1290 2561 1417 2603 etiam
1458 2562 1594 2604 beatis
1637 2562 1814 2617 Angelis

264 2641 347 2667 non
384 2628 465 2668 nisi
501 2627 544 2669 in
582 2628 765 2671 Domino
805 2630 1083 2683 gloriandum,
1122 2647 1218 2674 cum
1253 2632 1381 2676 Sacra
1419 2633 1642 2688 Scriptura
1678 2635 1814 2677 mani-

264 2698 370 2738 festo
423 2713 472 2739 ex
522 2699 602 2741 Dei
644 2701 847 2753 peculiari
890 2702 1028 2755 gratia
1070 2718 1216 2746 eorum
1256 2705 1566 2748 beatitudinem
1607 2709 1813 2758 arcessat3

264 2768 429 2819 quando
459 2770 616 2821 passini
638 2771 714 2812 filii
739 2771 830 2824 Dei,
858 2775 899 2814 et
922 2772 1078 2827 Angeli
1104 2775 1236 2828 electi,
1261 2776 1314 2818 ab
1340 2791 1389 2819 ea
1412 2780 1630 2831 vocantur,
1657 2779 1678 2820 1
1705 2778 1812 2821 Tim.

265 2838 300 2888 5,
344 2839 406 2878 21.
447 2839 651 2882 Filiorum
692 2857 791 2884 vero
834 2843 1072 2886 haereditas
1111 2847 1187 2888 sub
1225 2848 1424 2890 meritum
1461 2864 1548 2891 non
1584 2849 1708 2902 cadit,
1737 2865 1815 2893 nec

266 2908 413 2949 electio
455 2910 539 2950 ulla
581 2912 631 2952 ad
674 2913 781 2954 hanc
821 2914 1070 2957 filiationem
1110 2917 1191 2958 nisi
1233 2933 1283 2959 ex
1320 2919 1460 2971 gratia
1497 2922 1573 2961 est.
1611 2919 1735 2963 Unde
1772 2923 1814 2963 et

266 2978 434 3030 Paulus,
472 2983 817 3033 propositum
854 2984 951 3026 Dei
990 2987 1128 3038 quod
1167 2991 1246 3030 est
1275 2991 1563 3032 secundum
1592 2991 1813 3034 electio-
