1931 3224
282 162 359 203 530
856 161 1103 204 DISPUTATIO
1132 161 1260 205 XLV.

520 355 709 398 Clemens
737 356 943 400 Alexand.
971 356 1016 398 in
1045 357 1229 410 Paedag.
1260 357 1351 401 Lib.
1380 359 1417 400 2.
1448 372 1539 413 cap.
1567 361 1603 402 2.

335 480 460 534 Ipse
486 496 699 534 quoque
722 483 846 523 vino
871 496 997 523 usus
1023 485 1122 533 est,
1147 497 1264 524 nam
1286 481 1403 535 ipse
1429 498 1641 536 quoque
1664 483 1840 526 homo:

284 558 334 595 et
372 554 552 596 vinum
579 552 889 604 benedixit,
920 567 1031 594 cum
1060 553 1221 605 dixit,
1252 552 1460 607 Accipite,
1489 554 1636 607 bibite,
1665 555 1748 597 hoc
1778 559 1842 598 est

282 625 455 679 sanguis
491 639 619 667 meus.
660 623 891 677 Sanguis
929 623 1083 676 vitis,
1122 623 1377 677 Verbum,
1415 625 1553 678 quod
1591 641 1686 681 pro
1716 627 1842 669 mul-

280 698 353 738 tis
384 696 696 738 effunditur
719 696 773 737 in
797 695 1176 738 remissionem
1200 699 1572 750 peccatorum,
1597 699 1842 739 sanctum

280 768 538 810 laetitiae
572 768 838 810 fluentem
867 767 1092 821 allegorice
1122 768 1424 821 significat.
1454 769 1513 811 Et
1540 783 1662 811 mox:
1693 767 1843 818 Quod

281 842 459 881 autem
497 839 678 880 vinum
716 842 883 891 esset,
915 840 1056 892 quod
1085 839 1435 882 benedictum
1465 842 1566 892 est,
1596 841 1844 883 ostendit

279 926 514 963 rursum,
567 910 750 952 dicens
802 910 1117 964 discipulis,
1170 910 1290 953 Non
1331 911 1514 953 bibam
1557 926 1617 953 ex
1657 911 1843 954 fructu

280 982 415 1024 vitis
453 982 637 1034 hujus,
667 982 834 1024 donec
862 982 1053 1024 bibero
1084 981 1262 1036 ipsum
1289 983 1567 1025 vobiscum
1595 983 1649 1025 in
1676 998 1842 1037 regno

279 1052 466 1095 Patris
493 1053 606 1095 mei.

577 1196 815 1251 Cyprianus
845 1197 889 1239 in
918 1196 1121 1240 Sermone
1149 1198 1199 1239 de
1227 1196 1354 1240 Unct.
1381 1196 1551 1241 Christi.

335 1320 498 1364 Dedit
549 1320 812 1364 Dominus
862 1324 916 1364 in
960 1337 1161 1375 mensa,
1203 1323 1256 1365 in
1300 1339 1401 1377 qua
1441 1324 1689 1366 ultimum
1732 1338 1845 1366 cum

281 1392 574 1446 Apostolis
612 1394 987 1447 participavit
1024 1395 1357 1447 convivium,
1397 1395 1644 1449 propriis
1681 1395 1844 1437 niani-

280 1464 376 1506 bus
420 1479 611 1519 panem
654 1468 705 1506 et
746 1465 947 1517 vinum,
984 1466 1038 1507 in
1078 1481 1236 1508 cruce
1274 1481 1401 1508 vero
1430 1467 1679 1508 manibus
1706 1467 1845 1508 mili-

280 1537 389 1575 tum
430 1549 626 1589 corpus
663 1536 903 1577 tradidit
939 1536 1352 1589 vulnerandum,
1391 1537 1529 1579 utin
1556 1537 1844 1591 Apostolis

281 1607 550 1648 secretius
579 1606 852 1660 impressa
881 1607 1097 1650 sincera
1123 1608 1356 1661 veritas,
1387 1611 1438 1651 et
1466 1624 1592 1651 vera
1620 1609 1846 1651 sinceri-

280 1680 364 1720 tas
408 1681 713 1731 exponeret
755 1679 1038 1732 gentibus,
1081 1680 1294 1732 quomodo
1333 1679 1479 1722 vinum
1517 1683 1558 1722 et
1595 1681 1718 1734 panis
1747 1695 1845 1722 caro

282 1752 392 1791 esset
430 1752 472 1790 et
510 1750 697 1803 sanguis,
737 1753 789 1792 et
828 1751 1027 1803 quibus
1064 1751 1382 1793 rationibus
1412 1765 1608 1793 causae
1638 1750 1850 1793 effecti-

279 1821 376 1862 bus
415 1821 800 1874 convenirent,
840 1824 891 1863 et
929 1822 1146 1864 diversa
1182 1822 1399 1864 nomina
1431 1822 1517 1864 vel
1546 1823 1760 1876 species
1789 1822 1850 1864 ad

280 1906 438 1933 unam
476 1892 873 1934 reducerentur
908 1893 1224 1945 essentiam,
1255 1895 1297 1935 et
1327 1892 1614 1947 significantia
1645 1896 1686 1935 et
1716 1893 1850 1949 signi-

280 1964 409 2005 ficata
439 1963 627 2016 ejusdem
656 1963 877 2005 vocabulis
908 1966 1189 2006 censerentur.

705 2124 925 2179 Chrysost.
957 2125 1009 2166 ad
1038 2124 1203 2168 Caesar.
1232 2124 1429 2180 Monach.

337 2248 637 2301 Antequam
693 2249 1091 2293 sanctificetur
1142 2251 1325 2304 panis,
1377 2265 1568 2304 panem
1612 2251 1848 2294 nomina-

281 2334 413 2362 mus:
452 2320 636 2362 divina
674 2324 851 2363 autem
887 2321 1041 2364 illum
1080 2322 1480 2364 sanctificante
1518 2323 1721 2375 gratia,
1751 2337 1848 2364 me-

282 2390 468 2433 diante
509 2392 820 2444 sacerdote,
856 2392 1132 2434 liberatus
1162 2393 1379 2445 quidem
1408 2395 1489 2435 est
1518 2393 1579 2434 ab
1608 2393 1848 2446 appella-

280 2462 440 2504 tione
469 2463 651 2516 panis‚
682 2463 877 2517 dignus
907 2466 1085 2506 autem
1117 2467 1197 2506 est
1221 2464 1446 2506 habitus
1473 2464 1724 2517 corporis
1749 2463 1848 2506 Do-

281 2533 411 2575 mini
440 2535 845 2588 appellatione,
876 2536 1044 2578 etiamsi
1072 2538 1225 2578 natura
1253 2537 1377 2590 panis
1405 2536 1450 2578 in
1479 2534 1573 2588 ipso
1602 2533 1846 2588 permansit.

423 2695 625 2737 Rabanus
653 2694 828 2738 Maurus
857 2696 907 2738 de
934 2695 1124 2739 Institut.
1156 2695 1301 2740 Cleric.
1332 2696 1423 2739 Lib.
1455 2696 1490 2739 1.
1522 2710 1611 2750 cap.
1641 2696 1704 2738 31.

337 2816 533 2861 Maluit
571 2819 833 2864 Dominus
872 2821 1126 2875 corporis
1161 2825 1212 2864 et
1241 2821 1527 2876 sanguinis
1557 2820 1640 2863 sui
1671 2835 1846 2864 sacra-

285 2892 464 2931 menta
500 2891 750 2934 fidelium
789 2907 880 2935 ore
917 2894 1133 2947 percipi
1162 2896 1212 2936 et
1240 2894 1294 2936 in
1323 2896 1494 2947 pastum
1522 2907 1668 2935 eorum
1697 2892 1846 2946 redigi,

284 2962 342 3000 ut
378 2975 472 3013 per
509 2962 735 3004 visibile
766 2978 899 3016 opus
926 2964 1241 3006 invisibilis
1271 2966 1656 3007 ostenderetur
1685 2964 1847 3006 effec-
