1931 3224
747 107 810 149 DE
839 106 979 150 V0r1s.
1565 108 1643 149 401

80 233 290 275 fuerint
315 248 375 275 ex
399 247 536 285 aqua
561 234 610 274 et
636 231 847 286 Spiritu
872 230 1084 283 Sancto,
1109 231 1300 273 munda
1323 232 1434 273 sint
1460 232 1647 284 omnia,

81 305 125 346 si
153 307 366 346 tantum
391 304 760 357 eleemosynas
786 303 1056 354 dederint,
1082 303 1226 345 sicut
1249 303 1347 344 isti
1371 303 1500 344 illas
1526 303 1646 344 dan-

82 376 172 418 das
202 377 431 430 putant?
462 391 572 417 cum
601 375 713 416 sint
736 374 993 416 immundi
1020 388 1198 416 omnes
1224 388 1356 427 quos
1381 388 1486 416 non
1509 389 1650 415 mun-

82 448 172 489 dat
209 447 359 489 fides
399 446 628 497 Christi,
669 447 727 487 de
765 460 865 498 qua
903 444 1169 498 scriptum
1199 447 1301 496 est,
1331 444 1540 486 Mundans
1567 445 1649 486 fide

82 517 209 559 corda
238 531 404 567 eorun1;
436 519 486 558 et
514 516 661 557 dicat
689 516 1016 569 Apostolus,
1047 515 1280 557 Immundis
1311 518 1453 556 autem
1483 518 1524 557 et
1552 515 1649 556 infi-

83 587 246 629 delibus
284 587 391 628 nihil
430 588 492 627 est
528 586 743 637 mundum,
781 586 854 627 sed
890 586 1057 638 polluta
1095 588 1193 627 sunt
1228 586 1421 639 ipsorum
1459 601 1577 627 mens
1608 588 1649 628 et

83 658 352 708 conscientia,
392 659 469 698 etc.
498 656 662 698 Nemo
701 659 878 698 autern
916 657 1005 698 dat
1044 657 1444 710 eleemosynam
1474 672 1650 709 quam-

82 728 240 780 libet,
279 728 389 770 nisi
424 727 562 770 unde
600 728 706 778 det,
745 728 806 769 ab
844 728 946 769 illo
984 727 1225 780 accipiat
1254 727 1344 779 qui
1372 741 1475 769 non
1505 730 1651 787 eget,

85 802 135 842 et
162 800 282 842 ideo
312 800 514 842 dictum
543 802 645 851 est,
674 797 966 840 Misericordia
996 799 1084 850 ejus
1114 797 1359 851 praeveniet
1389 813 1468 840 me.

484 959 601 1001 Idem
632 958 684 1000 ad
713 957 982 1009 Oasulanum,
1012 957 1147 1012 Epist.
1178 958 1242 1000 86.

137 1084 251 1137 Ego
279 1084 332 1126 in
355 1083 711 1137 Evangelicis
736 1086 786 1125 et
809 1081 1164 1136 Apostolicis
1187 1082 1396 1134 literis,
1421 1085 1654 1136 totoque

84 1156 453 1198 instrumento
494 1155 634 1208 quod
671 1154 956 1209 appellant
990 1153 1398 1195 Testamentum
1425 1152 1653 1205 Novum,

85 1227 263 1269 animo
303 1227 355 1269 id
391 1226 699 1277 revolvens,
737 1226 893 1267 video
933 1226 1285 1279 praeceptum
1314 1239 1428 1266 esse
1454 1226 1653 1277 jejuni-

85 1314 179 1341 um.
219 1298 422 1347 Quibus
451 1299 628 1340 autem
663 1297 853 1338 diebus
877 1311 981 1338 non
1011 1298 1271 1349 oporteat
1295 1297 1573 1349 jejunare,
1605 1298 1655 1337 et

87 1371 289 1423 quibus
337 1372 614 1423 oporteat,
658 1369 960 1421 praecepto
1005 1366 1224 1408 Domini
1267 1368 1319 1408 et
1361 1367 1655 1420 Apostolo-

85 1456 199 1482 rum
227 1456 332 1483 non
362 1440 586 1482 invenio
618 1439 930 1481 definitum.

472 1777 951 1826 DISPUTATIO
991 1776 1271 1824 XXXVIII.

847 1886 894 1908 DE

711 1961 1016 2029 Votis,

379 2090 580 2132 Praeside
608 2088 659 2131 D.
689 2087 971 2130 JOHANNE
1001 2087 1370 2130 POLYANDRO.

404 2181 679 2231 Respondente
710 2179 1002 2218 GERHARDO
1033 2178 1343 2217 PALUDANO.

747 2286 938 2330 Tnnms
976 2284 1008 2327 I.

249 2393 306 2420 oN
349 2378 488 2420 minus
530 2376 646 2419 Deus
688 2379 788 2418 vota
828 2375 1156 2428 nomen-ipsius
1191 2374 1500 2425 invocantibus,
1530 2376 1658 2426 atque

123 2388 539 2503 Neleemosynas
580 2448 776 2502 proximo
816 2446 1112 2501 largientibus,
1162 2461 1289 2499 quam
1323 2446 1484 2498 jejunia
1531 2445 1661 2486 verbo

94 2535 169 2562 suo
208 2519 471 2574 praescribit.
501 2519 706 2568 Quocirca
735 2517 1098 2571 disputationibus
1127 2516 1479 2570 praecedentibus
1510 2515 1561 2557 de
1589 2514 1660 2556 In—

60 2648 63 2652 ,
93 2592 318 2634 vocatione
346 2590 438 2642 Dei,
467 2590 751 2643 Eleemosyna
780 2591 821 2630 et
849 2588 1035 2640 Jejunio,
1065 2588 1171 2630 haec
1200 2588 1250 2629 de
1278 2586 1404 2629 Votis
1434 2589 1534 2640 apte
1564 2587 1662 2628 sub-

91 2663 300 2717 jungitur.

148 2733 202 2776 II.
244 2733 418 2785 Votum,
464 2733 500 2774 si
541 2732 656 2774 vocis
698 2733 871 2785 etymon
912 2734 1163 2784 spectemus,
1192 2730 1304 2771 idem
1334 2729 1448 2782 apud
1475 2728 1664 2780 Latinos,

98 2805 212 2860 quod
241 2804 354 2858 apud.
383 2803 566 2845 Graecos
595 2802 708 2855 εὐχὴ,
741 2804 869 2854 atque
897 2801 1010 2855 apud
1039 2801 1259 2842 Hebraeos
1288 2802 1389 2856 ‘1¹72
1424 2801 1610 2856 denotat.

151 2875 227 2918 III.
276 2875 432 2917 Votum
474 2873 711 2928 generatim
747 2872 1072 2923 consideratum,
1113 2874 1176 2913 est
1213 2874 1358 2913 sancta
1388 2886 1436 2913 ac
1464 2871 1666 2927 religiosa

101 2947 368 3001 pollicitatio,
414 2947 464 2988 de
506 2945 631 2987 rebus
670 2944 910 2998 praeceptis
951 2944 1017 2986 vel
1060 2942 1397 2984 indifferentibus
1439 2943 1483 2984 in
1519 2945 1666 2984 nostra

1490 3015 1525 3040 26
