1931 3224
253 145 331 186 582
805 142 1048 184 Disru'rArio
1079 139 1273 183 XLVIII.

306 270 461 312 XXIV.
492 269 605 311 Nam
632 281 716 309 vox
745 266 973 319 Ecclesiae,
1004 281 1088 320 qua
1117 266 1311 309 Christus
1343 265 1467 309 Matt.
1482 267 1546 309 18.
1571 267 1718 320 utitur,
1743 282 1823 321 pro

254 359 338 385 uno
383 343 526 394 aliquo
568 339 788 393 Episcopo
831 339 940 380 sumi
982 353 1070 380 non
1112 340 1268 392 potest,
1310 340 1352 381 et
1388 338 1626 393 Apostolus
1664 339 1824 380 Paulus

256 416 276 455 1
318 414 409 455 Cor.
449 413 485 464 5,
523 412 560 453 4.
597 411 640 452 id
672 411 724 452 ad
753 410 1074 453 Corinthiorum
1103 410 1320 452 solennem
1349 411 1729 464 congregationem
1758 425 1824 453 re-

255 488 349 536 fert,
394 487 435 526 et
479 498 610 537 quum
653 483 800 525 eodem
839 483 979 536 capite
1017 483 1146 524 finem
1185 481 1636 525 excommunicationis
1674 482 1826 524 statuit

254 556 338 598 toti
380 555 598 598 Ecclesiae
643 569 922 607 communem,
966 557 1015 595 ut
1057 554 1271 596 communi
1310 568 1479 607 quoque
1517 568 1723 596 consensu
1760 568 1826 596 res

255 629 361 669 haec
398 629 492 670 tota
531 627 864 677 administretur,
906 640 989 679 quo
1028 627 1117 679 ejus
1155 626 1252 667 finis
1291 627 1414 667 tanto
1451 624 1603 667 melius
1643 625 1828 667 obtineri

255 699 403 752 possit,
443 701 507 741 est
542 701 885 750 consentaneum,
917 697 1274 750 quemadmodum
1303 696 1348 737 in
1375 695 1524 738 Veteri
1553 696 1825 738 Testamento

255 786 341 812 non
365 773 533 812 tantum
558 770 756 824 Synedrii
781 769 1071 812 Ecclesiastici
1097 768 1329 811 auctoritas
1355 767 1595 819 antecessit,
1611 767 1684 809 sed
1700 766 1828 808 etiam

257 843 406 896 populi
446 856 686 893 001136113113,
725 856 776 883 ex
806 842 923 894 cujus
952 840 1092 882 medio
1124 839 1332 893 ejusmodi
1361 839 1491 881 homo
1522 837 1726 881 eradicari
1754 839 1828 880 aut

258 914 445 956 exscindi
476 913 713 965 dicebatur,
743 913 931 955 accessit.

310 986 445 1028 XXV.
485 986 557 1028 Ob
565 986 718 1037 jectu
730 1000 773 1026 m
802 985 913 1026 circa
943 984 1057 1037 quod
1084 983 1189 1025 haec
1219 982 1442 1038 disciplina
1471 983 1703 1033 exercetur,
1732 983 1830 1022 sunt

256 1059 334 1111 illi,
374 1059 448 1111 qui
484 1058 638 1106 fratres
675 1057 964 1108 nominantur,
1004 1058 1052 1097 ut
1079 1054 1316 1108 Apostolus
1347 1054 1493 1096 definit
1521 1054 1543 1095 I
1574 1052 1667 1095 Cor.
1697 1052 1735 1104 5,
1767 1053 1829 1094 11.

260 1129 374 1172 Nam
409 1129 505 1171 illos
544 1129 617 1182 qui
656 1130 776 1170 extra
805 1127 1040 1169 Ecclesiam
1069 1128 1179 1178 sunt,
1204 1125 1414 1179 judicabit
1443 1125 1666 1167 Dominus.
1698 1123 1831 1165 Causa

259 1216 359 1244 vero
405 1203 468 1243 est
510 1201 578 1243 vel
614 1201 708 1242 vita
750 1214 896 1252 prava,
940 1201 988 1240 ut
1031 1213 1082 1240 ex
1123 1197 1248 1239 Matt.
1287 1197 1350 1249 18,
1395 1197 1457 1238 15.
1497 1197 1519 1237 1
1560 1195 1652 1238 Cor.
1691 1196 1728 1247 5,
1767 1195 1830 1237 11.

260 1275 285 1315 2
314 1273 461 1315 Thess.
490 1273 528 1324 3,
561 1272 621 1313 11.
651 1271 794 1313 videre
820 1273 897 1323 est,
921 1271 988 1312 vel
1014 1270 1208 1312 doctrina
1233 1283 1446 1322 perversa,
1473 1267 1830 1321 quemadmodum

264 1360 309 1387 ex
346 1344 470 1386 Rom.
510 1344 571 1395 16,
610 1343 673 1384 17.
705 1344 726 1384 1
756 1342 866 1384 Tim.
897 1344 932 1394 I,
963 1342 1027 1383 20.
1058 1341 1142 1383 Tit.
1170 1343 1208 1393 3,
1233 1342 1297 1383 20.
1328 1343 1369 1382 et
1397 1342 1422 1382 2
1451 1340 1550 1383 Joh.
1580 1355 1617 1381 v.
1649 1340 1712 1381 10.
1741 1354 1832 1380 ma-

262 1417 463 1459 nifestum
492 1417 568 1467 est,
598 1417 640 1456 et
669 1414 780 1456 ratio
811 1415 900 1466 ejus
931 1413 992 1455 rei
1022 1415 1171 1466 aperta
1201 1414 1275 1465 est,
1301 1412 1401 1465 quia
1424 1426 1512 1453 non
1534 1413 1704 1453 tantum
1729 1411 1830 1463 vita,

263 1489 335 1530 sed
365 1488 495 1530 etiam
523 1487 718 1529 doctrina
741 1501 873 1541 prava
899 1485 1118 1528 hominem
1147 1499 1171 1526 a
1199 1483 1369 1526 Christo
1400 1485 1584 1537 separat,
1616 1482 1707 1525 Gal.
1732 1483 1768 1534 1,
1793 1483 1831 1524 8.

264 1563 306 1602 et
344 1562 525 1613 utraque
564 1559 700 1616 instar
717 1557 927 1607 >fermenti
954 1559 1092 1599 totam
1121 1569 1307 1597 massam
1335 1554 1506 1596 inficere
1535 1555 1693 1607 potest,
1723 1555 1832 1595 teste

265 1632 449 1683 Christo,
478 1630 633 1672 Matth.
665 1611 727 1682 152,
757 1630 793 1671 6.
824 1630 887 1670 12.
917 1630 960 1670 61
987 1627 1134 1679 Paulo,
1166 1628 1188 1669 1
1220 1626 1314 1669 001.
1344 1627 1380 1679 5,
1410 1627 1447 1668 6.

317 1702 474 1745 XXVI.
516 1701 607 1744 Nec
636 1701 731 1743 ideo
762 1701 920 1751 statim,
950 1699 1025 1741 ubi
1054 1699 1149 1752 quis
1178 1697 1311 1740 frater
1338 1698 1583 1739 nominatus
1611 1695 1657 1737 in
1684 1696 1834 1749 hujus-

263 1775 379 1817 modi
416 1774 614 1816 scandala
647 1773 809 1822 incidit,
851 1787 875 1813 a
914 1785 1092 1824 corpore
1130 1769 1349 1812 Ecclesiae
1386 1771 1460 1810 aut
1497 1767 1631 1821 signis
1669 1767 1833 1821 gratiae

266 1847 430 1889 excludi
462 1846 598 1897 debet,
629 1843 984 1898 quemadmodum
1011 1842 1264 1896 quibusdam
1279 1840 1578 1894 Anabaptistis
1593 1840 1639 1882 in
1653 1855 1732 1882 usu
1749 1842 1834 1882 est:

265 1919 337 1961 sed
365 1921 465 1972 post
493 1917 686 1971 privatas
715 1917 885 1958 demum
913 1930 962 1957 ac
989 1914 1183 1970 publicas
1211 1913 1428 1955 Ecclesiae
1451 1911 1709 1954 monitiones
1735 1927 1834 1954 con-

264 1993 451 2043 temptas
489 2004 537 2031 ac
575 1990 767 2042 rejectas,
807 1987 932 2029 sicuti
971 1986 1129 2028 Christi
1158 1985 1288 2027 verba
1317 1986 1464 2038 aperte
1494 1983 1748 2037 significant,
1781 1982 1835 2025 Si

266 2061 571 2104 Ecclesiam
607 2075 711 2102 11011
749 2058 1009 2110 audierit,
1051 2057 1123 2099 sit
1161 2056 1268 2098 ’cibi
1305 2055 1458 2098 velut
1486 2054 1756 2096 Ethnicus
1785 2056 1835 2096 et

266 2133 629 2182 Publicanus3
668 2134 710 2173 et
746 2130 949 2184 Apostoli
987 2129 1071 2171 Tit.
1110 2130 1148 2181 3,
1189 2129 1252 2170 10.
1290 2127 1643 2173 Haereticum
1670 2126 1836 2168 1101111-

265 2220 381 2246 nem
409 2207 536 2258 post
565 2218 720 2245 unam
749 2205 840 2245 aut
867 2202 1096 2244 alteram
1124 2200 1558 2242 admonitionem
1587 2198 1782 2240 devita.

322 2276 500 2319 XXVII.
541 2275 743 2325 Quaestio
782 2275 853 2316 liic
890 2276 1096 2325 movetur,
1126 2287 1180 2314 an
1209 2272 1244 2314 si
1272 2270 1543 2325 peccantium
1570 2270 1615 2312 in
1644 2269 1838 2312 doctrina

267 2351 340 2390 aut
369 2348 458 2391 vita
488 2362 646 2400 magna
674 2347 729 2388 sit
757 2345 1001 2397 multitudo,
1032 2343 1273 2386 exclusione
1303 2358 1327 2384 a
1351 2341 1638 2384 Sacramentis
1667 2342 1740 2382 aut
1766 2355 1837 2382 ex·-

270 2419 652 2463 communicatione
698 2418 928 2460 eorundem
970 2415 1034 2458 uti
1078 2415 1215 2457 liceat.
1260 2413 1394 2455 Causa
1437 2411 1716 2455 dubitationis
1763 2413 1838 2464 631,

272 2493 372 2545 quia
401 2506 496 2533 cum
524 2491 630 2533 haec
658 2491 850 2543 potestas
880 2489 978 2530 data
1006 2488 1061 2529 sit
1091 2487 1145 2529 ad
1173 2485 1626 2529 aedificationemnon
1656 2484 1709 2526 ad
1739 2484 1838 2526 sub-

270 2564 520 2614 versionem,
559 2560 778 2603 subversio
817 2561 962 2614 potius
992 2558 1209 2602 Ecclesiae
1239 2573 1289 2600 ex
1320 2556 1527 2610 ejusmodi
1556 2555 1837 2609 separatione,

271 2651 399 2688 quam
437 2634 674 2677 aedificatio
713 2635 785 2674 est
816 2631 1110 2686 exspectanda.
1148 2630 1293 2683 Atque
1330 2629 1425 2671 ideo
1453 2627 1721 2681 Augustinus
1752 2641 1839 2669 non

272 2707 485 2759 sustinuit,
530 2709 577 2748 ut
620 2706 818 2748 adversus
863 2703 1051 2746 ebriosos
1088 2703 1132 2744 in
1170 2702 1318 2744 Africa
1356 2703 1534 2755 propter
1571 2699 1838 2754 peccantium

274 2779 591 2821 multitudinem
621 2778 691 2820 hic
721 2776 888 2830 gladius
919 2774 1155 2829 spiritualis
1186 2772 1480 2827 stringeretur.

327 2848 528 2892 XXVIII.
567 2847 659 2891 Nos
697 2863 797 2890 vero
838 2862 933 2889 cum
972 2845 1246 2889 distinctione
1273 2844 1590 2899 respondemus,
1620 2842 1840 2897 simagna

276 2936 375 2974 pars
405 2920 617 2964 Ecclesiae
646 2921 689 2963 in
719 2934 904 2975 errorem
932 2917 1305 2976 fundamentalem,
1335 2930 1409 2958 seu
1435 2914 1629 2957 haeresin
1658 2914 1841 2957 abducta

278 2993 344 3043 sit,
387 2995 428 3034 et
465 2993 661 3034 omnibus
700 2991 897 3057 remediis
933 2990 1110 3034 tentatis
1147 2989 1191 3030 in
1219 2989 1332 3031 viam
1360 2987 1549 3029 revocari
1576 3001 1662 3029 non
1690 2985 1839 3039 possit,
