1931 3224
536 98 599 139 Da
627 97 736 139 ΗΘΜ.
765 112 814 139 AD
844 97 958 139 IMAG.
988 96 1067 138 Dm
1097 111 1251 138 GREATO.
1593 94 1668 133 111

115 221 283 262 demum
319 221 443 274 plene
481 221 593 273 felix,
633 237 729 264 cum
768 222 938 275 corpori
967 222 1191 275 conjuncta
1221 222 1295 262 est.
1326 218 1448 261 Unde
1478 217 1671 270 corporis

114 291 350 349 necessaria
378 292 430 333 ad
457 292 708 335 beatitatem
736 293 921 335 hominis
950 292 1202 335 resurrectio
1233 291 1452 333 evincitur.

167 362 301 404 XXV.
331 361 431 405 Non
458 366 626 405 tantum
654 367 795 406 autem
825 364 1160 418 separabilis
1189 379 1213 405 a
1244 378 1434 416 corpore,
1459 365 1500 404 et
1525 377 1673 415 super-

115 436 200 476 stes
236 435 418 487 corpori.
457 435 529 477 sed
567 439 608 477 et
635 438 788 478 natura
815 436 1147 478 immortalis
1177 437 1253 487 est,
1285 434 1400 487 quod
1428 433 1673 486 Scripturae

113 506 383 557 testimoniis,
413 510 455 548 et
484 507 748 549 evidentibus
777 507 1039 561 argumentis
1066 506 1284 560 probatur.
1311 504 1673 547 Testimoniis

115 578 285 630 quidem
322 594 343 620 e
382 578 478 620 Vet.
508 579 706 630 Testam.,
737 578 805 621 Ps.
834 580 898 630 49,
930 580 991 620 16.
1020 579 1134 620 Eccl.
1164 580 1225 630 12,
1256 579 1292 619 7.
1324 579 1343 619 1
1375 577 1487 619 Sam.
1517 578 1580 629 28,
1611 578 1672 617 11.

115 650 137 691 1
185 649 290 704 Reg.
338 651 400 701 17,
440 652 518 702 21„
556 666 577 692 e
615 650 726 692 Nov.
766 651 891 702 Testa„
932 651 1036 692 Mat.
1076 652 1138 702 10,
1177 652 1238 693 28.
1277 651 1387 692 Phil.
1429 649 1463 702 1,
1505 650 1568 691 22.
1609 649 1672 690 23.

115 722 135 762 1
167 721 258 763 Pet.
287 723 324 774 3,
356 723 418 764 19.
447 723 583 776 Apoc.
613 725 649 775 6,
679 725 715 765 9.
746 725 787 764 et
816 723 851 775 7,
881 725 918 765 9.
949 726 991 765 et
1020 723 1194 776 passim.

166 792 322 835 XXVI.
360 794 735 848 Argumentis:
774 795 912 848 primo
954 810 1003 836 ex
1049 795 1352 836 creationis
1390 794 1580 844 forma,
1611 793 1676 834 in-

114 865 348 918 spiratione
377 866 488 907 enim
518 865 600 907 Dei
628 868 769 908 creata
799 868 874 917 est,
906 867 995 908 sine
1024 866 1110 907 ulla
1141 866 1312 907 omnino
1341 866 1522 907 materia
1554 879 1676 918 prae-

109 938 290 990 jacente,
327 938 413 979 imo
454 952 504 978 ex
541 937 633 979 Deo
671 937 779 990 ipso,
819 937 1123 979 assimilatione
1158 937 1375 988 essentiae,
1406 937 1595 988 adeoque
1625 936 1678 977 ad

114 1008 196 1050 Dei
224 1009 468 1062 imaginem.
498 1008 620 1050 Nihil
652 1011 793 1050 autem
823 1010 1004 1051 mortale
1033 1009 1287 1051 immortalis
1316 1008 1399 1050 Dei
1428 1008 1570 1060 imago
1601 1009 1675 1049 est.

166 1078 345 1121 XXVII.
389 1079 553 1122 Deinde
597 1095 646 1122 ex
688 1081 822 1134 ipsius
862 1084 1083 1131 natura,
1126 1081 1239 1134 quod
1276 1080 1459 1122 essentia
1497 1079 1677 1133 simplex

115 1151 182 1202 sit,
219 1151 327 1193 nihil
364 1152 613 1203 admixtum,
653 1155 909 1204 concretum,
949 1152 1196 1205 copulatum
1234 1154 1306 1193 aut
1332 1154 1677 1205 coagmentatum

114 1223 286 1277 habens,
331 1225 441 1266 unde
483 1239 620 1278 neque
664 1224 837 1275 secerni,
878 1223 1009 1265 dividi
1047 1225 1175 1276 atque
1212 1223 1396 1276 discerpi
1434 1225 1590 1276 potest,
1630 1237 1678 1263 ac

114 1295 292 1349 proinde
334 1296 532 1338 interitus
575 1311 736 1350 expers.
780 1295 860 1338 Est
902 1296 1014 1337 enim
1050 1296 1260 1347 interitus,
1300 1295 1421 1348 quasi
1460 1296 1676 1345 discessus,

117 1367 293 1409 secretio
325 1370 367 1409 et
396 1368 624 1422 diremptio
655 1384 799 1410 earum
828 1369 1028 1422 partium,
1060 1382 1167 1420 quae
1193 1369 1290 1409 ante
1314 1367 1536 1409 interitum
1556 1368 1678 1419 junc-

114 1439 232 1479 tione
262 1439 404 1492 aliqua
430 1440 697 1482 tenebantur.

169 1509 367 1553 XXVIII.
421 1510 533 1561 Quin
577 1527 627 1553 ex
669 1512 897 1565 praeclaris
943 1511 1109 1563 ani-'mi
1149 1511 1391 1562 dotibus,
1431 1510 1675 1561 effectiS,

117 1582 434 1635 divinisque
471 1583 869 1625 functionibus.
908 1582 1103 1624 Miranda
1143 1583 1254 1624 enim
1294 1582 1465 1623 solertia
1503 1581 1678 1635 ingenii,

119 1654 392 1707 cogitationis
420 1654 643 1706 -celeritas,
685 1654 868 1696 facilitas
910 1654 1209 1707 perceptionis,
1243 1653 1395 1707 judicii
1434 1654 1677 1705 acrimonia,

118 1726 328 1767 discursus
374 1727 416 1767 et
461 1726 732 1768 ratiocinatio
781 1726 830 1768 de
872 1726 998 1768 rebus
1042 1726 1250 1777 omnibus,
1293 1725 1497 1768 memoria
1536 1740 1678 1767 rerum

117 1799 458 1851 praeteritarum,
498 1798 785 1852 praesentium
824 1798 1140 1851 contemplatio,
1179 1797 1419 1839 futurarum
1453 1797 1677 1851 praevisio,

119 1873 160 1912 et
184 1871 368 1912 maxime
392 1871 436 1912 in
460 1885 503 1912 se
523 1871 661 1924 ipsam
684 1870 902 1912 conversio
931 1873 972 1911 et
995 1869 1182 1921 reflexio,
1199 1869 1348 1922 suique
1364 1868 1678 1923 contemplatio,

119 1956 225 1993 quae
267 1942 409 1984 omnia
447 1958 471 1984 a
508 1942 624 1984 nulla
660 1942 966 1983 elementorum
1005 1941 1327 1994 compositione,
1366 1941 1438 1982 sed
1476 1940 1680 1982 diviniore

117 2015 271 2054 natura
301 2015 411 2065 sunt,
444 2016 572 2066 atque
599 2013 884 2056 immortalem
917 2028 1008 2054 eam
1039 2015 1237 2066 arguunt.

171 2084 326 2126 XXIX.
364 2084 582 2138 Imprimis
623 2100 673 2127 ex
713 2085 806 2138 ipsa
845 2084 1009 2125 animae
1045 2083 1180 2125 indita
1218 2083 1315 2125 Dei
1356 2083 1679 2137 cognitione

118 2156 531 2210 religioneque,
571 2156 661 2198 veri
697 2159 739 2198 et
775 2155 884 2207 falsi,
923 2156 1049 2208 aequi
1087 2159 1128 2197 et
1166 2155 1314 2208 iniqui,
1340 2156 1449 2208 juris
1481 2157 1522 2196 et
1550 2156 1681 2208 injus-

117 2227 251 2279 titiae,
292 2228 460 2280 pulchri
488 2230 532 2269 et
561 2228 712 2281 turpis,
741 2227 910 2269 honesti
936 2230 978 2269 et
1005 2227 1221 2271 inhonesti
1251 2226 1488 2268 differentia
1515 2229 1556 2268 et
1585 2242 1681 2280 per-

120 2298 326 2353 ceptione,
356 2299 513 2340 artium
541 2299 915 2340 innumerabilium
944 2298 1257 2352 excogitatione
1288 2301 1330 2339 et
1355 2297 1542 2339 scientia.
1570 2297 1680 2338 Eva-

119 2370 242 2411 nidus
283 2370 394 2412 enim
432 2371 556 2423 vigor
594 2385 680 2412 non
709 2373 854 2424 posset
884 2371 936 2412 ad
965 2370 1105 2412 Deum
1133 2369 1418 2412 immortalem
1448 2372 1489 2411 et
1518 2368 1680 2410 fontem

119 2441 233 2482 vitae
276 2456 507 2494 assurgere,
551 2444 679 2495 atque
721 2442 919 2484 coelestia
962 2445 1003 2483 et
1042 2441 1195 2494 divina,
1236 2441 1482 2483 admiranda
1520 2440 1682 2496 ingenii

119 2511 162 2552 vi
189 2513 460 2564 perscrutari.

172 2582 306 2625 XXX.
336 2584 402 2626 Ex
433 2585 814 2628 conscientiae
842 2586 1194 2637 testimonio,
1228 2599 1334 2638 quae
1364 2600 1415 2626 ex
1439 2586 1559 2626 reatu
1583 2598 1681 2637 pec-

121 2657 313 2697 catorum
341 2656 567 2698 horribiles
595 2659 779 2699 terrores
806 2657 1002 2710 concipit.
1027 2656 1123 2698 Nisi
1147 2671 1246 2698 sane
1270 2656 1493 2698 hominum
1518 2655 1682 2697 animae

120 2730 218 2781 post
261 2730 444 2769 mortem
487 2729 736 2781 superstites
779 2731 930 2781 essent,
972 2728 1080 2770 nihil
1123 2743 1271 2771 causae
1312 2728 1519 2770 haberent
1560 2727 1683 2782 impii

128 2813 201 2840 cur
222 2799 272 2840 de
302 2799 457 2841 futuris
487 2799 637 2853 poenis
665 2800 883 2842 tantillum
911 2800 1201 2843 formidarent.

174 2869 330 2912 XXXI.
353 2870 435 2913 Sed
461 2873 503 2913 et
529 2871 682 2912 cibus
706 2872 914 2913 animae
938 2871 1201 2913 humanae
1228 2873 1308 2912 est
1331 2870 1681 2922 immortalis,

123 2942 171 2981 ut
203 2944 266 2983 est
295 2941 411 2984 Deus
435 2944 607 2995 ejusque
635 2942 794 2985 fruitio.
822 2943 879 2985 Et
906 2943 951 2984 ni
981 2943 1121 2984 anima
1151 2945 1261 2984 esset
1284 2943 1550 2995 immortalis,
1575 2958 1683 2985 vana
