1931 3224
256 141 334 185 578
811 139 1051 182 DISPUTA'HO
1079 137 1273 184 XLVIII.

255 267 474 309 retenta
514 265 650 306 sunt.
687 263 832 316 Atque
859 263 1017 306 idcirco
1048 263 1177 305 etiam
1205 277 1437 316 praecones
1464 263 1595 316 verbi,
1622 263 1667 305 in
1696 262 1818 306 Chri-

257 337 312 380 sti
338 336 510 379 nomine
538 333 753 388 legatione
779 333 903 388 fungi
932 334 1141 387 dicuntur,
1169 334 1194 375 2
1223 333 1316 376 Cor.
1342 334 1379 387 5,
1408 335 1472 377 20.

310 407 428 450 VIII.
479 406 630 448 Altera
681 406 821 459 clavis,
868 421 975 460 quae
1018 406 1268 460 disciplinae
1310 408 1500 458 vocatur,
1543 405 1587 447 in
1629 405 1820 448 Ecclesia

257 479 414 522 Christi
449 477 588 533 magis
627 480 899 520 controversa
937 480 1013 530 est,
1053 492 1100 519 ac
1138 477 1317 531 proinde
1359 478 1448 530 ejus
1475 479 1639 530 natura,
1669 477 1819 519 modus

256 554 384 604 atque
421 565 521 592 usus
559 550 686 604 paulo
726 549 972 604 diligentius
1014 564 1065 592 ex
1103 548 1232 592 Sacra
1270 548 1492 602 Scriptura
1518 549 1643 591 nobis
1673 552 1821 592 contra

257 637 401 665 omnes
431 622 586 664 abusus
616 624 679 664 est
707 621 997 664 vindicandus.

308 693 383 736 IX.
423 692 659 736 Statuimus
699 708 814 747 ergo,
846 708 938 735 eam
967 692 1142 747 proprie
1172 693 1403 736 consistere
1432 693 1476 735 in
1503 696 1719 747 potestate
1747 693 1822 736 illa

256 765 478 822 spirituali,
517 780 601 818 qua
638 780 715 818 per
753 764 953 806 Pastores
982 764 1113 817 verbi,
1144 779 1193 806 ex
1223 765 1398 807 consilio
1428 764 1608 807 Senatus
1636 765 1822 808 Ecclesi-

254 838 388 889 astici,
428 839 469 879 et
507 851 712 879 consensu
740 836 875 878 totius
903 835 1130 888 Ecclesiae,
1160 835 1224 877 illi
1254 836 1327 889 qui
1354 836 1508 878 fratres
1536 837 1822 886 nominantur,

255 912 434 963 propter
474 908 691 950 doctrinae
729 910 802 949 aut
842 907 955 949 vitae
984 906 1291 960 impuritatem,
1320 910 1420 961 post
1448 908 1636 962 privatas
1665 917 1714 951 ac
1742 923 1822 962 pu-

254 981 387 1023 blicas
425 980 640 1022 Ecclesiae
679 980 938 1021 monitiones
974 978 1193 1032 neglectas
1231 993 1279 1020 ac
1318 982 1597 1033 contemptas,
1637 994 1661 1022 a
1689 980 1822 1034 signis

257 1052 423 1094 divinae
461 1051 625 1105 gratiae
664 1053 880 1093 arcentur:
920 1052 962 1092 et
999 1050 1035 1092 si
1071 1051 1116 1092 in
1159 1050 1304 1093 eadem
1334 1052 1601 1094 contumacia
1629 1066 1823 1106 perseve-

256 1125 364 1176 rent,
401 1123 575 1165 tandem
608 1136 752 1164 coram
780 1124 873 1164 tota
903 1122 1095 1164 Ecclesia
1122 1122 1167 1164 in
1195 1122 1277 1165 Dei
1303 1123 1475 1165 nomine
1503 1138 1579 1177 per
1605 1123 1823 1177 publicam

257 1194 513 1237 sententiam
552 1194 597 1235 in
639 1194 777 1245 terriS,
822 1195 863 1235 et
906 1196 1214 1247 consequenter
1251 1193 1295 1235 in
1332 1194 1474 1247 coelis,
1513 1194 1566 1236 ab
1604 1194 1823 1237 Ecclesiae

258 1266 554 1309 communione
592 1265 750 1307 exclusi
780 1279 869 1307 esse
897 1266 1256 1319 pronunciantur;
1284 1266 1496 1320 tantisper
1525 1267 1625 1308 dum
1653 1281 1729 1320 per
1757 1281 1823 1309 re—

259 1337 549 1391 sipiscentiam
600 1351 744 1379 veram
786 1351 835 1378 ac
877 1337 1030 1379 seriam
1072 1336 1165 1379 Deo
1209 1340 1337 1391 atque
1378 1337 1593 1380 Ecclesiae
1634 1339 1824 1380 reconci-

254 1409 423 1452 lientur.

308 1480 360 1522 X.
398 1480 647 1533 Antequam
681 1494 781 1522 vero
821 1480 948 1533 hujus
978 1480 1238 1523 definitionis
1267 1481 1435 1535 singula
1463 1482 1654 1524 membra
1681 1482 1823 1536 pensi-

258 1551 439 1594 culatius
464 1551 764 1604 examinemus,
789 1551 914 1594 nobis
941 1568 991 1594 ex
1016 1551 1145 1595 Sacra
1168 1552 1387 1607 Scriptura
1412 1556 1560 1595 contra
1582 1554 1823 1606 nonnullos,

260 1625 333 1676 qui
372 1639 415 1666 se
454 1638 533 1677 pro
570 1623 787 1665 Ecclesiae
823 1624 1079 1666 reformatae
1116 1624 1318 1666 membris
1347 1626 1513 1677 gerunt,
1542 1624 1653 1666 hanc
1680 1626 1824 1679 potes-

256 1698 391 1738 tatem
442 1695 657 1738 Ecclesiae
700 1710 789 1738 esse
833 1695 988 1748 datam,
1033 1695 1410 1737 demonstrandum
1453 1697 1537 1746 est3
1581 1710 1629 1737 ac
1673 1695 1823 1738 deinde

257 1767 408 1809 modus
451 1782 500 1809 ac
540 1770 694 1809 natura
737 1768 826 1821 ejus
862 1769 986 1821 juxta
1026 1767 1315 1811 definitionem
1354 1783 1378 1809 a
1405 1767 1529 1810 nobis
1558 1768 1827 1822 propositam

257 1838 519 1892 explicanda.

312 1909 385 1952 XI.
423 1909 547 1952 Hanc
577 1912 840 1964 potestatem
867 1910 1084 1953 Ecclesiae
1115 1925 1205 1953 esse
1235 1911 1379 1953 datam
1411 1911 1610 1953 evincunt
1641 1909 1826 1963 plurima

259 1981 513 2024 documenta
553 1984 681 2034 atque
710 1981 905 2036 exempla
932 1984 1022 2024 tam
1051 1981 1220 2024 Veteris
1251 1997 1379 2035 quam
1406 1981 1522 2024 Novi
1550 1982 1824 2024 Testamenti.

309 2052 406 2095 XII.
445 2053 495 2095 In
523 2052 673 2095 Veteri
703 2052 978 2095 Testamento
1005 2052 1122 2095 Deus
1152 2054 1383 2106 mandavit,
1413 2055 1461 2095 ut
1488 2054 1648 2107 impuri
1677 2068 1825 2096 secun-

258 2124 357 2165 dum
393 2124 531 2177 legem
570 2139 656 2166 non
684 2126 854 2166 tantum
885 2127 1038 2178 sponte
1071 2140 1094 2166 a
1124 2139 1340 2167 sacrorum
1370 2125 1665 2180 communione
1694 2125 1825 2167 absti-

256 2196 418 2246 nerent,
449 2193 546 2236 Lev.
576 2195 612 2236 5.
629 2196 686 2236 ·et
715 2195 752 2236 6.
784 2196 826 2236 et
855 2195 1130 2248 sequentibus
1160 2195 1386 2249 capitibus.
1415 2195 1524 2238 Item
1549 2196 1602 2238 ab
1628 2211 1700 2238 esu
1721 2194 1826 2250 agni

257 2265 484 2319 paschalis,
514 2264 643 2307 Num.
673 2266 710 2307 9.
736 2265 819 2308 Sed
845 2266 974 2308 etiam
999 2269 1047 2308 ut
1074 2266 1323 2310 Sacerdotes
1350 2268 1392 2308 et
1415 2265 1588 2309 Levitae
1611 2266 1740 2319 hujus
1763 2265 1825 2308 rei

259 2349 403 2377 curam
439 2350 541 2390 prae
581 2336 732 2378 ceteris
761 2336 980 2389 haberent,
1010 2352 1176 2391 nempe,
1205 2340 1253 2379 ut
1282 2337 1512 2380 secundum
1538 2336 1622 2379 Dei
1648 2337 1826 2379 verbum

257 2406 369 2448 inter
397 2422 553 2460 purum
583 2410 624 2449 et
652 2408 882 2461 impurum,
909 2411 1103 2451 sanctum
1133 2411 1175 2451 et
1203 2408 1433 2462 profanum
1462 2408 1750 2450 discernerent
1777 2422 1826 2449 ac

253 2478 507 2531 judicarent,
546 2481 594 2520 ut
631 2479 774 2521 videre
811 2481 874 2522 est
911 2479 961 2522 de
1001 2480 1118 2522 omni
1156 2480 1419 2534 impuritate,
1456 2478 1553 2522 Lev.
1592 2479 1655 2531 10,
1684 2480 1721 2521 9.
1749 2478 1824 2521 Ez.

256 2549 321 2602 44,
359 2550 422 2592 23.
462 2553 504 2592 et
543 2551 592 2592 de
628 2550 808 2606 impuris
849 2566 900 2593 ex
936 2551 1069 2605 lepra,
1109 2551 1208 2595 Lev.
1249 2553 1310 2594 13.
1349 2554 1481 2606 utque
1511 2566 1582 2593 eos
1611 2565 1716 2604 quos
1744 2550 1825 2592 im·-

258 2636 388 2674 puros
422 2622 697 2679 judicassent,
736 2638 760 2664 a
788 2623 938 2676 templi
966 2638 1015 2665 ac
1043 2638 1260 2666 sacrorum
1290 2623 1586 2666 communione
1613 2622 1825 2676 tantisper

258 2696 462 2746 arcerent,
502 2694 635 2736 donec
670 2709 747 2748 per
781 2694 1014 2748 singularia
1044 2696 1252 2738 sacrificia
1281 2695 1414 2737 denuo
1444 2696 1582 2737 essent
1609 2693 1823 2744 niundati3

259 2765 617 2816 quemadmodum
644 2768 816 2819 praeter
842 2764 973 2819 Regis
1003 2765 1133 2809 Usiae
1163 2754 1405 2821 exemplum
1428 2765 1654 2819 singulare,
1679 2765 1716 2806 2.
1740 2763 1824 2806 Pa-

258 2833 453 2887 ralipom.
493 2835 556 2877 26.
597 2835 790 2878 universe
826 2836 1052 2890 indicatur,
1082 2839 1120 2880 2.
1151 2837 1410 2892 Paralipom.
1439 2838 1503 2890 23,
1534 2837 1595 2878 18.
1625 2835 1653 2877 J
1665 2851 1688 2878 o
1697 2835 1824 2889 jada

261 2903 558 2946 distribuit
596 2921 814 2949 munera
850 2908 904 2950 in
942 2909 1095 2952 domo
1133 2909 1355 2952 Domini
1392 2910 1540 2951 inter
1568 2907 1824 2951 Sacerdo-

258 2976 342 3015 tes
394 2978 444 3016 et
496 2976 741 3031 Levitas‚
795 2982 837 3021 et
890 2981 1194 3024 collocavit
1233 2981 1508 3035 janitores
1551 2979 1605 3022 in
1647 2978 1826 3033 portis

1929 1181 1931 1189 .
1920 1102 1931 1126 Αὼ
1920 771 1931 1084 „ae*n;...mAu-=mnm—.L‚
1927 757 1931 762 .
1919 705 1931 749 ιιι
1920 603 1931 694 -..ιιι-υ..
1922 512 1931 596 *mnan-1
1928 487 1931 503 n.
1923 456 1931 464 ι
