1931 3224
224 129 303 171 314
790 128 1032 172 DISPUTATIO
1061 129 1215 172 XXXI.

222 253 347 296 nobis
383 253 687 306 inhaerentem,
718 256 760 296 et
786 255 978 296 nostram
1007 268 1150 296 coram
1177 253 1270 297 Deo
1295 254 1522 308 justitiam,
1551 269 1658 308 quae
1686 270 1784 310 gra-

223 325 334 367 tiosa
364 326 535 378 quidem
562 326 869 377 aestimatione,
901 325 1067 367 etiamsi
1094 325 1237 379 rigore
1262 327 1370 379 juris
1397 341 1485 368 non
1514 326 1569 368 sit
1596 326 1785 380 perfecta

223 396 318 439 1000
345 396 462 438 illius
491 411 540 438 ac
567 397 657 439 vice
686 398 942 450 acceptetur,
973 396 1187 449 quomodo
1218 397 1610 451 imputationis
1638 412 1785 440 vocem

225 467 492 520 detorquent.

658 679 721 723 DE
752 679 1076 723 PERsEvERANTm
1104 680 1352 723 SANewroaUM.

274 823 408 866 XXX.
452 824 675 867 Salvificae
715 823 815 865 fidei
857 823 908 865 de
952 837 1035 876 qua
1066 823 1273 866 hactenus
1303 823 1462 866 dictum
1491 828 1566 878 est,
1596 840 1787 869 necessa-

222 897 333 938 rium
374 896 620 949 adjunctum
663 897 727 937 est
769 896 1189 948 perseverantia
1231 896 1284 937 ad
1325 895 1455 937 finem
1490 911 1637 949 usque,
1669 898 1786 949 qu'us

223 967 351 1010 etiam
381 967 591 1009 certitudo
620 967 666 1008 in
694 981 818 1009 verae
845 967 945 1008 fidei
975 967 1141 1019 objecto
1171 966 1424 1020 continetur,
1456 969 1499 1009 et
1526 967 1572 1009 in
1596 968 1786 1021 subjecto

221 1039 358 1080 inesse
387 1038 512 1080 debet
540 1052 642 1080 vera
670 1038 753 1080 fide
780 1037 998 1091 praedito;
1029 1037 1191 1090 alioqui
1214 1051 1301 1079 non
1325 1040 1434 1079 esset
1458 1038 1563 1080 fides
1588 1039 1786 1093 salvifica,

222 1112 296 1151 aut
332 1109 582 1162 justificans,
624 1124 702 1151 nec
744 1109 858 1151 enim
894 1108 1003 1150 alius
1039 1108 1122 1150 nisi
1160 1109 1249 1161 qui
1288 1109 1616 1161 crediderit,
1655 1109 1784 1152 Marc.

223 1181 286 1234 16,
329 1182 391 1223 16.
433 1195 510 1224 nec
555 1180 662 1222 alius
700 1180 783 1222 nisi
821 1180 911 1233 qui
948 1179 1387 1234 perseveraverit
1424 1194 1594 1233 usque
1630 1181 1685 1222 in
1723 1181 1787 1223 fi-

221 1268 356 1305 nem,
385 1252 509 1294 Matt.
538 1251 603 1303 24,
631 1251 670 1293 4.
699 1252 885 1293 salvus
916 1251 1033 1293 erit.

274 1323 431 1366 XXXI.
470 1323 837 1366 Perseverantiam
869 1322 914 1363 in
941 1322 1021 1364 hac
1050 1321 1302 1375 quaestione
1330 1321 1485 1365 Ethice
1514 1337 1601 1365 11011
1630 1323 1788 1378 accipi-

220 1411 314 1438 mus
352 1410 431 1450 pro
467 1395 543 1437 illa
570 1394 835 1437 fortitudinis
864 1396 998 1448 parte,
1027 1395 1076 1435 ut
1106 1395 1171 1435 est
1200 1394 1406 1447 quaedam
1433 1394 1569 1436 virtus
1601 1395 1789 1438 animum

222 1467 457 1523 perficiens,
501 1469 549 1508 ut
590 1481 676 1508 non
720 1466 917 1508 obstante
957 1465 1156 1507 molestia
1196 1480 1324 1518 quam
1361 1465 1511 1507 afferre
1549 1466 1659 1508 solet
1694 1467 1787 1520 ipsa

223 1532 478 1581 diuturnitas
507 1537 715 1591 temporis
744 1537 972 1580 necessarii
999 1537 1045 1579 in
1072 1536 1329 1590 perficiendo
1355 1537 1499 1590 aliquo
1518 1552 1644 1592 opere
1660 1538 1786 1591 bono,

221 1611 425 1665 persistat
466 1609 511 1651 in
555 1609 697 1651 officio
744 1623 878 1662 usque
920 1609 974 1650 ad
1012 1608 1152 1662 operis
1193 1608 1621 1661 consummationem
1660 1624 1788 1662 quam

220 1684 321 1736 post
350 1681 595 1723 Ciceronem
624 1680 806 1734 August.
839 1679 929 1721 Lib.
955 1679 1018 1721 83.
1046 1681 1208 1733 quaest.
1235 1680 1298 1721 31.
1325 1680 1473 1722 definit
1498 1680 1543 1721 111
1571 1681 1788 1723 ratione

221 1753 351 1795 bene
385 1753 693 1795 constituta
722 1751 982 1794 stabilem
1013 1754 1064 1793 et
1092 1753 1414 1808 perpetuam
1441 1752 1786 1795 mansionem.

222 1823 305 1867 Sed
346 1826 394 1865 ut
438 1826 500 1866 est
543 1823 808 1866 continuatio
852 1825 894 1865 et
937 1822 1202 1865 conservatio
1241 1823 1352 1874 fidei,
1389 1823 1480 1877 spei
1510 1825 1552 1865 et
1582 1823 1786 1876 caritatis,

222 1910 402 1948 quarum
440 1898 557 1938 actus
594 1910 671 1948 per
705 1897 844 1936 totam
872 1894 1005 1936 vitam
1035 1894 1189 1937 debent
1220 1894 1382 1946 durare,
1414 1896 1456 1936 et
1483 1894 1578 1936 ideo
1607 1909 1694 1937 non
1722 1909 1787 1937 re-

222 1966 405 2020 quiritur
447 1967 492 2009 in
533 1966 585 2008 iis
626 1966 943 2020 perseverantia
985 1980 1119 2019 usque
1163 1965 1215 2007 ad
1256 1964 1384 2007 finem
1425 1964 1603 2018 alicujus
1647 1965 1786 2019 operis

219 2039 402 2090 tantum,
432 2038 505 2080 sed
532 2052 666 2090 usque
695 2037 749 2079 ad
776 2037 905 2079 finem
932 2037 1058 2079 vitae.

274 2107 452 2150 XXXII.
494 2107 664 2150 Dicitur
705 2110 860 2160 autem,
905 2108 940 2149 1.
984 2108 1034 2150 de
1071 2109 1169 2150 actu
1204 2122 1424 2161 nunquam
1452 2122 1626 2161 prorsus
1654 2108 1786 2151 inter-

220 2183 363 2234 rupto,
402 2180 475 2222 sed
511 2179 773 2231 continuato,
812 2181 854 2221 et
892 2179 1072 2221 eundem
1101 2193 1266 2232 semper
1292 2181 1485 2220 tenorem
1512 2179 1717 2230 habente;
1747 2181 1784 2222 2.

222 2253 272 2294 de
302 2254 399 2293 actu
427 2250 599 2304 quidem
628 2251 858 2293 secundum
887 2250 989 2304 quid
1017 2250 1272 2303 interrupto,
1303 2250 1356 2292 ad
1382 2250 1511 2292 finem
1538 2252 1682 2293 tamen
1707 2251 1786 2293 ali-

222 2323 390 2376 quando
429 2323 649 2376 perducto,
689 2323 762 2375 qui
800 2324 912 2364 certe
948 2321 1065 2363 modi
1101 2321 1244 2363 locum
1272 2321 1433 2363 habent
1460 2321 1505 2363 in
1533 2320 1785 2365 Sanctorum

220 2395 557 2448 perseverantia3
602 2394 674 2436 sed
716 2394 882 2436 ratione
922 2394 1101 2435 diversa.
1145 2392 1252 2442 Quia
1295 2392 1349 2435 ad
1389 2393 1576 2446 primum
1612 2394 1785 2436 modum

220 2465 460 2508 referuntur
499 2465 674 2507 habitus
715 2464 827 2516 fidei,
871 2464 962 2518 spei
1004 2466 1045 2506 et
1089 2464 1279 2506 caritatis
1321 2463 1451 2506 semel
1488 2464 1647 2516 donati,
1685 2465 1785 2517 quia

220 2540 429 2593 perpetuo
467 2539 641 2579 manent
669 2536 757 2578 sine
785 2535 1171 2587 intercisione,
1200 2550 1418 2588 nunquam
1447 2535 1559 2577 enim
1586 2534 1784 2578 auferun-

219 2611 302 2652 tur.
330 2609 400 2652 Ad
428 2608 658 2652 secundum
685 2623 786 2650 vero
816 2607 1018 2659 actiones,
1047 2607 1269 2660 professio,
1300 2609 1342 2649 et
1365 2621 1510 2649 sensus
1535 2607 1782 2657 earundem3

220 2680 265 2722 in
301 2679 455 2734 quibus
494 2680 684 2732 aliquam
720 2679 1078 2732 interruptionem
1107 2679 1254 2721 cadere
1280 2679 1476 2731 fatemur,
1507 2694 1614 2733 quae
1641 2681 1785 2722 tamen

220 2766 307 2794 non
349 2752 529 2806 impedit
570 2751 796 2805 quominus
836 2751 1152 2805 perseverantia
1190 2751 1245 2792 sit
1285 2754 1327 2793 et
1364 2750 1540 2802 dicatur,
1569 2750 1643 2803 qui
1671 2751 1784 2793 enim

219 2823 433 2865 interdum
476 2823 597 2873 cadit,
640 2823 693 2865 ad
736 2823 865 2865 finem
907 2837 1039 2876 usque
1079 2836 1349 2877 perseverare
1389 2822 1555 2874 dicitur,
1584 2825 1782 2865 manente

222 2908 389 2948 semper
429 2895 592 2947 habitu,
636 2897 679 2937 et
716 2909 843 2949 saepe
880 2896 977 2937 actu
1016 2894 1202 2947 quodam
1230 2892 1425 2944 secundo,
1455 2892 1535 2934 etsi
1564 2892 1782 2946 languido,

223 2965 376 3019 quibus
404 2968 622 3019 tamquam
651 2965 832 3008 vinculis
861 2980 956 3008 cum
983 2964 1075 3007 Deo
1105 2979 1272 3018 semper
1300 2964 1549 3016 conjunctus
1580 2965 1655 3016 est,
1681 2963 1780 3005 dum
