1931 3224
276 150 351 191 1Ο4
880 144 1120 187 stpum'rxo
1147 142 1240 186 XII.

274 272 551 327 philosophos
580 264 887 323 Intelligentias
909 267 1161 310 coelestibus
1185 267 1358 308 orbibus
1382 268 1643 323 praeficiant,
1669 271 1743 323 qui
1766 272 1825 314 eis

273 343 485 393 assistant,
535 356 689 393 eosque
731 342 935 394 perpetuo
978 339 1021 380 in
1063 338 1207 380 orbem
1245 340 1388 391 agant,
1426 342 1500 381 aut
1538 355 1645 392 quae
1683 342 1825 385 stellas

274 414 399 455 0113111
438 412 655 466 sigillatim
692 410 1006 459 circumferant3
1045 423 1122 451 nos
1150 412 1293 451 tamen
1321 409 1365 450 id
1392 412 1612 463 tamquam
1643 411 1826 468 figmen-

273 488 363 525 tum
392 484 507 525 nulla
535 483 667 525 solida
696 482 859 523 ratione
887 480 1034 522 nixum
1063 480 1287 533 rejicimus,
1315 480 1414 533 quia
1439 480 1567 523 Sacra
1591 481 1824 537 Scriptura,

274 571 379 608 quae
408 556 529 597 nobis
558 554 820 610 Angelorum
849 552 987 594 officia
1017 552 1273 605 amplissime
1301 552 1460 605 passim
1489 552 1701 607 describit,
1730 555 1825 596 nul-

273 628 352 668 lam
403 627 490 678 ejus
535 626 595 667 rei
642 625 900 666 mentionem
936 623 1050 675 facit,
1089 623 1161 665 sed
1194 625 1342 664 contra
1381 638 1527 665 eorum
1565 625 1826 668 domicilium

272 699 315 739 in
353 711 549 750 supremo
586 697 702 737 coelo
742 710 813 737 seu
851 694 1053 736 Paradiso
1093 695 1285 746 collocat,
1314 696 1444 747 atque
1474 710 1618 738 omnes
1647 700 1825 752 propter

271 770 446 810 salutem
488 767 675 809 fidelium
718 766 833 808 mitti
870 766 1031 818 asserit,
1069 765 1178 808 Heb.
1220 767 1256 818 1,
1295 766 1357 808 14.
1387 765 1445 808 Et
1473 766 1676 810 virtutem
1704 769 1825 811 illam

273 854 354 892 qua
393 839 495 880 coeli
533 853 580 880 ac
619 838 764 880 stellae
800 838 844 879 in
885 837 1031 879 orbem
1068 837 1275 890 feruntur,
1305 853 1330 880 a
1358 838 1497 892 prima
1524 839 1737 883 creatione
1765 842 1824 884 eis

271 911 470 952 divinitus
498 909 626 950 fuisse
654 909 839 961 insitam,
869 923 915 950 ac
943 923 1019 961 per
1047 908 1129 950 Dei
1156 908 1415 962 singularem
1444 911 1756 963 providentiam
1779 913 1824 955 in

270 981 416 1023 iisdem
458 980 707 1031 conservari,
749 994 835 1021 non
873 980 1047 1022 obscure
1084 979 1255 1032 indicat,
1295 980 1419 1022 sicuti
1454 980 1597 1024 videre
1634 985 1697 1025 est
1724 983 1822 1026 Job.

269 1052 332 1103 38,
362 1053 424 1093 31.
454 1052 521 1093 Ps.
553 1052 613 1103 19,
644 1053 681 1093 5.
711 1053 753 1092 et
782 1051 870 1102 104,
899 1051 962 1092 22.
993 1050 1106 1092 Εο01.
1137 1051 1172 1103 1,
1201 1051 1237 1092 5.
1269 1053 1346 1093 010.

321 1122 558 1165 XXXVIII.
597 1122 768 1164 Falsum
808 1123 935 1164 etiam
975 1124 1050 1175 est,
1081 1125 1122 1163 et
1150 1122 1419 1165 illusionibus
1451 1124 1704 1167 daemonum
1733 1141 1823 1169 om-

267 1195 366 1236 nino
405 1194 708 1247 ascribendum,
749 1195 861 1247 quod
897 1195 1182 1237 incantatores
1221 1195 1478 1237 carminibus
1516 1196 1614 1249 suis,
1644 1197 1746 1239 solis
1775 1213 1822 1240 ac

266 1266 390 1308 lunae
421 1281 588 1323 cursum
616 1281 659 1307 se
688 1266 846 1317 sistere,
876 1268 949 1307 aut
974 1266 1154 1308 sidera
1176 1269 1384 1309 vertere
1409 1270 1580 1321 retro,
1606 1269 1707 1311 olim
1729 1269 1823 1323 glo-

266 1338 363 1379 riati
392 1340 499 1389 sunt,
530 1353 624 1379 011111
652 1337 780 1379 Sacra
807 1337 1029 1392 Scriptura
1056 1337 1139 1380 hoc
1167 1338 1278 1380 inter
1305 1338 1385 1381 Dei
1414 1340 1752 1383 extraordinaria
1781 1345 1823 1384 et

266 1409 302 1451 ei
332 1409 513 1451 maxime
541 1409 717 1463 propria
746 1409 948 1451 miracula
977 1413 1203 1463 recenseat,
1233 1410 1322 1453 dos.
1353 1411 1416 1464 10,
1449 1410 1510 1454 13.
1540 1412 1610 1454 Es.
1638 1413 1702 1465 38,
1732 1414 1767 1455 7.

317 1480 514 1522 XXXIX.
545 1480 592 1522 In
623 1481 894 1523 elementaria
922 1496 1021 1523 vero
1053 1496 1234 1536 corpora
1261 1484 1466 1536 majorem
1494 1483 1580 1525 vim
1609 1499 1680 1527 eos
1710 1485 1822 1527 obti-

264 1566 374 1604 nere,
412 1551 539 1594 Sacra
576 1552 795 1607 Scriptura
834 1553 967 1605 docet,
1006 1568 1157 1607 nempe
1187 1554 1240 1596 ad
1269 1569 1317 1596 ea
1346 1554 1561 1611 agitanda,
1591 1556 1820 1610 alteranda,

264 1623 458 1675 sistenda,
489 1623 742 1677 dissipanda,
772 1626 847 1665 etc.
877 1623 990 1666 Nam
1018 1624 1282 1679 Angelorum
1313 1628 1557 1669 sanctorum
1585 1628 1821 1670 ministerio

262 1694 446 1736 Sodoma
483 1697 524 1736 et
564 1694 769 1737 Gomorra
809 1710 952 1737 eversa
981 1698 1091 1748 sunt,
1121 1695 1224 1739 Gen.
1255 1697 1318 1739 19.
1349 1696 1427 1739 Vis
1455 1697 1567 1751 ignis
1596 1698 1649 1740 ab
1678 1699 1730 1740 iis
1757 1699 1821 1741 in-

262 1766 410 1817 hibita,
448 1766 554 1807 Dan.
593 1767 628 1808 3.
669 1766 799 1809 Venti
826 1782 878 1809 ne
906 1768 1071 1821 fiarent,
1102 1768 1294 1821 cohibiti,
1324 1769 1457 1824 Apoc.
1489 1770 1525 1812 7.
1556 1769 1750 1813 Carceres
1779 1774 1821 1813 et

264 1840 435 1879 catenae
476 1837 636 1880 ferreae
678 1838 766 1880 sine
808 1839 990 1892 strepitu
1029 1839 1238 1892 effractae,
1276 1840 1372 1882 Act.
1411 1841 1448 1882 5.
1479 1843 1521 1883 et
1550 1841 1612 1883 12.
1640 1844 1769 1896 atque
1796 1859 1821 1885 a

263 1908 420 1950 Satana
447 1909 559 1962 ignis
590 1910 639 1951 de
669 1910 797 1962 coelo,
826 1925 872 1952 30
900 1911 1016 1952 venti
1044 1912 1323 1965 tempestuosi
1348 1912 1392 1954 in
1416 1927 1568 1967 greges
1583 1929 1632 1956 ac
1647 1914 1820 1956 domum

261 1980 446 2021 filiorum
482 1979 613 2022 Hiobi
649 1981 918 2035 praecipitati
956 1984 1066 2035 sunt,
1104 1982 1232 2025 Hiob.
1272 1985 1306 2036 1,
1347 1984 1409 2026 16.
1440 1985 1501 2026 19.
1530 1984 1634 2026 110111
1661 1985 1705 2026 111
1733 1988 1820 2028 ter-

262 2066 364 2102 ram,
403 2052 535 2105 Apoc.
574 2053 636 2103 13,
676 2053 736 2094 13.
776 2053 885 2096 unde
926 2055 967 2096 et
995 2056 1185 2109 potestas
1214 2055 1322 2097 aeris
1350 2055 1413 2097 illi
1441 2056 1713 2109 peculiariter
1740 2058 1819 2100 tri-

261 2123 416 2176 buitur,
446 2124 555 2177 Eph.
587 2126 624 2176 2,
654 2125 689 2165 2.

313 2195 396 2237 XL.
434 2196 483 2238 In
520 2196 741 2238 hominum
769 2200 897 2250 atque
927 2198 1207 2240 animantium
1236 2198 1499 2252 reliquorum
1529 2215 1705 2255 corpora
1734 2216 1819 2244 non

259 2266 412 2308 minori
441 2267 626 2309 efficacia
653 2269 827 2321 pollent.
859 2269 1138 2312 Transferunt
1167 2286 1215 2312 ea
1243 2285 1321 2324 per
1351 2275 1489 2313 aerem
1519 2272 1747 2325 celerrime,
1770 2275 1819 2314 ut

261 2352 310 2378 ex
341 2337 497 2378 Christi
526 2339 669 2392 ipsius,
701 2339 853 2381 Matth.
883 2341 920 2381 4.
952 2343 993 2382 et
1022 2340 1214 2395 Philippi
1243 2343 1451 2396 exemplo,
1469 2342 1563 2385 Act.
1582 2344 1642 2385 10.
1660 2343 1816 2396 liquem

259 2410 398 2449 motus
438 2408 627 2462 ipsorum
666 2411 866 2454 animales
906 2412 1165 2466 impediunt;
1205 2416 1358 2467 mutos,
1403 2415 1551 2457 surdos
1590 2417 1632 2456 et
1660 2429 1815 2467 caecos,

260 2480 429 2533 organis
457 2483 597 2522 tamen
627 2482 817 2539 integris,
848 2484 1041 2538 reddunt,
1072 2488 1113 2528 et
1144 2501 1291 2528 eorum
1321 2487 1461 2529 nervis
1485 2502 1534 2529 30
1555 2487 1713 2541 linguis
1737 2502 1815 2541 pro

260 2552 382 2592 libitu
411 2567 485 2594 suo
516 2555 704 2607 utuntur,
733 2558 780 2597 ut
809 2571 860 2598 ex
893 2557 1159 2600 obsessorum
1188 2561 1230 2600 et
1260 2574 1284 2600 3
1314 2558 1482 2601 Christo
1508 2560 1553 2601 in
1577 2558 1815 2612 Evangelio

259 2626 500 2666 curatorum
538 2627 739 2680 exemplis
770 2631 947 2670 constat.
977 2629 1087 2671 Boni
1116 2630 1246 2672 etiam
1271 2645 1358 2672 non
1381 2631 1520 2673 minus
1547 2645 1675 2684 quam
1699 2630 1814 2683 mali,

259 2694 503 2736 morborum
542 2697 870 2752 infligendorum
899 2703 1157 2754 potestatem
1184 2701 1357 2755 habent,
1387 2705 1435 2744 ut
1464 2704 1488 2743 2
1517 2702 1627 2744 Sam.
1656 2703 1720 2754 24,
1751 2703 1813 2744 16.

258 2763 384 2805 Hiob.
424 2767 461 2817 2,
500 2767 535 2808 7.
574 2768 668 2811 Αο1.
700 2771 761 2823 12,
791 2771 855 2812 23.
886 2773 927 2817 01
955 2772 1057 2814 alibi
1087 2773 1228 2815 videre
1255 2776 1340 2825 est;
1372 2776 1414 2816 et
1442 2789 1527 2816 una
1554 2776 1679 2816 nocte
1707 2774 1814 2816 mul-

258 2837 322 2876 tas
371 2835 591 2880 hominum
643 2841 856 2894 myriadas
902 2858 1009 2884 unus
1054 2859 1104 2885 ex
1146 2845 1198 2886 iis
1240 2845 1420 2898 conficit,
1463 2845 1601 2888 Exod.
1646 2847 1706 2898 12,
1749 2847 1813 2888 23.

260 2906 285 2946 2
314 2905 417 2959 Reg.
449 2909 508 2949 19.
540 2913 614 2952 etc.

311 2977 417 3019 XLI.
456 2980 524 3020 An
555 2996 652 3023 vero
683 2983 853 3026 morbos
883 2985 1027 3027 eadem
1057 2987 1251 3039 potentia
1280 3002 1426 3030 curare
1454 2987 1633 3040 valeant,
1664 2988 1813 3031 diffici-
