1931 3224
238 160 316 201 254
803 156 1043 199 DisPU'rArro
1071 154 1227 197 XXVI.

239 297 310 325 cae
348 283 582 324 oblationes
620 281 697 323 sub
733 280 881 323 Veteri
917 280 1203 330 Testamento,
1241 291 1327 318 non
1355 277 1528 330 proprie
1556 277 1793 319 oblationes

237 356 410 395 vocatae
446 353 629 401 fuerunt,
667 352 739 394 sed
776 350 1079 403 metaphorice,
1119 352 1160 391 et
1196 351 1368 390 nostrae
1403 348 1639 390 oblationes
1667 347 1792 402 spiri-

237 425 371 465 tuales
414 439 520 476 quae
561 423 683 465 nobis
725 424 768 464 in
806 421 930 463 Novo
968 420 1242 462 Testamento
1270 419 1631 473 praescribuntur,
1658 422 1793 462 meta-

237 495 411 548 phorice
452 496 512 536 sic
554 495 701 545 dictae,
746 492 902 534 Christi
941 491 1148 533 oblationi
1185 493 1284 532 sunt
1321 491 1401 533 hac
1437 491 1482 532 in
1519 493 1643 544 parte
1672 505 1793 533 coae-

237 566 393 618 quales.
434 565 619 614 Quarum
657 566 834 615 utraque
873 561 1086 603 conclusio
1127 576 1177 603 ex
1204 562 1278 603 illa
1306 560 1629 604 Socinianorum
1658 576 1792 604 asser-

236 637 352 678 tione
389 638 503 677 recte
541 635 730 686 deducta,
760 632 1114 675 manifestissimis
1144 631 1296 674 Sacrae
1325 632 1570 686 Scripturae
1598 634 1793 675 testimo-

234 707 315 748 niis
343 709 564 760 repugnat.

287 777 444 819 XXIII.
474 777 634 818 Errant
662 791 831 829 quoque
860 775 1147 817 Andraeae
1177 774 1211 817 Ο
1233 775 1448 818 31301111
1478 775 1688 829 discipuli,
1720 775 1793 828 qui

236 848 420 890 officium
462 848 758 890 mediatorium
801 847 880 889 soli
921 850 1099 888 naturae
1137 847 1306 889 divinae
1343 846 1446 889 Jesu
1483 846 1641 888 Christi
1669 846 1792 888 attri-

235 921 380 961 buunt.
422 918 536 961 Nam
579 919 807 960 secundum
850 918 931 960 Dei
971 919 1284 972 praescriptum
1326 918 1450 960 nobis
1493 918 1620 961 verbo
1659 918 1792 971 ipsius

235 991 504 1041 declaratum,
540 990 731 1031 Christus
759 1004 844 1031 non
873 992 1042 1031 tantum
1072 990 1307 1033 Ecclesiam
1338 1005 1457 1032 suam
1483 990 1598 1032 intus
1627 989 1793 1043 Spiritu

235 1076 308 1103 suo
352 1076 499 1114 regere
541 1064 667 1114 atque
704 1061 904 1102 adversus
942 1076 1086 1103 01111103
1123 1062 1270 1104 hostes
1303 1064 1503 1116 potenter
1532 1075 1791 1112 conservare,

235 1133 306 1175 secl
335 1136 507 1175 externa
537 1148 705 1186 quoque
733 1132 956 1186 Evangelii
985 1133 1050 1174 sui
1077 1133 1393 1187 praedicatione
1430 1133 1578 1175 docere
1615 1147 1663 1174 ac
1692 1147 1793 1174 con-

235 1204 375 1256 solari,
427 1220 504 1246 nec
554 1207 722 1246 tantum
769 1219 845 1257 per
887 1203 1094 1259 Spiritum
1136 1219 1258 1246 suum
1301 1207 1521 1246 aeternum
1562 1203 1643 1245 Dei
1685 1204 1794 1245 iram

234 1278 447 1317 aeternam
485 1275 642 1327 sistere,
680 1275 751 1317 sed
790 1275 918 1316 etiam
959 1274 1177 1329 sanguinis
1213 1275 1279 1317 sui
1316 1275 1520 1317 effusione
1549 1275 1672 1317 nobis
1700 1275 1792 1328 pla-

234 1360 328 1387 care
359 1346 515 1388 debuit.

285 1417 441 1459 XXIV.
479 1417 637 1459 Errant
667 1418 795 1459 etiam
824 1417 1093 1460 Doctores
1122 1418 1418 1460 Pontificii
1449 1419 1522 1471 qui
1550 1418 1716 1470 docent,
1745 1421 1793 1460 ut

231 1488 365 1540 liquet
407 1504 456 1530 ex
497 1489 665 1543 scriptis
707 1489 904 1531 Bellarm.
939 1489 974 1531 31
1003 1504 1139 1532 sermo
1169 1490 1223 1531 sit
1251 1504 1338 1531 non
1366 1490 1416 1531 (10
1443 1490 1538 1543 11030
1568 1490 1791 1543 supposito

233 1559 334 1601 ι10311
377 1560 558 1611 Christo,
610 1561 682 1602 secl
723 1561 773 1601 de
813 1561 982 1602 formali
1026 1562 1241 1603 actionum
1277 1561 1411 1614 ipsius
1448 1561 1672 1614 principio,
1710 1560 1793 1603 hoc

232 1631 488 1684 principium
512 1646 600 1673 esse
622 1631 851 1673 humanam
876 1632 1033 1674 Christi
1053 1636 1260 1685 naturam,
1276 1648 1363 1675 non
1378 1632 1576 1685 divinam,
1592 1632 1791 1674 Bellarm.

232 1700 322 1742 Lib.
361 1703 397 1743 5.
436 1702 485 1743 (10
523 1701 690 1744 Christo
729 1702 902 1745 Mediat.
937 1718 1028 1758 cap.
1060 1705 1094 1746 1.
1127 1707 1169 1746 013
1197 1705 1233 1746 3.
1263 1704 1542 1757 Αά,(1110111111
1569 1703 1792 1745 refutatio-

233 1786 329 1814 nem
366 1774 595 1828 praecipua
633 1789 681 1816 ac
718 1774 959 1817 firmissima
988 1778 1239 1829 argumenta
1271 1790 1322 1817 ex
1350 1775 1462 1818 thesi
1490 1774 1699 1828 superiori
1729 1774 1790 1816 19.

234 1842 381 1885 (10(11101
408 1848 600 1898 possunt.

286 1913 418 1956 XXV.
448 1915 527 1957 His
557 1917 669 1958 0111111
697 1917 850 1970 positis
880 1933 928 1959 ac
958 1917 1165 1960 concessis
1194 1917 1501 1959 axiomatibus:

287 1986 322 2026 1.
356 1985 570 2028 Christum
601 2002 690 2029 esse
720 1988 859 2041 operis
887 1988 1128 2030 mediatorii
1156 1987 1425 2042 suppositum
1455 2002 1503 2029 ac
1531 1987 1791 2042 principium

233 2069 464 2108 commune,
502 2073 589 2100 11011
626 2073 708 2111 qua
744 2058 858 2101 Deus
896 2062 970 2111 est,
1007 2074 1084 2101 nec
1125 2074 1208 2112 qua
1236 2059 1366 2101 homo
1395 2053 1577 2112 tantum,
1607 2059 1679 2101 sed
1708 2073 1792 2112 qua

232 2126 356 2168 simul
384 2127 497 2170 Deus
527 2131 569 2170 013
595 2129 724 2172 110010
755 2132 829 2171 est.

284 2199 320 2239 2.
360 2198 601 2241 Humanam
634 2199 792 2242 Christi
818 2203 1016 2243 naturam
1045 2202 1098 2244 ad
1124 2202 1230 2244 illud
1260 2215 1366 2256 opus
1397 2216 1492 2243 cum
1520 2201 1662 2256 divina
1690 2215 1790 2243 con-

232 2271 480 2321 currentem,
520 2270 685 2313 divinae
721 2273 941 2325 tamquam
979 2287 1129 2315 causae
1167 2273 1374 2326 superiori
1415 2288 1463 2316 ac
1494 2272 1790 2326 principaliter

232 2339 377 2393 agenti
405 2340 619 2382 inservire.

283 2411 321 2451 3.
358 2409 575 2453 Infinitam
612 2412 880 2455 mediationis
918 2413 1074 2456 Christi
1112 2415 1366 2468 dignitatem
1396 2418 1524 2469 atque
1557 2415 1789 2458 efficaciam

232 2479 397 2522 Deitati
433 2482 566 2536 ipsius
602 2484 646 2524 in
684 2485 812 2525 sacris
849 2484 1000 2527 Bibliis
1037 2486 1211 2538 33011101;
1249 2486 1317 2528 Ex
1344 2486 1395 2528 iis
1421 2486 1525 2528 haec
1551 2486 1787 2528 necessario

232 2553 465 2604 sequuntur
476 2568 485 2595 ε

287 2623 321 2664 1.
366 2622 483 2676 011113
526 2624 682 2666 Christi
723 2625 1031 2679 mediatorium,
1069 2643 1155 2670 non
1194 2643 1245 2670 ex
1281 2628 1441 2670 virtute
1469 2628 1593 2670 unius
1619 2630 1788 2669 tantum

232 2695 417 2746 naturae,
447 2695 520 2737 secl
549 2710 599 2737 ex
622 2696 664 2738 vi
687 2697 908 2750 utriusque
933 2699 1162 2741 secundum
1185 2714 1304 2742 suam
1326 2699 1636 2753 proprietatem
1658 2712 1787 2753 agen-

232 2763 287 2805 tis
316 2766 536 2819 proficisci.

285 2835 322 2875 2.
359 2835 602 2879 Humanam
639 2840 836 2881 naturam
872 2839 915 2880 in
954 2854 1080 2893 opere
1123 2842 1345 2895 Θεοινδρικῷ
1384 2841 1550 2883 divinae
1586 2840 1788 2883 adminis-

233 2905 357 2956 tram,
385 2920 461 2948 nec
488 2909 784 2951 tantummodo
813 2910 955 2952 vocari
981 2925 1106 2964 posse
1134 2912 1392 2966 principium
1421 2912 1601 2955 actionis
1627 2912 1788 2954 media-

232 2976 379 3028 toriae,
397 2992 473 3019 nec
488 2981 658 3032 proprie
674 2981 866 3033 formale,
879 2982 950 3024 sed
964 2982 1183 3024 materiale
1199 2983 1355 3036 potius,
1371 2984 1438 3026 vel
1451 2983 1786 3027 instrumentale.
