1931 3224
242 164 294 205 42
855 152 1095 194 stpmmo
1122 149 1175 192 V.

243 286 427 341 plicium.
451 283 519 324 Ps.
538 283 597 335 19,
615 283 650 323 8.
679 279 717 321 D
732 294 754 321 o
769 277 945 320 ctrina
974 275 999 317 J
1013 275 1215 317 ehovae
1242 273 1467 325 integra
1496 271 1597 321 est,
1628 269 1787 311 resti-

243 361 397 399 tuens
440 354 688 403 animum,
727 347 1105 391 testimonium
1142 358 1303 385 verax
1341 340 1680 395 sapientiam
1717 339 1787 381 af-

243 429 421 469 ferens
459 425 565 477 imp
580 423 740 471 0111ος
772 418 986 461 mandat
1001 433 1024 458 a
1055 416 1154 458 Jeh
1169 428 1295 456 ovae
1327 415 1452 454 sunt
1481 413 1652 463 recta,
1685 410 1788 452 lae-

243 496 530 539 tificantia
579 494 831 542 animum,
885 489 1240 541 praeceptum
1282 484 1494 526 Jehova
1510 498 1532 524 e
1576 497 1786 536 purum,

242 569 530 610 illustrans
561 563 714 605 oculo
728 577 758 603 5.
789 561 856 601 Ρ5.
886 560 974 611 119,
1007 559 1094 599 130.
1120 556 1319 598 Aditus
1348 555 1476 596 verb
1490 553 1789 596 011111111111-

241 639 418 689 minat,
450 634 743 689 prudentia
770 630 1002 673 instruit
1032 628 1329 681 simplices.
1360 625 1484 668 Prov.
1521 626 1625 679 1,1.
1664 624 1789 667 Pro-

240 708 426 751 verbia
462 704 778 754 Salomonis,
819 703 896 743 etc.
935 701 996 742 ad
1035 699 1259 741 dandam
1301 698 1473 739 fatuis
1514 697 1789 749 astutiam,

241 793 404 833 puero
431 776 716 819 scientiam
746 776 797 815 et
817 772 1117 815 solertiam.
1137 771 1260 812 Rom.
1287 770 1349 823 15,
1365 770 1402 811 4.
1426 769 1569 818 Quae
1584 783 1789 822 cunque

241 853 399 892 antea
437 848 646 900 scripta
682 847 806 887 sunt
842 844 903 885 ad
939 846 1187 886 nostram
1230 842 1542 884 doctrinam
1578 840 1790 893 scripta

241 922 382 972 sunt,
417 922 472 960 ut
500 933 594 971 per
622 916 952 970 patientiam
982 917 1034 955 et
1066 913 1513 956 consolationem
1542 911 1790 964 Scriptu-

240 1005 414 1033 rarum
473 1004 617 1042 spem
667 988 768 1029 hab
783 1001 974 1028 eamus.
1021 987 1058 1026 2.
1102 985 1209 1027 Tim.
1251 985 1287 1036 3,
1334 985 1395 1025 15.
1438 984 1478 1025 S.
1522 984 1723 1025 literas
1767 999 1791 1025 a

240 1077 403 1116 puero
442 1061 599 1112 nosti,
631 1073 765 1112 quae
794 1061 844 1099 te
873 1058 1107 1110 possunt
1136 1057 1445 1109 sapientem
1469 1070 1524 1096 re
1540 1055 1702 1096 ddere
1730 1055 1791 1096 ad

241 1134 482 1175 salutem.
527 1133 546 1172 1
577 1131 738 1182 Joh.2,
769 1130 829 1171 13.
869 1129 1059 1172 Scribo
1089 1128 1265 1181 vobis,
1297 1130 1502 1181 patres,
1535 1127 1791 1180 quoniam

239 1205 416 1247 nostis
446 1218 555 1244 eum
586 1202 673 1255 qui
698 1204 779 1242 est
803 1216 827 1242 a
852 1200 1153 1253 principio3
1181 1199 1362 1240 scribo
1388 1198 1556 1250 vobis,
1585 1197 1791 1239 adoles-

242 1278 445 1326 centes,
471 1274 719 1327 quoniam
742 1272 935 1313 malum
959 1271 1114 1313 illum
1138 1270 1383 1320 vicistis3
1410 1269 1557 1312 scrib
1573 1284 1596 1311 o
1623 1269 1790 1322 vobis,

241 1347 483 1400 pueruli,
514 1345 766 1398 quoniam
794 1343 975 1384 nostis
1006 1342 1248 1394 Patrem,
1280 1343 1375 1383 etc.

292 1416 446 1459 XVIII.
487 1416 677 1467 Denique
714 1415 757 1456 id
796 1415 1059 1455 demonstrat
1096 1428 1250 1455 nomen
1288 1412 1564 1466 Testamenti,
1603 1413 1717 1466 quod
1752 1413 1792 1456 S.

240 1489 482 1542 Scripturae
520 1487 615 1528 Vet.
655 1488 696 1528 et
732 1486 845 1528 Novi
883 1486 1065 1528 foederis
1103 1486 1263 1539 passim
1300 1485 1517 1527 tribuitur.
1549 1483 1652 1534 Quis
1681 1485 1792 1526 enim

240 1575 360 1601 verus
398 1561 518 1612 pater
547 1573 732 1610 unquam
758 1560 1061 1599 testamentum
1090 1572 1212 1599 suum
1240 1557 1382 1598 dedita
1412 1571 1542 1610 opera
1569 1557 1631 1598 ita
1660 1557 1793 1610 scrip-

240 1631 308 1682 sit,
346 1632 392 1670 ut
430 1629 481 1670 ab
520 1628 768 1670 haeredibus
807 1629 904 1680 suis,
946 1644 1040 1670 cum
1081 1643 1188 1682 opus
1227 1630 1301 1680 est,
1342 1630 1415 1669 aut
1453 1628 1539 1682 legi
1567 1630 1640 1670 aut
1667 1628 1793 1670 intel-

239 1701 329 1754 ligi,
359 1701 507 1742 saltem
529 1701 572 1742 in
596 1701 854 1752 necessariis,
876 1715 962 1742 non
986 1702 1162 1753 posset?
1187 1700 1276 1741 Aut
1303 1715 1376 1741 cur
1401 1699 1600 1751 Concilia,
1627 1699 1791 1751 Patres,

242 1774 284 1813 et
317 1771 515 1812 Pastores
545 1772 780 1813 doctrinam
809 1787 927 1813 suam
957 1787 1006 1814 ex
1037 1771 1078 1814 S.
1110 1771 1332 1825 Scriptura
1361 1771 1545 1824 probare
1575 1771 1688 1825 apud
1717 1786 1795 1825 po-

240 1843 387 1896 pulum
424 1842 558 1884 solent
588 1845 630 1884 et
658 1843 810 1884 debent
838 1844 882 1884 in
913 1843 1121 1895 omnibus,
1153 1858 1260 1895 quae
1288 1842 1414 1884 fidem
1442 1843 1725 1884 necessariam
1753 1844 1795 1884 et

241 1928 377 1955 mores
407 1916 611 1966 spectant,
643 1915 678 1956 si
706 1914 846 1956 fideles
875 1931 953 1969 pro
983 1916 1207 1958 vocatione
1237 1930 1313 1956 sua
1343 1929 1412 1956 eas
1441 1914 1680 1967 intelligere
1707 1928 1795 1956 non

241 1986 436 2038 possint?
473 1984 716 2027 Intellectus
755 1987 866 2027 0111111
903 1987 1128 2028 verborum
1169 1988 1210 2028 et
1239 1985 1486 2036 sententiae,
1517 1985 1654 2037 fidem,
1686 1999 1794 2037 quae

243 2070 292 2097 ex
329 2056 455 2097 verbo
493 2056 584 2108 Dei,
623 2072 708 2098 11011
748 2057 978 2109 11011111111111,
1010 2058 1260 2111 concipitur,
1290 2057 1528 2099 necessario
1559 2055 1771 2098 antecedit
1784 2069 1793 2096 ε

242 2141 317 2167 1100
354 2127 439 2168 ulla
468 2127 701 2169 aedificatio
732 2131 804 2170 aut
833 2129 1067 2171 consolatio
1099 2144 1148 2171 ex
1176 2129 1306 2170 verbo
1336 2142 1422 2170 non
1449 2120 1668 2169 intellecto
1699 2128 1794 2181 capi

242 2199 395 2250 potest,
424 2200 470 2239 ut
499 2198 653 2241 Paulus
683 2215 732 2241 ex
760 2200 951 2253 professo
982 2201 1256 2252 demonstrat,
1288 2201 1308 2242 1
1340 2200 1433 2242 Cor.
1462 2200 1525 2242 14.

296 2269 407 2311 XIX.
447 2269 536 2312 Nec
574 2270 672 2313 hinc
708 2273 850 2313 tamen
890 2273 1093 2325 sequitur,
1125 2287 1431 2326 supervacuam
1459 2286 1548 2313 esse
1578 2271 1619 2314 S.
1649 2270 1794 2325 Scrip-

244 2342 361 2381 turae
386 2341 719 2394 explicationem,
746 2345 818 2383 aut
842 2343 959 2384 verbi
984 2343 1356 2396 praedicationem,
1393 2343 1493 2396 quia
1517 2342 1794 2385 subordinata

244 2425 327 2452 non
370 2415 572 2465 pugnant,
616 2416 657 2454 et
698 2413 814 2455 verbi
855 2414 1129 2467 praedicatio,
1169 2415 1281 2456 inter
1320 2416 1459 2456 cetera
1508 2428 1688 2466 quoque,
1730 2415 1794 2455 est

244 2481 424 2523 medium
454 2498 478 2523 a
506 2483 595 2524 Deo
625 2484 667 2524 in
696 2483 885 2525 Ecclesia
915 2485 1168 2538 ordinatum,
1195 2500 1279 2538 quo
1303 2485 1446 2527 fideles
1471 2485 1624 2538 reliqui
1649 2485 1793 2539 Scrip-

245 2553 381 2593 turam
418 2553 599 2606 Sacram,
640 2559 681 2597 et
718 2557 881 2599 facilius
918 2558 1168 2611 intelligere,
1205 2560 1246 2600 et
1283 2559 1439 2600 rectius
1468 2558 1550 2599 sibi
1577 2557 1793 2611 applicare

247 2623 418 2666 discant.
457 2625 647 2679 Utraque
687 2643 786 2681 ergo
822 2629 926 2670 haec
957 2629 1002 2670 in
1030 2644 1129 2670 vera
1159 2628 1317 2671 Christi
1344 2629 1536 2671 Ecclesia
1564 2631 1663 2671 sunt
1693 2643 1793 2671 con-

242 2696 466 2748 jungenda,
506 2712 588 2739 non
619 2699 871 2751 separanda:
903 2700 1026 2742 sicuti
1055 2699 1247 2743 Christus
1274 2702 1501 2754 utrumque
1530 2701 1575 2742 in
1601 2699 1794 2742 Ecclesia

248 2781 321 2807 sua
362 2768 557 2811 instituit.
600 2770 712 2813 Nam
751 2771 778 2814 J
781 2772 936 2814 udaeos
973 2775 1130 2824 monet,
1172 2775 1220 2814 ut
1258 2775 1500 2815 scrutentur
1536 2772 1791 2826 Scripturas,

249 2851 351 2889 quas
388 2841 527 2880 tamen
564 2843 732 2894 passim,
771 2843 815 2884 in
844 2843 1117 2885 concionibus
1146 2845 1231 2886 suis
1263 2843 1502 2898 explicavit,
1533 2845 1575 2885 et
1604 2843 1658 2885 ad
1677 2838 1792 2901 elecss

249 2909 387 2948 torum
430 2910 605 2952 salutem
646 2914 887 2967 applicavit,
931 2915 1285 2968 quemadmodum
1324 2915 1419 2957 Act.
1463 2915 1499 2956 8.
1541 2913 1794 2968 Philippum

249 2976 564 3030 Evangelistam
604 2983 654 3023 ad
689 2983 940 3027 Eunuchum
967 2984 1157 3038 Reginae
1186 2985 1396 3028 Candaces
1424 2985 1553 3036 misit,
1582 2986 1631 3026 ut
1660 2982 1793 3036 expli-
