1931 3224
311 132 374 174 DE
403 132 729 174 RESURRECTIONE
759 129 905 172 CARN1s
932 143 979 171 ET
1009 128 1167 170 ι11101010
1195 142 1386 169 EXTREMO.
1547 128 1626 169 633

123 256 185 298 XI
192 257 238 299 V.
281 256 363 299 Sed
406 271 496 310 cap.
531 256 595 298 15.
637 257 656 297 1
697 254 833 308 Epist.
874 254 925 295 ad
963 252 1055 294 Cor.
1093 253 1204 294 idem
1242 251 1477 305 Apostolus
1515 251 1628 293 hunc

71 328 295 370 articulmn
334 343 383 370 ex
421 328 612 381 professo
650 326 864 377 tractavit,
905 327 946 366 et
974 324 1074 377 quia
1103 324 1152 365 de
1181 338 1229 365 eo
1259 326 1351 365 tum
1378 322 1628 364 movebatur

72 400 373 452 controversia,
417 398 610 452 pluribus
654 396 916 450 argumentis
959 394 1236 446 confirmavit,
1284 396 1328 435 ut
1366 408 1452 435 non
1491 393 1628 435 solum

71 471 160 518 τοὺς
199 470 490 521 οὶντιλὲγοντοος
528 469 814 522 redargueret,
845 467 917 509 sed
947 467 1074 508 etiam
1103 469 1150 507 ut
1181 480 1251 509 eos
1280 466 1354 519 qui
1378 467 1467 518 jam
1495 465 1628 506 credi-

72 543 221 584 derant
258 543 335 584 adv
342 557 457 584 ersus
499 541 640 583 omnia
678 539 951 593 Sophismata
989 539 1172 579 muniret
1185 552 1193 578 z
1234 552 1413 590 quorum
1443 536 1629 590 primum

73 614 259 665 deduxit,
299 629 322 654 a
352 614 759 655 resurrectione
788 611 1016 660 Christi,
1044 612 1080 652 2.
1111 625 1135 651 a
1161 610 1272 651 fine
1303 608 1628 662 redemptio-

71 685 155 726 nis
199 700 226 738 p
240 699 261 726 e
273 699 293 725 1·
331 684 361 726 G
373 685 402 725 h
415 700 434 725 r
446 684 608 726 istum
645 684 696 740 fa
709 686 759 726 ct
771 698 794 724 a
807 699 848 735 e,
886 684 922 724 3.
960 685 1007 724 ut
1046 682 1177 734 aliqui
1217 680 1375 731 volunt,
1416 695 1439 721 a
1476 680 1629 722 veteris

73 755 286 798 Ecclesiae
324 755 422 807 ritu,
465 771 548 808 quo
589 756 857 809 Baptismum
894 769 1019 807 super
1057 753 1273 806 sepulcris,
1310 752 1361 793 ad
1391 751 1631 793 testandam

71 827 391 870 resurrectionis
417 842 516 869 suae
539 827 677 879 fidem,
699 826 987 879 suscipiebant
999 841 1007 875 ;
1025 825 1091 866 vel
1105 827 1152 866 ut
1167 824 1311 878 potius
1327 823 1629 874 existimamus,

72 915 96 942 a
133 899 355 953 Baptismo
387 898 667 940 afflictionum
697 900 739 939 et
768 898 1068 949 calamitatum,
1100 911 1203 949 quas
1232 895 1293 949 pii
1322 894 1521 936 subibant
1550 909 1628 947 pro

73 970 265 1012 doctrina
303 970 353 1011 de
382 969 687 1011 resurrectione
717 968 872 1009 Christi
902 982 952 1009 ex
983 967 1176 1018 mortuis,
1207 968 1248 1008 et
1277 966 1455 1007 aliorum
1485 965 1558 1018 qui
1586 966 1630 1006 in

73 1041 241 1084 Christo
281 1040 610 1092 obdormierant,
647 1039 954 1081 resurrectione
991 1038 1043 1079 ad
1082 1038 1273 1090 salutem,
1313 1037 1385 1089 qui
1414 1037 1449 1078 Β
1462 1051 1486 1077 a
1496 1053 1523 1090 p
1536 1037 1578 1078 ti
1591 1051 1630 1077 s-

71 1129 115 1155 m
125 1129 152 1154 u
164 1128 182 1154 s
220 1128 238 1154 s
251 1099 312 1154 an
325 1127 352 1166 g
364 1112 479 1153 uini
492 1126 510 1153 s
549 1111 721 1153 dicitur:
754 1125 880 1163 quam
908 1109 1307 1162 interpretationem
1334 1109 1500 1151 videtur
1531 1123 1630 1151 con-

72 1186 253 1236 firmare,
294 1184 407 1236 quod
443 1184 537 1225 Act.
580 1184 641 1232 23,
681 1184 717 1224 6.
756 1182 1070 1237 persecutiones
1109 1196 1204 1223 suas
1243 1182 1296 1223 ob
1323 1181 1547 1234 justitiam,
1578 1182 1630 1222 ad

73 1270 191 1310 spem
228 1254 549 1297 resurrectionis
586 1257 852 1296 mortuorum
890 1253 1101 1295 referebat
1112 1269 1121 1303 3
1162 1253 1310 1294 deinde
1341 1249 1453 1305 (111οᾶ
1482 1253 1630 1294 11111110-

73 1327 197 1379 diate,
237 1329 466 1380 postquam
505 1326 594 1380 egit
632 1326 681 1367 de
708 1325 760 1366 iis
790 1326 862 1378 (1111
892 1339 968 1377 pro
999 1325 1179 1366 mortuis
1209 1324 1494 1378 baptizantur,
1524 1324 1631 1366 illud

73 1399 154 1442 sibi
195 1398 384 1453 applicat
420 1397 606 1451 proprie,
645 1397 757 1449 quod
797 1397 846 1438 de
885 1396 976 1438 aliis
1014 1397 1197 1449 figurate
1236 1396 1414 1447 dixerat,
1453 1398 1503 1437 et
1541 1410 1562 1437 c
1572 1411 1599 1437 11
1611 1410 1630 1437 r

71 1485 134 1512 no
148 1485 166 1511 s
206 1469 591 1523 periclitamur
621 1468 762 1509 omni
791 1469 1092 1509 momento?
1120 1482 1270 1522 nempe
1298 1467 1506 1521 baptizati
1535 1483 1630 1508 san-

73 1541 213 1595 guinis
242 1540 458 1594 baptismo
472 1556 480 1591 3
512 1554 584 1581 cur
612 1539 664 1580 in
695 1539 719 1580 d
731 1539 745 1580 i
757 1554 777 1580 e
789 1554 807 1580 s
836 1554 878 1580 111
891 1554 913 1580 0
926 1554 946 1579 r
957 1539 971 1579 i
983 1553 1006 1580 0
1018 1554 1058 1591 r,
1092 1539 1127 1580 si
1155 1539 1270 1580 nulla
1295 1539 1350 1580 sit
1373 1554 1469 1593 spes
1493 1554 1630 1581 resur-

71 1612 272 1655 rectionis
285 1614 303 1654 ?
341 1612 474 1654 Addit
510 1613 761 1665 argumenta
790 1625 814 1651 a
843 1610 971 1652 variis
1001 1610 1192 1652 absurdis
1222 1625 1329 1663 (11130
1358 1610 1631 1664 negationem

72 1685 393 1726 resurrectionis
431 1685 747 1735 consequuntur
759 1699 766 1733 ;
804 1683 856 1723 ab
896 1681 1167 1736 oppositione
1205 1681 1359 1722 Adami
1389 1683 1431 1722 et
1460 1680 1630 1732 Christi,

73 1772 97 1797 a
134 1755 292 1797 Christi
330 1755 508 1796 victoria
546 1755 596 1796 de
626 1754 821 1796 omnibus
849 1753 1061 1805 hostibus,
1090 1753 1201 1794 inter
1231 1767 1336 1805 quos
1364 1752 1538 1794 ultimus
1568 1754 1632 1794 est

72 1842 202 1879 mors,
239 1829 470 1880 reportata.
508 1826 574 1867 Ex
605 1826 759 1879 quibus
790 1825 984 1867 omnibus
1014 1825 1205 1878 sequitur
1235 1824 1558 1875 evidentissime,
1586 1824 1629 1865 id

73 1900 188 1952 quod
216 1899 328 1940 idem
358 1899 480 1940 docet
508 1900 533 1939 2
561 1897 653 1940 Cor.
686 1899 720 1950 1,
753 1899 789 1939 9.
820 1897 1113 1939 confidendum
1147 1897 1210 1939 ἐπὶ
1242 1897 1294 1949 τῷ
1329 1895 1408 1949 θεῷ
1440 1898 1492 1950 τῷ
1525 1896 1628 1947 ἐγεί-

73 1987 171 2025 ροντι
205 1971 294 2018 τοὺς
325 1970 485 2023 νεκρούς.
777 2025 780 2027 -
1375 1965 1377 1972 χ

126 2041 219 2083 XV.
262 2040 366 2083 Cum
408 2055 458 2082 ex
501 2041 625 2082 dictis
663 2041 713 2082 de
751 2055 776 2081 v
788 2055 811 2082 0
823 2041 912 2081 lun
923 2043 942 2082 t
953 2054 976 2081 a
988 2043 1006 2081 t
1018 2056 1039 2082 e
1078 2040 1158 2082 Dei
1196 2041 1298 2082 satis
1338 2042 1515 2092 constet,
1545 2054 1631 2081 non

75 2116 138 2155 est
177 2113 291 2166 quod
328 2128 354 2153 v
366 2113 379 2153 i
390 2127 411 2153 r
421 2115 439 2153 t
451 2127 478 2152 11
489 2114 507 2153 t
519 2127 540 2154 e
552 2128 593 2153 m
633 2112 671 2153 D
686 2113 731 2153 ei
769 2113 814 2153 in
853 2112 1027 2153 dubium
1066 2126 1323 2163 revocemus,
1362 2111 1474 2164 apud
1505 2127 1631 2164 quem

74 2184 183 2226 nihil
223 2186 286 2226 est
322 2184 598 2237 impossibile,
636 2184 718 2226 nisi
756 2184 868 2237 quod
905 2198 991 2225 non
1026 2183 1132 2235 vult,
1169 2183 1267 2225 Luc.
1309 2184 1343 2235 1,
1381 2184 1444 2224 37.
1484 2183 1556 2236 qui
1584 2186 1632 2225 ut

73 2257 204 2298 habet
244 2255 464 2311 ἄφθαρτον
496 2257 638 2305 οὐσίαν,
683 2257 743 2298 ita
781 2255 1071 2307 ἀνεμπόδιστον
1102 2255 1169 2303 τὴν
1200 2256 1408 2308 ἐνέργειαν,
1446 2256 1517 2308 qui
1546 2271 1573 2308 p
1586 2270 1631 2297 o-

74 2330 185 2369 test
214 2328 731 2380 superabundanter
756 2328 877 2380 plus
902 2328 1189 2380 praestare
1215 2341 1368 2379 quam
1394 2327 1631 2380 petimus

75 2415 99 2440 a
110 2401 165 2440 ut
194 2398 245 2439 in
257 2401 275 2439 t
287 2414 308 2440 e
319 2398 355 2439 ll
368 2398 381 2439 i
393 2413 421 2452 g
432 2398 445 2439 i
456 2414 498 2439 111
508 2414 536 2440 11
547 2413 578 2450 s,
609 2398 720 2451 Eph.
750 2399 787 2450 3,
818 2398 880 2438 20.
912 2397 984 2450 qui
1014 2396 1221 2448 σύνδρομον
1253 2397 1340 2450 ἔχει
1368 2402 1417 2449 τῇ
1444 2397 1631 2448 βουλήσει

75 2471 142 2518 τὴν
174 2470 351 2521 δύναμιν.
393 2469 510 2523 Ergo
548 2470 631 2512 lex
661 2484 753 2511 con
769 2470 975 2511 stituta
1004 2469 1292 2522 moriendi,
1324 2469 1499 2523 legem
1526 2465 1632 2511 non

76 2542 268 2584 adimit
306 2542 650 2595 resurgendi,
692 2541 816 2594 quia
855 2541 1169 2583 decernenti
1208 2541 1379 2594 legem
1416 2540 1499 2581 lex
1528 2555 1630 2581 non

76 2613 246 2655 affert
292 2613 692 2655 necessitatem.
736 2612 923 2666 Neque
964 2600 1104 2655 Deus
1156 2613 1263 2654 sibi
1309 2614 1395 2666 jus
1448 2613 1632 2654 vivifi-

76 2685 234 2727 candi
263 2684 483 2736 ademit,
515 2685 688 2738 legem
711 2684 870 2726 nobis
900 2685 1238 2726 decernendo
1268 2685 1558 2737 moriendi,
1584 2688 1632 2726 ut

74 2756 182 2798 bene
206 2756 410 2807 Hilarius,
434 2756 479 2797 in
502 2755 569 2797 Ps.
597 2756 659 2797 51.
690 2755 955 2797 Mortalia
981 2755 1156 2809 igitur
1183 2758 1372 2797 nostra
1403 2770 1632 2810 corpora

75 2827 114 2868 D
129 2842 219 2869 eus
257 2827 428 2869 faciet
464 2827 802 2868 immortalia
841 2826 1180 2869 resuscitans
1219 2827 1343 2868 illa:
1383 2829 1464 2868 est
1493 2828 1630 2870 enim

75 2899 272 2940 melior
326 2914 479 2952 quam
529 2897 760 2951 Natura,
823 2899 925 2940 hab
939 2913 1026 2940 ens
1087 2898 1226 2952 apud
1282 2898 1632 2953 semetipsum

76 2969 235 3022 velle,
266 2970 513 3023 quoniam
542 2970 713 3011 bonus
743 2972 843 3020 est3
874 2972 924 3011 et
953 2984 1132 3023 posse,
1159 2970 1411 3022 quoniam
1435 2972 1631 3024 potens
