1931 3224
294 128 358 171 Dr:
385 128 711 171 Rusummcmom:
743 127 887 170 OARNIS
920 130 962 170 et
989 127 1148 171 JUDIGIO
1176 143 1367 171 EXTREMO.
1544 133 1622 173 629

57 254 226 296 oracula
268 254 471 296 habemus
516 253 565 295 de
607 255 873 295 mortuorum
913 253 1220 295 resurrectione
1261 269 1285 295 a
1322 253 1551 307 Prophetis
1580 259 1622 298 et

55 325 276 380 Apostolis
307 326 431 367 edita.
460 325 509 366 In
538 324 635 367 Vet.
668 325 781 367 Test.
813 325 983 378 quidem
1013 326 1242 378 obscurius,
1273 326 1344 368 sed
1368 328 1510 368 tamen
1525 341 1622 381 per-

56 396 201 450 spicue
241 397 343 438 satis
386 397 438 438 ad
480 396 716 438 faciendam
759 397 898 448 fidem,
936 397 981 438 in
1018 396 1143 438 Novo
1184 399 1326 438 autem
1365 397 1465 439 solis
1492 398 1621 439 radiis

56 468 281 521 descripta,
319 482 402 520 quo
441 468 650 510 maximae
689 468 904 510 caecitatis
934 467 1135 509 indicium
1165 467 1220 509 sit
1248 483 1333 510 non
1366 468 1527 519 videre3
1558 469 1622 510 in-

54 540 270 581 fidelitatis
300 554 499 592 summae,
533 541 632 582 visis
664 542 704 582 et
734 540 889 582 auditis
919 540 1045 582 fidem
1072 554 1158 581 non
1187 540 1398 582 adhibere.
1428 540 1496 582 Ab
1524 541 1618 593 ipso

54 611 176 654 initio
215 611 440 665 promissio
481 612 530 654 de
569 612 770 653 semine
809 611 1058 653 mulieris
1097 612 1416 653 contrituro
1456 614 1619 665 caput

55 682 353 736 Serpentis,
385 681 487 724 Gen.
516 683 553 734 3,
586 683 645 724 15.
676 683 878 724 inclusam
909 682 1038 724 habet
1065 682 1301 724 doctrinam
1326 682 1375 723 de
1400 682 1622 724 voluntate

54 753 136 796 Dei
173 752 283 795 circa
321 754 684 796 resurrectionem.
715 753 866 796 Semen
895 754 1006 795 enim
1034 754 1138 795 illud
1167 754 1279 806 quod
1310 754 1621 796 destructurum

55 827 145 868 erat
183 839 312 878 opera
342 823 528 877 Diaboli,
557 839 643 866 non
670 825 713 866 id
743 824 1001 867 sufficienter
1029 824 1208 877 fecisset,
1238 824 1320 866 nisi
1348 825 1514 878 peccati
1543 826 1617 866 sti-

53 896 255 951 pendium
282 898 475 948 mortem,
506 899 595 938 tam
619 897 900 950 temporalem
926 911 1052 949 quam
1077 899 1304 949 aeternam,
1331 897 1618 939 destruxisset.

55 967 137 1017 Qui
165 967 404 1021 potentiam
435 967 546 1009 enim
575 967 757 1010 Satanae
784 968 956 1021 frangit,
985 968 1112 1009 etiam
1136 970 1317 1010 mortem
1339 967 1484 1020 vincit,
1501 969 1619 1021 cujus

52 1039 184 1081 habet
224 1039 462 1093 imperium,
500 1038 631 1081 Hebr.
670 1041 706 1091 2,
748 1040 808 1081 14.
848 1039 944 1081 Huc
980 1039 1082 1082 facit
1122 1040 1235 1092 quod
1271 1040 1511 1097 promissio!
1535 1040 1620 1092 illa,

52 1110 252 1155 Abrahae
294 1112 446 1163 postea
487 1110 653 1163 plenius
692 1111 899 1163 exposita,
938 1110 988 1152 de
1025 1111 1180 1153 Messia
1219 1126 1269 1152 ex
1299 1111 1457 1152 semine
1486 1110 1619 1153 Isaaci

52 1182 280 1234 nascituro,
311 1181 554 1235 adjunctam
582 1181 712 1223 habet
735 1182 1189 1234 benedictionem,
1216 1182 1410 1224 omnibus
1436 1182 1623 1224 nationi-

52 1255 130 1296 bus
168 1257 319 1306 terrae,
357 1254 401 1295 in
439 1253 595 1295 semine
624 1253 696 1294 illo
727 1253 1141 1304 communicandam3
1172 1267 1280 1306 quae
1304 1268 1399 1294 cum
1429 1268 1620 1307 oppona-

52 1328 122 1368 tur
159 1323 560 1377 maledictioni,
604 1325 670 1367 cui
698 1325 941 1367 universum
970 1339 1102 1378 genus
1130 1325 1363 1367 humanum
1393 1325 1446 1367 ob
1470 1340 1619 1379 pecca-

53 1401 146 1440 tum
184 1397 415 1440 obnoxium
447 1399 520 1449 est,
550 1397 666 1450 cujus
694 1410 808 1438 mors
833 1396 1022 1449 corporis
1052 1398 1094 1438 et
1120 1396 1284 1438 animae
1315 1397 1505 1438 cumulus
1536 1399 1618 1449 est;

55 1471 203 1522 utique
247 1469 375 1511 etiam
412 1468 619 1520 convenit,
660 1468 704 1509 in
741 1467 812 1509 illa
848 1467 1141 1510 benedictione
1179 1468 1391 1510 includere
1429 1468 1619 1522 corporis

53 1541 418 1592 resurrectionem,
463 1542 504 1581 et
548 1540 635 1592 ejus
673 1554 767 1581 cum
805 1539 945 1581 anima
982 1539 1210 1591 conjuncti,
1239 1540 1370 1581 vitam
1404 1554 1620 1592 nunquam

54 1612 297 1654 finiendam.

107 1682 202 1725 VII.
229 1683 368 1737 Hujus
394 1683 719 1736 consequentiae
735 1682 1009 1735 necessariae,
1027 1685 1244 1725 auctorem
1258 1683 1462 1725 habemus
1478 1683 1618 1737 ipsum

55 1755 135 1797 Dei
158 1754 328 1807 Filium,
352 1754 424 1807 qui
449 1770 499 1796 ex
518 1755 657 1797 verbis
671 1754 867 1806 foederis,
884 1754 995 1807 Ego
1026 1769 1135 1795 sum
1160 1754 1198 1795 D
1213 1769 1301 1796 eus
1326 1754 1618 1806 Abraham,

54 1827 196 1870 Deus
234 1826 398 1878 Isaac,
438 1829 487 1868 et
516 1825 658 1868 Deus
688 1824 861 1878 Iacob,
890 1825 1025 1867 Exod.
1055 1826 1092 1877 3,
1122 1827 1158 1867 6.
1191 1839 1370 1878 quorum
1398 1825 1460 1866 vis
1490 1825 1618 1867 etiam

53 1901 152 1953 post
181 1899 345 1940 animae
375 1901 417 1939 et
442 1897 632 1951 corporis
662 1897 975 1950 separationem
1002 1900 1235 1951 permanet,
1265 1897 1441 1952 colligit,
1471 1900 1619 1939 contra

55 1986 239 2013 errorem
281 1969 634 2021 Sadducaeorum,
679 1984 768 2011 esse
810 1969 1161 2011 resurrectionem
1200 1971 1479 2021 mortuorum,
1520 1969 1619 2022 quia

54 2042 193 2085 Deus
222 2057 327 2084 non
355 2044 437 2084 est
465 2044 815 2093 mortuorum,
845 2040 934 2082 sed
962 2040 1267 2082 viventium
1290 2041 1445 2093 Deus,
1462 2040 1617 2082 Matth.

55 2114 118 2166 22,
156 2114 219 2155 32.
257 2113 386 2156 Marc.
425 2114 487 2166 12,
517 2114 581 2155 26.
610 2113 708 2155 Luc.
738 2113 800 2161 20,
829 2113 892 2153 38.
923 2111 1027 2153 Cum
1057 2112 1167 2153 enim
1196 2110 1311 2153 Deus
1339 2112 1485 2154 foedus
1513 2112 1619 2154 illud

54 2200 139 2227 non
169 2200 265 2227 cum
293 2185 526 2236 animabus,
552 2184 623 2226 sed
648 2199 743 2226 cum
767 2183 959 2237 personis
981 2183 1114 2234 icerit,
1132 2185 1173 2225 et
1196 2183 1444 2236 Abrahami,
1469 2183 1618 2235 Isaaci,

56 2260 97 2299 et
139 2256 292 2299 Jacobi
330 2256 514 2308 nomina,
543 2270 746 2310 personas
770 2256 959 2308 integras
989 2257 1231 2307 connotent,
1262 2255 1498 2297 necessario
1531 2255 1618 2296 vita

55 2329 108 2370 ad
136 2329 327 2381 integras
356 2341 558 2380 personas
587 2326 735 2368 referri
766 2325 902 2377 debet,
931 2339 1018 2367 non
1047 2325 1099 2366 ad
1128 2325 1293 2378 aliquas
1323 2328 1491 2367 tantum
1518 2341 1617 2379 par-

53 2402 130 2443 tes.
170 2399 287 2452 Ergo
326 2413 412 2440 non
438 2399 607 2439 tantum
636 2397 686 2438 ad
717 2396 951 2438 animarum
980 2396 1356 2449 immortalitatem,
1387 2397 1459 2438 sed
1488 2397 1616 2439 etiam

54 2471 107 2513 ad
146 2485 372 2524 corporum
408 2469 781 2518 resurrectionem3
821 2483 928 2521 quae
966 2483 1060 2510 cum
1097 2470 1212 2510 certa
1241 2470 1350 2510 esset
1378 2467 1421 2509 in
1448 2468 1616 2511 decreto

55 2543 149 2595 Dei,
177 2542 260 2596 ipsi
283 2541 389 2593 Deo,
414 2541 646 2593 Abraham,
671 2539 790 2582 Isaac
817 2542 858 2581 et
882 2539 1030 2592 Jacob,
1058 2539 1187 2581 etiam
1209 2539 1381 2591 mortui,
1405 2539 1615 2582 vivebant.

54 2614 155 2657 Ideo
187 2614 322 2656 voluit
351 2613 520 2667 signum
547 2612 729 2654 foederis
755 2611 898 2654 fideles
922 2611 967 2653 in
991 2626 1169 2665 corpore
1193 2612 1395 2665 accipere,
1411 2614 1459 2653 ut
1476 2614 1615 2654 osten-

55 2686 185 2739 deret,
216 2699 369 2739 corpus
392 2685 509 2736 illud,
531 2698 605 2725 suo
629 2686 820 2739 tempore
845 2699 895 2725 ex
918 2684 1096 2726 mortuis
1119 2684 1466 2737 resuscitandum,
1482 2686 1616 2726 aeter-

54 2774 133 2801 nae
160 2758 274 2800 vitae
304 2757 519 2811 particeps
548 2756 748 2798 futurum.

108 2830 226 2873 VIII.
250 2830 426 2872 Dictum
441 2828 469 2871 J
472 2828 543 2870 obi
559 2842 650 2882 cap.
669 2828 729 2880 19,
745 2828 808 2869 25.
826 2829 867 2870 et
883 2842 999 2881 seqq.
1017 2828 1120 2870 adeo
1137 2830 1333 2881 apertum
1348 2827 1400 2870 ad
1418 2843 1510 2870 eam
1525 2843 1614 2870 rem

51 2902 258 2956 judicavit
294 2902 595 2954 Hieronymus,
629 2899 815 2942 scribens
844 2900 897 2942 ad
926 2900 1166 2942 Pammach.
1198 2903 1245 2941 ut
1273 2900 1480 2942 nullum
1508 2903 1614 2943 tam

56 2976 244 3032 aperte
282 2975 409 3027 post
446 2971 736 3025 Christum,
776 2987 927 3025 quam
955 2972 1150 3014 -Jobum
1178 2974 1304 3014 ante
1334 2971 1614 3015 Christum
