1931 3224
444 156 521 198 DE.
538 155 638 198 an
666 170 713 198 111
741 155 1065 197 ΡΕΒεΕνΕΒΑΝΉΑ
1093 154 1341 198 Smowofmm.
1592 152 1669 194 317

113 282 203 324 sed
238 281 293 322 in
330 280 566 323 seculum
603 283 908 334 permanet,
946 279 1014 321 Ps.
1053 278 1141 330 125,
1182 278 1217 319 1.
1256 277 1361 319 Cum
1399 276 1553 329 quibus
1591 276 1671 318 Dei

112 351 300 406 Spiritus
327 352 372 393 in
400 354 618 394 aeternum
645 353 800 403 manet,
829 350 857 392 J
861 351 927 393 oh.
957 351 1021 402 14,
1052 350 1114 391 17.
1144 349 1166 390 1
1196 347 1296 390 Joh.
1325 348 1362 399 2,
1393 347 1456 389 27.
1485 345 1672 389 Videan-

111 425 183 465 tur
223 424 444 478 praeterea
483 422 529 464 hi
570 422 665 472 loci,
707 421 831 464 Matt.
870 422 906 473 7,
944 421 1008 463 24.
1047 422 1090 463 et
1128 419 1190 462 25.
1220 418 1343 461 Matt.
1372 418 1437 471 24,
1465 418 1528 460 24.
1558 417 1671 472 Eph.

114 496 150 547 1,
181 496 242 537 13.
273 497 315 537 et
344 494 406 536 14.
437 496 479 535 et
506 494 544 546 4,
572 494 636 536 30.
667 495 744 535 etc,

165 565 384 608 XXXVII.
407 565 632 618 Reprobos
655 578 755 606 vero
777 578 994 616 nunquam
1013 561 1250 616 justificari,
1273 562 1376 603 satis
1400 575 1450 602 ex
1475 574 1524 602 eo
1540 561 1673 614 patet,

113 636 227 690 quod
265 635 424 678 Paulus
460 635 582 678 Rom.
622 635 658 687 8,
689 636 752 677 29.
782 635 944 686 asserit,
975 634 1113 676 Deum
1150 631 1502 687 glorificasse
1541 644 1673 684 quos

108 707 476 760 justificavit,
506 721 593 749 non
623 706 881 760 glorificasse
909 707 1051 748 autem
1080 705 1306 758 reprobos:
1333 703 1369 746 si
1394 703 1489 756 quis
1513 702 1605 744 vult
1628 705 1677 744 ut

112 778 353 832 probemUS,
384 778 422 820 ei
450 778 594 831 potius
624 778 809 820 elleboro
838 792 965 831 quam
996 776 1258 831 argumentis
1284 778 1347 818 est
1372 789 1492 828 opus.
1519 773 1676 824 Quam-

111 849 175 890 vis
214 851 356 891 autem
393 848 478 890 sint
514 849 626 891 inter
654 864 725 891 eos
755 850 827 902 qui
854 849 982 891 modo
1012 848 1197 901 quodam
1225 846 1384 889 Christi
1413 860 1501 889 esse
1530 845 1676 888 dicun-

111 922 195 973 tur,
233 935 309 974 per
342 920 441 962 fidei
469 919 788 971 confessionem,
819 935 896 973 per
923 906 1294 961 Sacramentorum
1323 917 1674 969 communionem,

115 993 156 1033 et
199 1006 464 1033 communem
506 991 720 1033 Ecclesiae
763 990 1126 1043 nuncupationem
1169 992 1211 1031 et
1240 990 1501 1041 societatem,
1531 1003 1676 1031 revera

112 1065 255 1106 tamen
284 1063 329 1105 in
358 1062 527 1105 Christo
556 1078 643 1105 non
670 1062 861 1112 fuerunt3
890 1063 1004 1103 intra
1032 1061 1208 1103 limitem
1239 1061 1337 1102 fidei
1362 1075 1450 1102 esse
1473 1060 1677 1102 videban-

112 1138 196 1187 tur,
234 1135 307 1177 sed
342 1135 395 1175 in
432 1134 614 1187 specie
653 1133 893 1185 credebant,
932 1132 1047 1175 sola
1085 1131 1297 1174 Christi
1325 1131 1677 1174 confessione

112 1205 485 1257 inhaerentes,
528 1219 634 1247 non
676 1204 934 1246 caritatis
975 1203 1175 1246 vimine
1218 1218 1270 1245 se
1315 1202 1676 1255 colligantes,

114 1277 240 1331 Cyril.
254 1277 300 1319 in
314 1276 342 1319 J
345 1275 414 1318 oh.
429 1275 519 1318 Lib.
535 1276 598 1328 10,
616 1276 724 1318 c.24.
737 1275 860 1317 Tales
874 1275 936 1317 ita
951 1276 1139 1327 credunt,
1159 1278 1215 1317 ut
1239 1274 1338 1316 dili
1352 1277 1482 1328 gant
1506 1272 1677 1327 magis

113 1348 385 1390 hominum
437 1347 690 1401 gloriam,
736 1362 887 1400 quam
928 1347 1161 1400 gloriam
1202 1345 1322 1398 Dei,
1365 1345 1464 1388 Joh.
1508 1346 1569 1397 12,
1612 1345 1676 1385 42.

113 1419 209 1461 ideo
238 1433 334 1461 vere
361 1433 448 1461 non
477 1419 663 1460 credunt.
704 1417 979 1467 Quomodo
1010 1418 1148 1460 enim
1176 1418 1408 1471 possunt
1436 1415 1678 1467 credfere,

116 1490 206 1543 qui
234 1490 466 1543 gloriam
497 1506 521 1532 a
547 1505 598 1532 se
622 1489 858 1532 invicem
882 1489 1185 1542 accipiunt,
1214 1490 1263 1530 et
1287 1488 1520 1542 gloriam
1546 1500 1679 1539 quae

115 1577 139 1604 a
182 1561 297 1603 solo
339 1560 449 1604 Deo
494 1563 595 1613 est,
639 1575 742 1602 non
784 1562 1085 1613 quaerunt?
1124 1559 1223 1602 Joh.
1263 1559 1299 1610 5,
1338 1559 1402 1600 44.
1432 1557 1478 1601 Si
1508 1557 1680 1611 quidam

114 1633 248 1686 igitur
287 1633 360 1686 qui
395 1633 631 1675 vocationis
672 1634 871 1674 externae
899 1631 1214 1684 praerogativa,
1242 1644 1329 1672 non
1358 1629 1578 1672 electionis
1607 1629 1678 1671 be-

115 1704 279 1757 neficio,
318 1703 474 1757 regni
510 1703 644 1745 Filii
673 1703 900 1756 aliquando
931 1717 1020 1744 esse
1049 1701 1314 1752 videbantur,
1346 1716 1370 1742 a
1398 1715 1498 1742 vero
1530 1700 1680 1742 deflec-

116 1778 225 1827 tunt,
269 1778 311 1817 et
353 1776 406 1817 ad
446 1775 657 1817 vomitum
699 1790 822 1816 suum
864 1774 1054 1825 redeunt,
1097 1788 1184 1815 non
1220 1773 1319 1814 inde
1356 1774 1499 1826 potest
1534 1771 1681 1814 inferri

117 1846 441 1889 Sanctorum
482 1845 805 1900 Apostasia,
847 1845 930 1887 nisi
974 1844 1121 1887 Sancti
1163 1844 1248 1886 sint
1288 1843 1364 1895 illi,
1413 1843 1502 1896 qui
1542 1843 1681 1884 viam

117 1916 246 1959 Cain
282 1916 526 1973 ingressi
563 1919 708 1968 sunt,
740 1919 792 1958 et
822 1916 1149 1970 deceptione
1177 1914 1443 1957 mercedis
1474 1929 1574 1967 qua
1602 1914 1681 1956 de-

119 1991 306 2042 ceptus
358 1991 439 2031 est
485 1988 728 2041 Balaam,
769 1987 937 2030 effusi
975 1989 1120 2040 sunt,
1159 1987 1257 2029 Jud.
1295 2001 1403 2028 vers.
1441 1986 1504 2027 11.
1546 1985 1682 2038 qualis

120 2062 183 2102 est
219 2060 411 2114 impurus
449 2060 531 2112 ille,
563 2060 635 2113 qui
664 2059 827 2113 primus
857 2059 1086 2113 plusquam
1111 2058 1338 2112 profanam
1368 2057 1571 2111 phrasim,
1600 2056 1683 2099 Ec-

119 2131 271 2173 clesiae
301 2132 528 2173 obtrudere
556 2131 716 2174 frustra
741 2133 917 2173 conatus
946 2133 1022 2173 est.

172 2201 414 2244 XXXVIII.
451 2202 603 2256 Neque
641 2205 797 2255 tamen,
827 2203 941 2256 quod
969 2202 1094 2245 nobis
1123 2217 1199 2256 per
1228 2201 1486 2244 calumniam
1514 2199 1683 2253 affingi-

119 2277 200 2328 tur,
240 2289 457 2328 negamus,
496 2273 674 2317 Sanctos
704 2275 933 2327 aliquando
962 2274 1052 2316 labi
1080 2289 1219 2328 posse,
1250 2276 1293 2315 et
1321 2273 1409 2315 labi
1437 2272 1579 2327 reipsa
1605 2286 1684 2326 per

121 2344 258 2387 carnis
295 2345 642 2398 imbecillitatem,
680 2345 725 2388 in
764 2348 940 2399 peccata
977 2360 1064 2388 non
1101 2347 1271 2387 tantum
1301 2344 1422 2397 levia,
1453 2344 1526 2386 sed
1554 2343 1684 2386 etiam

122 2416 393 2470 gravissima3
429 2416 498 2459 vel
536 2431 607 2459 eos
645 2417 840 2459 absoluta
878 2417 1062 2470 quadam
1098 2415 1446 2470 impossibilitate
1473 2413 1684 2468 impediri,

122 2502 206 2541 quo
244 2487 382 2530 minus
419 2487 546 2530 fidem
583 2486 777 2530 amittere
814 2488 994 2542 possint,
1028 2488 1310 2538 affirmamus;
1339 2486 1412 2529 sed
1438 2488 1606 2528 tantum
1633 2484 1684 2526 li-

120 2558 285 2611 mitata,
315 2561 523 2612 quantum
552 2559 606 2600 ad
635 2558 845 2612 gratiosas
874 2558 1033 2600 Christi
1055 2558 1370 2613 promissiones,
1396 2557 1563 2599 fidelem
1587 2555 1684 2610 Spi-

122 2631 228 2672 ritus
266 2629 412 2672 Sancti
442 2629 687 2681 custodiam,
718 2633 760 2672 et
787 2630 1053 2672 immutabile
1083 2629 1162 2671 Dei
1192 2628 1415 2671 consilium
1443 2628 1493 2669 de
1522 2627 1574 2668 iis
1601 2627 1685 2669 sal-

122 2701 282 2743 vandis.
307 2699 422 2743 Nam
446 2702 481 2742 si
504 2701 614 2743 vires
639 2701 821 2744 Satanae
846 2703 1098 2755 spectemus,
1125 2702 1167 2742 et
1190 2700 1378 2742 fidelium
1401 2698 1685 2750 infirmitates,

123 2773 160 2814 si
197 2772 278 2814 sibi
315 2772 667 2825 relinquerentur,
704 2775 806 2815 tunc
844 2772 1001 2826 palam.
1025 2771 1221 2823 fatemur,
1261 2785 1387 2824 posse
1424 2784 1495 2812 eos
1534 2769 1684 2822 quovis

123 2846 341 2887 momento
380 2844 571 2887 excidere
609 2847 651 2886 et
686 2844 840 2898 perire.
878 2843 1028 2885 Fidem
1068 2843 1198 2885 etiam
1234 2841 1430 2884 amittere
1468 2843 1511 2883 et
1547 2841 1687 2895 gratia

126 2916 317 2959 excidere
347 2918 520 2959 eatenus
550 2930 769 2969 negamus,
796 2915 858 2957 ita
886 2915 1089 2957 nimirum
1117 2916 1165 2956 ut
1192 2914 1381 2956 infideles
1410 2913 1516 2955 fiant
1541 2914 1583 2954 et
1605 2911 1687 2954 Dei

124 2986 283 3039 hostes,
322 2988 432 3030 sicut
468 3002 555 3030 non
590 2987 728 3030 renati
765 2990 1029 3042 peccatores3
1071 2986 1171 3039 quia
1207 2985 1323 3028 Deus
1360 3000 1456 3028 cum
1487 2984 1573 3027 illis
1599 2998 1687 3026 non
