1931 3224
284 127 364 191 464
866 124 1110 166 DisPUTA'rio
1142 123 1270 165 XLII.

286 251 419 293 stolus
460 250 611 291 latiore
648 248 958 301 significatione
986 249 1241 302 appellatur,
1272 250 1400 300 atque
1430 248 1577 290 eodem
1607 263 1731 290 sensu
1762 264 1846 302 quo
1915 262 1918 264 ·

285 321 606 376 Epaphroditus
644 319 846 373 Apostoli
877 318 1000 360 Pauli
1030 319 1194 372 collega
1222 319 1473 371 individuus,
1503 318 1718 361 Ecclesiae
1746 319 1849 361 Phi-

283 391 491 445 lippensis
524 389 758 443 Apostolus
786 390 1043 442 nominatur,
1072 390 1115 431 id
1145 393 1220 442 est,
1250 389 1435 443 Legatus
1465 390 1517 432 ab
1548 390 1630 432 ista
1659 390 1848 432 Ecclesia

285 463 466 505 Romam
504 462 670 513 missus,
708 464 757 502 ut
794 461 855 502 ibi
882 461 1094 515 Apostolo
1124 461 1257 505 Paulo
1287 462 1524 504 necessaria
1553 461 1848 503 subministra-

284 538 362 586 ret,
391 534 502 575 Phil.
532 535 569 586 2,
598 534 661 575 25.

337 604 472 647 XXV.
514 604 712 647 Pastores
751 607 871 646 erant
899 604 1017 646 verbi
1047 604 1179 645 divini
1208 604 1520 657 dispensatores
1549 603 1674 646 certis
1703 603 1848 646 Eccle-

285 677 357 718 siis
401 676 599 718 docendis
642 692 690 719 ac
730 675 926 729 regendis
968 676 1021 717 ab
1060 675 1282 729 Apostolis
1323 678 1366 717 et
1402 675 1689 728 Evangelistis
1726 690 1849 728 prae-

284 746 396 799 fecti,
427 761 608 799 quorum
639 747 825 789 officium
856 746 1119 799 describitur,
1150 746 1245 788 Act.
1276 747 1338 788 20.
1371 747 1390 787 1
1424 745 1531 788 Tim.
1559 747 1596 788 3.
1627 746 1710 788 Tit.
1742 746 1778 787 1.
1807 748 1849 788 et

286 820 305 859 1
337 817 428 860 Pet.
458 819 495 860 5.

337 889 492 931 XXVI.
546 889 713 932 Horum
756 889 887 931 officii
927 892 1071 943 partes
1113 889 1217 943 ipsis
1261 905 1356 931 cum
1399 889 1689 944 superioribus
1730 890 1849 932 verbi

285 962 416 1004 divini
453 963 713 1004 administris
752 961 1100 1004 extraordinariis
1138 975 1381 1002 communes
1420 964 1530 1013 sunt,
1570 962 1605 1002 1.
1634 960 1849 1015 Populum

285 1033 364 1076 Dei
393 1049 443 1076 ex
473 1035 601 1077 verbo
631 1034 762 1089 ipsius
786 1034 948 1075 docere.
974 1033 1010 1074 2.
1036 1032 1188 1074 Eidem
1208 1033 1332 1085 juxta
1356 1031 1512 1074 Christi
1534 1032 1849 1074 institutionem

284 1104 558 1148 Sacramenta
596 1104 904 1147 administrare.
943 1105 979 1145 3.
1018 1103 1102 1145 Pro
1141 1104 1288 1145 eodem
1325 1118 1471 1157 preces
1504 1118 1600 1145 suas
1630 1104 1683 1145 ad
1709 1103 1849 1145 Deum

282 1177 469 1219 fundere.
512 1178 549 1219 4.
591 1177 704 1219 Eum
743 1177 864 1218 freno
904 1175 1152 1229 disciplinae
1189 1175 1514 1217 Ecclesiasticae
1551 1175 1665 1216 intra
1693 1174 1849 1215 limites
1922 1168 1925 1171 Δ

285 1248 551 1290 obedientiae
581 1249 673 1290 Deo
700 1248 927 1290 secundum
955 1247 1131 1289 verbum
1146 1247 1280 1300 ipsius
1296 1246 1463 1288 debitae
1479 1246 1707 1298 continere,
1723 1245 1846 1287 Matt.

284 1320 347 1361 28.
379 1322 420 1361 et
450 1321 512 1372 18,
543 1320 604 1361 17.
636 1320 728 1361 Act.
761 1320 823 1372 20,
853 1320 917 1361 36.
942 1318 1052 1373 Eph.
1082 1319 1120 1371 4,
1150 1319 1213 1360 14.

338 1391 517 1433 XXVII.
556 1391 766 1434 Doctores
805 1394 925 1433 erant
965 1390 1280 1444 Prophetarum
1316 1389 1431 1432 Novi
1461 1390 1724 1432 Testamenti
1751 1391 1847 1432 imi-

284 1464 456 1514 tatores,
496 1464 569 1515 qui
606 1463 868 1505 diversarum
903 1462 1158 1516 linguarum,
1193 1462 1463 1504 scientiarum
1492 1465 1620 1514 atque
1647 1462 1847 1504 historia-

284 1548 378 1574 rum
423 1534 668 1587 cognitione
709 1533 919 1585 instructi,
962 1532 1110 1575 Sacras
1152 1532 1391 1587 Scripturas
1425 1534 1548 1586 juxta
1576 1532 1675 1574 fidei
1703 1532 1847 1574 analo-

284 1606 400 1658 giam
436 1606 842 1660 interpretabantur,
880 1620 1034 1658 easque
1063 1607 1164 1658 apta
1192 1605 1394 1646 methodo
1425 1604 1519 1646 aliis
1544 1606 1847 1658 proponentes,

284 1677 336 1718 ab
366 1677 677 1720 haereticorum
706 1678 960 1732 corruptelis
990 1680 1032 1720 et
1059 1677 1292 1719 infidelium
1321 1677 1539 1719 calumniis
1564 1676 1846 1718 vindicabant.

285 1747 399 1797 Quos
428 1749 584 1792 idcirco
614 1749 852 1803 Apostolus
882 1765 905 1791 a
934 1749 1180 1803 pastoribus
1210 1749 1422 1801 discernit,
1454 1748 1566 1801 quod
1595 1747 1657 1789 illi
1684 1748 1727 1789 in
1753 1747 1848 1789 doc-

283 1821 396 1862 trina
435 1824 476 1863 et
513 1822 814 1875 redargutione
854 1822 906 1864 ad
943 1821 1070 1863 fidem
1098 1821 1389 1863 vacillantium
1419 1819 1771 1871 confirmandam3
1801 1819 1848 1860 hi

282 1891 327 1932 in
366 1893 628 1935 correctione
665 1896 706 1935 et
745 1893 1035 1935 admonitione
1072 1893 1125 1934 ad
1164 1893 1297 1934 vitam
1325 1891 1593 1946 peccantium
1623 1890 1847 1933 emendan-

284 1962 393 2016 dam,
434 1979 584 2017 operas
623 1980 718 2006 suas
756 1965 982 2019 praecique
1017 1966 1286 2018 occuparent.
1314 1953 1439 2005 Unde
1466 1962 1549 2003 illis
1580 1971 1673 2004 κατ’
1705 1960 1849 2014 ἐξοχὴν

284 2034 474 2087 docendi,
502 2035 570 2077 his
599 2036 851 2078 exhortandi
878 2050 1032 2077 munus
1061 2035 1324 2087 attribuitur,
1353 2033 1476 2076 Rom.
1508 2033 1570 2085 12,
1601 2033 1636 2074 7.
1667 2032 1703 2074 8.

335 2105 536 2149 XXVIII.
578 2107 708 2150 Hisce
750 2107 977 2161 Evangelii
1017 2106 1313 2161 praeconibus,
1355 2108 1445 2148 tam
1488 2102 1846 2155 extraordinariis,

283 2192 411 2230 quam
442 2179 678 2231 ordinariis,
709 2193 864 2221 nomen
888 2178 1185 2220 Ministrorum
1215 2177 1496 2220 communiter
1520 2174 1769 2217 attribuitur
1794 2173 1846 2216 ab

282 2246 508 2301 Apostolo,
546 2249 567 2290 1
609 2248 702 2290 Cor.
740 2250 776 2300 3,
815 2250 852 2291 5.
892 2249 1021 2299 Quis
1049 2249 1227 2303 igitur
1255 2248 1488 2291 Paulus?
1521 2245 1640 2299 quis
1669 2247 1848 2287 autem

283 2319 547 2373 Apollos?
583 2320 691 2361 nisi
726 2319 973 2362 Ministri
1002 2335 1095 2374 per
1125 2335 1255 2373 quos
1285 2317 1639 2370 credidistis?
1669 2316 1728 2358 Et
1756 2330 1847 2370 cap.

281 2393 320 2444 4,
365 2392 401 2432 1.
445 2390 532 2434 Sic
579 2391 637 2433 de
682 2391 842 2433 nobis
884 2394 1106 2445 reputet
1147 2391 1326 2443 homo,
1369 2392 1425 2433 ut
1468 2390 1526 2431 de
1568 2388 1847 2432 Ministris

284 2462 495 2505 Christi
547 2466 596 2504 et
647 2462 1136 2516 dispensatoribus
1186 2463 1577 2517 mysteriorum
1630 2461 1742 2504 Dei.
1790 2460 1848 2501 Et

285 2535 306 2576 1
338 2534 446 2576 Tim.
476 2534 513 2586 4,
542 2535 579 2576 6.
608 2533 722 2576 Hoc
764 2534 808 2575 si
851 2534 1158 2586 subjeceris
1196 2534 1492 2586 fratribus,
1527 2534 1701 2576 bonus
1740 2531 1847 2574 eris

282 2606 540 2648 Minister
569 2604 698 2647 Jesu
727 2603 948 2646 Christi.

336 2675 492 2718 XXIX.
536 2675 691 2719 Iisdem
726 2676 840 2718 idem
876 2676 1113 2730 Apostolus
1149 2677 1468 2731 Episcoporum
1498 2679 1540 2719 et
1568 2675 1846 2728 Presbytero-

282 2763 376 2789 rum
406 2747 627 2801 epitheton
654 2747 943 2790 indifferenter
971 2748 1175 2801 assignat,
1204 2748 1300 2790 Act.
1330 2748 1394 2800 20,
1423 2748 1487 2790 28.
1516 2747 1589 2789 ubi
1619 2746 1847 2800 Presbyte-

282 2832 352 2859 ros
381 2818 596 2860 Ecclesiae
623 2818 866 2873 Ephesinae
893 2822 1050 2871 monet,
1078 2821 1126 2861 ut
1155 2820 1378 2861 attendant
1407 2819 1593 2861 animum
1618 2818 1671 2859 ad
1694 2819 1846 2860 semet-

286 2889 403 2942 ipsos
440 2892 481 2931 et
516 2892 656 2931 totum
694 2904 880 2944 gregem,
921 2890 966 2931 in
1006 2905 1089 2943 quo
1121 2889 1306 2944 Spiritus
1336 2889 1513 2932 Sanctus
1541 2889 1659 2942 ipsos
1690 2888 1847 2930 consti-

284 2961 425 3001 tuerat
462 2960 712 3014 Episcopos.
752 2962 773 3003 1
803 2961 911 3004 Tim.
941 2961 978 3014 3,
1009 2962 1044 3003 2.
1074 2961 1145 3003 ubi
1176 2961 1442 3015 Episcopum
1470 2959 1670 3003 describit
1698 2960 1751 3002 ab
1781 2961 1846 3001 at-
