1931 3224
276 153 339 195 DE
370 154 548 203 QannE
577 154 720 196 FALsis
750 154 1060 197 PONTIFICIORUM
1089 153 1371 196 SACRAMENms.
1537 154 1615 194 563

57 280 175 320 actus
213 279 389 331 externi,
429 279 581 332 quibus
618 279 886 333 promittitur
923 279 1096 321 effectus
1133 279 1309 333 gratiae,
1340 280 1439 320 sunt
1468 277 1617 320 Sacra-

0 355 4 358 ’
57 352 222 401 menta3
266 350 597 403 congregari
637 350 691 392 in
731 350 942 392 nomine
985 349 1216 402 Christi,
1252 350 1383 392 habet
1422 349 1619 391 eflectum

57 419 316 474 promissum
357 435 384 473 p
395 435 416 461 r
427 435 452 462 a
463 435 484 462 e
495 435 514 461 s
526 435 547 462 e
557 422 614 462 nt
626 420 640 461 i
652 436 676 462 a
688 436 710 463 e
753 420 924 473 Christi,
970 420 1092 462 Matt.
1137 421 1199 472 18,
1244 421 1306 462 20.
1350 435 1372 462 0
1388 435 1411 463 0
1423 435 1452 462 11
1462 419 1503 461 fi
1512 422 1531 461 t
1543 435 1564 462 e
1574 419 1620 461 ri

58 490 337 533 Christum
366 506 422 533 co
435 507 544 533 ram
570 491 599 532 h
612 492 881 533 ominibus
910 492 1042 534 habet
1066 492 1391 545 promissionem
1416 491 1620 533 confes-

56 563 138 604 sio
151 562 233 603 nis
271 562 441 615 Christi,
481 577 622 604 coram
660 562 800 615 Patre,
839 562 946 605 Ibid.
987 563 1048 614 10,
1078 563 1142 604 32.
1173 562 1212 603 R
1224 562 1332 604 elin
1344 578 1372 616 q
1382 578 1409 604 u
1421 577 1442 604 e
1452 577 1474 604 r
1487 577 1508 604 e
1536 577 1564 615 p
1576 576 1621 603 a-

56 635 75 674 t
86 649 107 675 r
119 648 140 675 e
150 648 194 675 m
222 636 272 676 et
299 649 342 675 m
354 649 377 675 a
387 636 405 675 t
415 649 435 676 r
447 649 468 676 e
478 649 521 675 m
534 668 543 686 ,
571 634 898 688 promissionem
927 649 948 676 c
960 649 981 676 e
992 649 1021 675 n
1031 637 1049 676 t
1059 650 1086 676 u
1097 649 1124 687 p
1138 634 1177 675 li
1207 636 1249 676 et
1273 633 1386 676 vitae
1412 636 1620 686 aeternae,

57 703 166 746 Ibid.
196 705 259 757 19,
290 707 352 747 29.
384 720 467 758 quo
497 720 622 748 sensu
649 706 817 747 infinita
846 708 985 748 essent
1014 705 1185 748 Sacram
1191 708 1300 747 enta.

110 775 246 818 XXV.
284 775 480 818 Potestas
518 779 660 819 autem
699 777 944 818 remittendi
984 779 1218 830 peccatum,
1258 791 1342 829 qua
1372 779 1466 818 tota
1495 777 1566 830 huj
1574 792 1621 818 us

60 847 325 891 Sacramenti
353 847 464 890 ratio
494 848 658 901 nititur,
690 848 804 901 apud
830 849 948 901 ipsos
977 848 1226 890 Pontificios
1256 848 1317 889 ita
1347 851 1622 890 controversa

58 922 133 971 est,
172 921 220 960 ut
248 919 441 972 plerique
473 934 631 972 eorum,
662 934 754 961 eam
784 919 991 961 limitibus
1023 919 1382 971 circumscribant,
1414 933 1519 972 quos
1549 919 1622 960 alii

56 990 247 1032 fatentur
284 989 507 1033 Sacramen
514 991 548 1031 ti
584 993 782 1032 naturam
819 991 1046 1032 destruere.
1077 989 1190 1032 Nam
1219 990 1482 1032 Lombardus
1511 990 1555 1031 in
1583 990 1621 1032 4.

58 1061 153 1102 dist.
198 1062 260 1103 18.
304 1063 340 1103 1.
385 1062 479 1103 dist.
523 1064 645 1115 parte
686 1062 748 1103 lit.
789 1061 832 1104 C.
872 1061 1175 1103 Bonaventura
1212 1062 1382 1113 ibidem,
1423 1062 1542 1104 artic.
1584 1063 1620 1103 2.

57 1130 229 1173 Gabriel
252 1131 357 1184 Biel,
382 1132 610 1183 Marsilius,
635 1131 786 1185 Major,
809 1131 959 1183 Okam,
975 1131 1279 1173 Antisiodoren
1285 1133 1353 1183 sis,
1370 1132 1623 1183 Alexander,

56 1201 243 1243 Thomas
281 1203 331 1244 de
367 1202 619 1256 Argentina,
658 1202 899 1255 Abulensis,
940 1217 1097 1255 omnes,
1135 1203 1178 1244 in
1184 1218 1322 1255 quam,
1352 1203 1413 1245 illi
1444 1203 1622 1256 (fatente

56 1272 252 1326 Vasquez
278 1276 440 1326 quaest.
466 1274 530 1316 94.
558 1274 676 1315 artic.
701 1273 758 1326 3.)
785 1274 1042 1315 conveniunt
1067 1274 1112 1315 in
1142 1289 1203 1326 eo,
1235 1290 1262 1327 q
1274 1290 1301 1315 11
1314 1289 1337 1316 0
1350 1289 1373 1316 a
1385 1275 1411 1316 d
1439 1289 1460 1316 r
1472 1290 1493 1316 e
1504 1275 1570 1316 mi
1582 1289 1622 1316 s-

57 1343 263 1386 sionem
292 1345 506 1398 culpae,
539 1347 590 1387 et
622 1345 829 1387 animae
860 1345 971 1386 vivi
986 1345 1336 1398 ficationem,
1368 1348 1418 1387 et
1447 1346 1624 1387 dimis-

57 1416 176 1457 sion
190 1430 265 1457 em
293 1418 478 1458 reatus
508 1419 767 1458 aeternae
795 1432 822 1469 p
838 1431 861 1458 o
875 1431 970 1458 ena
986 1432 1007 1457 e
1038 1416 1099 1469 (in
1132 1417 1285 1469 quibus
1315 1417 1622 1470 proculdubio

56 1486 253 1528 consistit
291 1488 431 1541 gratia
465 1487 722 1539 justificans)
765 1502 786 1528 e
797 1479 821 1529 a
831 1503 874 1528 m
913 1502 942 1528 n
955 1502 978 1529 o
991 1503 1019 1528 11
1049 1502 1070 1529 e
1082 1502 1100 1528 s
1112 1502 1130 1528 s
1143 1503 1163 1529 e
1194 1503 1214 1530 e.
1226 1503 1251 1528 x
1281 1488 1331 1530 vi
1344 1504 1364 1529 r
1374 1491 1393 1530 t
1404 1504 1431 1529 11
1441 1491 1460 1530 t
1472 1503 1493 1530 e
1521 1488 1567 1530 cl
1579 1504 1622 1530 a·

58 1559 221 1610 vium,
264 1574 360 1601 nec
402 1560 463 1601 ad
506 1559 645 1601 hunc
688 1559 948 1601 effectum
992 1560 1172 1601 claves
1214 1574 1266 1602 se
1304 1561 1622 1612 extendere,

58 1629 149 1671 sed
193 1631 332 1682 quod
371 1633 586 1673 tantum
628 1631 888 1673 ostendat
932 1630 1220 1682 Sacerdos,
1266 1646 1378 1673 cum
1419 1632 1622 1684 inquit,

57 1700 167 1754 Ego
207 1703 258 1743 te
295 1702 543 1754 absolvo,
578 1703 685 1755 jam
721 1702 879 1743 illum
918 1702 1230 1744 absolutum
1271 1718 1294 1743 a
1332 1703 1492 1756 culpa
1528 1718 1623 1757 per

58 1788 79 1814 c
91 1787 115 1814 o
126 1788 154 1814 n
165 1775 183 1814 t
194 1788 215 1814 r
225 1773 239 1814 i
249 1775 267 1814 t
279 1773 293 1813 i
306 1787 329 1814 o
341 1788 369 1814 n
381 1788 402 1815 e
415 1789 470 1815 m.
508 1774 575 1815 Ex
605 1788 688 1827 quo
720 1774 924 1826 sequitur,
956 1774 1153 1815 effectum
1184 1774 1312 1827 hujus
1343 1775 1622 1817 absolutionis

56 1859 142 1886 non
167 1859 255 1886 esse
281 1845 464 1898 gratiam
480 1845 808 1898 justificantem3
825 1844 1004 1898 proinde
1020 1859 1097 1886 nec
1113 1844 1435 1887 Sacramentum
1449 1847 1621 1900 proprie

58 1915 229 1967 dictum,
260 1915 489 1957 secundum
517 1915 779 1958 PontificiOS.

110 1986 268 2029 XXVI.
317 1986 421 2029 Inde
462 1990 577 2029 recte
618 1987 816 2040 Vasquez
859 1987 1023 2040 colligit
1067 1988 1199 2040 sequi,
1244 2003 1297 2030 re
1308 1989 1404 2030 mis
1417 1990 1459 2030 si
1473 2004 1496 2031 o
1508 2005 1536 2032 n
1547 2005 1568 2032 e
1580 2006 1621 2032 111

59 2058 273 2111 culpae,
312 2073 415 2100 non
454 2058 585 2100 fieri
624 2074 651 2112 p
666 2074 719 2100 er
756 2058 1187 2111 Sacramentum,
1230 2074 1341 2101 011111
1379 2075 1481 2102 11011
1522 2061 1622 2103 fiat

57 2129 269 2171 virtute
321 2129 528 2172 formae
578 2129 759 2182 illius,
803 2130 985 2172 verbis
1030 2132 1348 2184 praecipue,
1394 2147 1621 2185 quorum

57 2201 267 2243 virtute
296 2200 599 2254 perficitur
622 2201 675 2242 in
701 2202 921 2243 ratione
948 2201 1311 2255 Sacramenti,
1341 2206 1391 2245 et
1416 2205 1622 2257 operis,

57 2275 105 2314 ut
142 2274 275 2325 ajunt,
314 2287 338 2314 o
349 2287 377 2326 p
390 2287 411 2314 e
422 2287 442 2313 r
453 2287 476 2314 a
488 2274 506 2313 t
516 2273 531 2313 i
543 2288 552 2322 ;
590 2287 755 2326 nempe,
795 2273 896 2325 quia
934 2275 1126 2315 auctores
1166 2272 1239 2325 illi,
1277 2274 1357 2316 sibi
1384 2277 1498 2317 recte
1526 2291 1623 2329 per-

58 2346 294 2396 suaserunt,
337 2343 557 2385 Sacerdoti
595 2346 855 2397 potestatem
893 2359 980 2386 non
1017 2359 1106 2386 esse
1144 2346 1197 2386 ad
1224 2344 1306 2386 hoc
1334 2345 1545 2398 collatam,
1576 2350 1624 2388 ut

58 2415 110 2456 ab
148 2415 242 2468 ipsa
281 2415 406 2467 culpa
445 2417 486 2456 et
522 2414 618 2456 labe
647 2415 812 2468 peccati
842 2415 980 2468 possit
1009 2415 1227 2458 absolvere
1239 2432 1248 2467 ;
1279 2416 1351 2458 sed
1379 2419 1548 2458 tantum
1577 2420 1623 2458 ut

58 2487 257 2529 ostendat
293 2501 368 2528 sua
407 2486 684 2538 absolutione,
722 2486 916 2529 homines
946 2487 1019 2540 qui
1046 2490 1220 2541 peccata
1250 2503 1324 2530 sua
1354 2489 1621 2541 confitentur,

54 2559 143 2611 jam
182 2574 206 2600 a
234 2557 327 2600 Deo
357 2572 446 2599 esse
473 2557 705 2611 absolutos,
734 2561 980 2611 asserentes,
1009 2573 1096 2601 non
1124 2557 1261 2601 solum
1288 2559 1370 2601 Dei
1398 2574 1505 2613 opus
1535 2574 1623 2602 esse

59 2630 277 2672 absolvere
316 2644 340 2670 a
376 2629 542 2682 peccati
580 2629 687 2681 labe,
729 2629 801 2671 sed
838 2629 967 2672 etiam
1005 2645 1028 2672 a
1066 2633 1188 2672 reatu
1225 2633 1421 2672 aeternae
1449 2631 1623 2673 damna-

58 2701 199 2743 tionis
230 2701 281 2743 In
311 2716 404 2743 eam
432 2716 521 2743 rem
548 2700 723 2754 Magist.
753 2703 933 2743 sentent.
963 2716 1014 2743 ex
1042 2701 1272 2744 Ambrosio
1287 2702 1415 2754 citat,
1440 2701 1468 2745 S
1481 2717 1505 2744 a
1517 2718 1538 2745 c
1549 2717 1571 2744 e
1581 2718 1623 2745 r-

59 2771 239 2814 dotem
277 2772 492 2826 quidem
532 2771 786 2814 officium
815 2787 961 2814 suum
990 2772 1149 2814 exhib
1163 2787 1270 2825 ere,
1299 2773 1509 2815 nullius
1539 2789 1622 2816 au-

58 2845 164 2885 tem
202 2843 509 2897 potestatis
544 2844 670 2896 jura
708 2858 981 2886 exercere:
1013 2844 1184 2885 solum
1210 2844 1368 2885 illum
1396 2847 1622 2898 peccata

60 2913 364 2967 dimittere,
396 2915 486 2967 qui
516 2914 667 2956 solus
696 2929 792 2969 pro
821 2915 1067 2968 peccatis
1092 2917 1337 2978 mortuus
1362 2919 1455 2958 est.
1480 2916 1623 2959 Verba

59 2984 276 3027 Ambrosii
304 2985 530 3038 habentur,
558 2985 647 3028 Lib.
677 2986 714 3027 3.
744 2986 794 3027 de
823 2985 988 3039 Spiritu
1016 2985 1186 3038 SanctO,
1216 3001 1307 3040 cap.
1337 2989 1399 3030 19.
