1931 3224
249 147 329 188 504
835 144 1080 187 DISPUTATIO
1109 142 1238 185 XLV.

250 287 323 313 seu
363 270 558 321 Ezbmylx„
598 269 642 309 id
678 270 753 320 est,
793 268 1028 321 gratiarum
1069 260 1179 310 actio
1218 270 1259 309 et
1299 267 1551 320 benedictio,
1591 267 1751 310 scilicet
1789 284 1813 310 a

250 341 422 397 praevia
459 340 625 381 actione
664 338 822 381 Christi
860 341 901 380 et
937 339 1031 390 fine,
1062 338 1176 392 quod
1199 338 1366 380 solenni
1390 339 1625 392 gratiarum
1649 339 1813 381 actione

250 428 329 467 pro
360 413 497 453 morte
526 413 567 452 et
594 410 810 452 beneficiis
840 409 998 451 Christi
1026 425 1050 451 a
1079 409 1248 451 Christo
1276 409 1390 451 facta
1419 409 1487 463 sit,
1516 413 1558 452 et
1581 410 1673 452 fieri
1692 410 1815 464 jube-

252 486 359 534 atur,
400 482 421 523 1
463 480 554 523 Cor.
594 481 654 533 10,
687 481 749 522 16.
780 481 904 523 Matt.
935 482 998 532 26,
1030 481 1091 522 26.
1121 481 1185 523 27.
1215 481 1252 522 3.
1286 481 1467 533 κοινωνίαι,
1510 482 1814 523 communio

252 570 324 596 seu
365 552 809 603 communicatio,
848 567 898 594 ex
934 551 1082 604 Paulo,
1122 551 1195 604 qui
1232 552 1334 605 pani
1362 551 1462 594 huic
1490 552 1674 606 vinoque
1703 567 1816 595 com-

252 623 465 667 munionis
496 625 538 665 et
565 623 907 678 participationis
938 623 1130 677 corporis
1160 625 1201 665 et
1231 624 1449 676 sanguinis
1479 623 1640 666 Christi
1671 625 1817 678 appel-

252 697 457 739 lationem
485 694 682 737 attribuit
713 695 733 735 1
766 693 860 735 Cor.
892 694 953 746 10,
984 694 1046 735 16.
1076 694 1140 736 17.
1166 694 1230 735 21.
1254 694 1292 735 4.
1319 695 1541 748 προσ-φοραὶ,
1577 695 1817 748 010131310,

253 784 325 810 seu
355 767 566 819 oblata,
596 780 748 819 nempe
778 765 831 806 ab
863 764 1080 806 oblatione
1109 764 1232 819 panis
1262 767 1305 806 et
1333 764 1421 806 vini
1450 781 1474 806 a
1501 767 1663 820 populo
1693 767 1819 820 fideli,

254 841 305 881 ad
344 839 674 881 celebrationem
711 837 885 891 Agapes
923 839 964 878 et
993 836 1300 889 Eucharistias,
1331 836 1532 878 Antistiti
1559 837 1651 879 fieri
1681 838 1819 891 solita,

255 915 296 953 et
333 910 519 953 vicissim
557 909 720 962 populo
753 908 1083 950 communicanti
1110 909 1276 950 reddita
1296 895 1400 962 (1113
1432 910 1556 963 δῶρον,
1589 909 1694 951 11360
1709 910 1820 953 ἀντί-

253 985 365 1036 δωρον
407 981 644 1034 dicebatur)
682 980 817 1021 laudis
858 980 975 1032 item,
1006 980 1328 1033 gratiarumque
1358 980 1537 1033 actione,
1566 995 1591 1022 a
1618 983 1712 1022 tota
1740 980 1822 1022 Ec-

255 1055 380 1096 clesia
416 1053 508 1095 Deo
540 1052 706 1104 oblata,
735 1066 822 1093 non
850 1053 993 1093 autem
1023 1051 1182 1093 Christi
1211 1052 1390 1106 passive,
1420 1052 1513 1094 Deo
1542 1052 1665 1094 Patri
1694 1068 1718 1093 a
1747 1051 1822 1094 Sa-

257 1125 498 1168 cerdotibus
540 1125 665 1175 facta,
703 1123 786 1164 nisi
822 1123 999 1176 tropice.
1039 1124 1076 1165 5.
1117 1122 1253 1173 θυσίαι,
1292 1123 1336 1164 id
1365 1126 1440 1175 est,
1471 1122 1824 1166 Sacrificium

258 1212 331 1238 seu
367 1195 576 1247 hostia,
608 1194 836 1236 admodum
864 1194 1113 1249 improprie,
1142 1197 1235 1236 turn
1263 1197 1442 1248 propter
1470 1209 1626 1250 preces,
1657 1197 1698 1236 et
1727 1209 1825 1248 gra-

257 1269 416 1310 tiarum
456 1267 678 1316 actionem,
716 1269 809 1308 tum
847 1266 1296 1309 commemorationem
1333 1266 1446 1308 illius
1487 1266 1682 1308 sacrificii
1709 1265 1825 1308 unici

259 1339 487 1394 expiatorii
515 1340 559 1380 in
590 1353 711 1380 cruce
738 1338 869 1380 semel
892 1353 970 1392 pro
995 1338 1119 1380 nobis
1148 1337 1332 1391 peracti:
1361 1352 1448 1380 non
1474 1339 1616 1380 autem
1639 1338 1825 1392 proprie,

259 1416 306 1454 ut
337 1412 626 1454 Romanenses
656 1410 818 1462 volunt,
847 1409 974 1462 idque
1003 1425 1089 1452 non
1118 1412 1287 1451 tantum
1312 1424 1391 1463 pro
1416 1409 1728 1462 Eucharistico,
1755 1409 1827 1452 sed

260 1488 302 1527 et
332 1483 571 1538 expiatorio
602 1483 889 1535 peccatorum,
920 1481 1034 1534 quod
1062 1484 1206 1523 tamen
1246 1482 1513 1533 οὲνκίμοικτον,
1547 1496 1828 1535 exsangue,

261 1556 419 1598 dicunt.
460 1554 568 1595 Aliis
607 1555 829 1607 praeterea
854 1553 1097 1596 nominibus
1127 1553 1304 1595 Veteres
1333 1553 1439 1595 illud
1467 1553 1644 1596 Sacrum
1671 1552 1828 1606 indigi-

259 1630 365 1679 tant,
395 1628 443 1668 ut
471 1625 677 1677 σύμβολον
703 1627 744 1665 613
771 1625 991 1678 μυστήριον,
1016 1625 1058 1666 id
1084 1627 1159 1677 est,
1183 1623 1327 1667 Nota
1353 1628 1393 1667 et
1418 1624 1831 1667 Sacramentum

260 1697 509 1752 corporis
540 1700 590 1738 et
621 1697 908 1751 sanguinis
938 1696 1179 1748 Domini,
1211 1698 1287 1746 etc,
1316 1696 1389 1738 sed
1419 1711 1467 1738 ea
1499 1696 1588 1738 fere
1626 1698 1724 1738 sunt
1758 1695 1829 1737 de-

261 1770 526 1824 scriptiones,
556 1769 956 1820 commendationes,
987 1770 1028 1809 et
1058 1767 1248 1821 epitheta
1277 1767 1388 1809 tanti
1417 1767 1623 1821 mysterii.

315 1841 388 1883 IV.
426 1841 667 1893 Λειτουργίαι
700 1855 828 1896 porro
870 1856 894 1882 a
936 1840 1080 1888 ληἰτὸς,
1113 1838 1392 1892 publicus,
1432 1839 1709 1892 publicam
1739 1838 1834 1880 uni-

261 1913 428 1966 versim,
467 1916 509 1955 et
547 1913 591 1954 in
629 1913 824 1955 Ecclesia
865 1927 1030 1954 sacram
1068 1911 1412 1953 functionem
1440 1926 1513 1953 seu
1544 1910 1733 1953 officium
1763 1910 1834 1952 de-

259 1988 394 2037 notat,
439 2000 522 2038 qua
564 1987 705 2026 totum
745 1984 1031 2026 ministerium
1071 1997 1236 2024 sacrum
1279 1982 1398 2023 verbi
1438 1982 1581 2035 divini,
1623 1982 1825 2035 (qualiter

262 2060 576 2111 λειτουργσῦντες
614 2071 702 2098 11011
740 2056 1038 2106 sacrificantes,
1076 2056 1124 2096 ut
1161 2053 1280 2095 Eras.
1309 2053 1405 2095 Act.
1437 2054 1500 2095 14.
1531 2053 1728 2105 reddidit,
1758 2053 1831 2095 sed

264 2144 382 2171 sacra
410 2128 629 2179 facientes,
658 2130 793 2180 notat,
824 2128 932 2169 sicut
962 2129 1003 2169 et
1030 2127 1122 2180 ipse
1152 2125 1494 2179 interpretatur)
1542 2128 1583 2167 et
1612 2125 1835 2178 sigillatim

264 2199 577 2243 administratio
616 2198 781 2241 Coenae
818 2198 1069 2240 Dominicae
1108 2198 1384 2251 significatur.
1420 2196 1654 2251 Specialius
1685 2211 1709 2238 a
1738 2196 1831 2250 qui-

263 2271 442 2313 busdam
484 2271 693 2324 ἱερουργίοι,
733 2285 1012 2313 sacrorum
1055 2269 1333 2324 operatio,
1381 2269 1546 2320 dicitur,
1593 2283 1701 2321 quae
1745 2283 1835 2310 me-

263 2341 486 2396 taphorice
512 2359 681 2397 quoque
706 2342 758 2384 ad
783 2341 1008 2394 Evangelii
1034 2341 1398 2394 praedicationem
1418 2340 1613 2391 refertur,
1629 2339 1753 2381 Rom.
1772 2340 1835 2382 15.

319 2415 371 2457 V.
410 2415 489 2457 Illa
517 2415 680 2457 Latinis
711 2413 1034 2467 quadringentis
1065 2412 1232 2454 circiter
1263 2411 1383 2454 annis
1413 2427 1436 2453 a
1461 2410 1645 2463 Christo,
1668 2410 1836 2452 Missa

267 2488 349 2530 dici
387 2487 540 2541 coepit,
577 2501 676 2538 non,
715 2487 763 2527 ut
801 2485 974 2538 quidam
1002 2486 1101 2538 post
1130 2483 1417 2526 Reuchlinum
1447 2484 1489 2524 et
1519 2481 1836 2524 Genebrardum

265 2560 411 2613 inepte
442 2559 494 2600 ab
524 2558 633 2601 Heb·
667 2561 736 2601 072
768 2556 912 2609 (mas)
941 2556 1164 2608 tributum,
1195 2555 1305 2596 unde
1336 2557 1444 2597 Πῡῒῦ
1480 2553 1680 2607 (missa)
1707 2552 1834 2595 Deut.

268 2632 330 2682 16,
372 2631 434 2673 11.
472 2631 516 2672 id
545 2633 620 2683 est,
652 2629 891 2681 oblatio,
923 2631 970 2670 ut
1008 2627 1060 2669 V.
1090 2626 1122 2669 I.
1153 2626 1219 2669 vel
1247 2625 1624 2677 sufficientia,
1654 2626 1702 2666 ut
1730 2623 1835 2678 Sep-

267 2703 465 2756 tuaginta
488 2702 751 2756 Interpretes
777 2702 951 2743 vertunt
976 2699 1103 2753 (quae
1128 2698 1272 2752 potius
1294 2712 1318 2739 a
1342 2699 1450 2740 Πῠῗύ
1486 2696 1695 2749 (massa)
1725 2698 1835 2738 ten-

268 2774 482 2816 tatione
512 2779 664 2827 nempe
694 2772 775 2814 Dei
802 2787 959 2814 nomen
987 2769 1215 2822 invenerit)
1241 2783 1379 2822 neque
1403 2769 1456 2810 ab
1483 2767 1690 2821 adjectivo
1715 2767 1838 2809 femi-

270 2845 371 2886 nino
412 2844 602 2897 Missa,
639 2845 800 2886 scilicet
839 2842 1056 2885 oblatione
1092 2841 1198 2894 Deo,
1236 2845 1285 2884 ut
1322 2843 1450 2896 vulgo
1488 2840 1726 2891 Pontificii3
1765 2841 1838 2882 sed

273 2917 538 2959 substantivo
583 2917 772 2968 Missa,
815 2930 894 2971 pro
937 2914 1137 2957 missione
1173 2913 1326 2969 posita,
1365 2915 1413 2954 ut
1451 2911 1641 2963 collecta,
1681 2910 1836 2963 oblata,

272 2986 459 3045 remissa,
500 2990 541 3029 et
580 2987 735 3030 similia
774 2987 1026 3030 Tertulliani
1065 3000 1168 3028 aevo
1207 3000 1286 3039 pro
1317 2984 1577 3036 collectione,
1608 2976 1836 3035 oblatione,
