<?xml version="1.0" encoding="UTF-8"?>
<!DOCTYPE html PUBLIC "-//W3C//DTD XHTML 1.0 Transitional//EN"
    "http://www.w3.org/TR/xhtml1/DTD/xhtml1-transitional.dtd">
<html xmlns="http://www.w3.org/1999/xhtml" xml:lang="en" lang="en">
 <head>
  <title>
</title>
<meta http-equiv="Content-Type" content="text/html;charset=utf-8" />
  <meta name='ocr-system' content='tesseract 3.04.00' />
  <meta name='ocr-capabilities' content='ocr_page ocr_carea ocr_par ocr_line ocrx_word'/>
</head>
<body>
  <div class='ocr_page' id='page_1' title='image "./synopsispurioris00poly_0429.png"; bbox 0 0 1931 3224; ppageno 0'>
   <div class='ocr_carea' id='block_1_1' title="bbox 513 135 1657 181">
    <p class='ocr_par' dir='ltr' id='par_1_1' title="bbox 513 135 1657 181">
     <span class='ocr_line' id='line_1_1' title="bbox 513 135 1657 181; baseline 0.003 -4"><span class='ocrx_word' id='word_1_1' title='bbox 513 135 577 177; x_wconf 72' lang='lat' dir='ltr'>Dn</span> <span class='ocrx_word' id='word_1_2' title='bbox 606 136 860 180; x_wconf 73' lang='lat' dir='ltr'>PURGATomo</span> <span class='ocrx_word' id='word_1_3' title='bbox 889 153 935 179; x_wconf 80' lang='lat' dir='ltr'>ET</span> <span class='ocrx_word' id='word_1_4' title='bbox 966 138 1256 180; x_wconf 75' lang='lat' dir='ltr'>INDULGEN&#39;ms.</span> <span class='ocrx_word' id='word_1_5' title='bbox 1578 140 1657 181; x_wconf 80' lang='lat'>409</span> 
     </span>
    </p>
   </div>
   <div class='ocr_carea' id='block_1_2' title="bbox 87 261 1658 3032">
    <p class='ocr_par' dir='ltr' id='par_1_2' title="bbox 92 261 1657 886">
     <span class='ocr_line' id='line_1_2' title="bbox 96 261 1656 318; baseline 0.003 -16"><span class='ocrx_word' id='word_1_6' title='bbox 96 261 430 303; x_wconf 86' lang='lat' dir='ltr'>sanctificatione</span> <span class='ocrx_word' id='word_1_7' title='bbox 469 264 510 303; x_wconf 92' lang='lat' dir='ltr'>et</span> <span class='ocrx_word' id='word_1_8' title='bbox 543 262 891 304; x_wconf 85' lang='lat' dir='ltr'>sanctificationis</span> <span class='ocrx_word' id='word_1_9' title='bbox 922 263 1139 318; x_wconf 70' lang='lat' dir='ltr'>operibus,</span> <span class='ocrx_word' id='word_1_10' title='bbox 1171 263 1304 316; x_wconf 84' lang='lat' dir='ltr'>deque</span> <span class='ocrx_word' id='word_1_11' title='bbox 1335 278 1432 305; x_wconf 89' lang='lat' dir='ltr'>vero</span> <span class='ocrx_word' id='word_1_12' title='bbox 1462 264 1656 317; x_wconf 86' lang='lat' dir='ltr'>Jejunio-</span> 
     </span>
     <span class='ocr_line' id='line_1_3' title="bbox 95 332 1656 387; baseline 0.003 -14"><span class='ocrx_word' id='word_1_13' title='bbox 95 347 201 384; x_wconf 91' lang='lat' dir='ltr'>rum,</span> <span class='ocrx_word' id='word_1_14' title='bbox 239 332 628 387; x_wconf 86' lang='lat' dir='ltr'>Eleemosynarum,</span> <span class='ocrx_word' id='word_1_15' title='bbox 668 336 709 375; x_wconf 91' lang='lat' dir='ltr'>et</span> <span class='ocrx_word' id='word_1_16' title='bbox 737 333 950 375; x_wconf 86' lang='lat' dir='ltr'>Votorum</span> <span class='ocrx_word' id='word_1_17' title='bbox 978 349 1068 386; x_wconf 86' lang='lat' dir='ltr'>usu,</span> <span class='ocrx_word' id='word_1_18' title='bbox 1100 334 1251 386; x_wconf 87' lang='lat' dir='ltr'>quibus</span> <span class='ocrx_word' id='word_1_19' title='bbox 1281 334 1514 376; x_wconf 87' lang='lat' dir='ltr'>abutuntur</span> <span class='ocrx_word' id='word_1_20' title='bbox 1543 335 1656 377; x_wconf 91' lang='lat' dir='ltr'>Pon-</span> 
     </span>
     <span class='ocr_line' id='line_1_4' title="bbox 94 403 1655 459; baseline 0.003 -15"><span class='ocrx_word' id='word_1_21' title='bbox 94 403 215 445; x_wconf 87' lang='lat' dir='ltr'>tificii</span> <span class='ocrx_word' id='word_1_22' title='bbox 258 404 309 445; x_wconf 87' lang='lat' dir='ltr'>ad</span> <span class='ocrx_word' id='word_1_23' title='bbox 350 404 624 446; x_wconf 86' lang='lat' dir='ltr'>stabiliendas</span> <span class='ocrx_word' id='word_1_24' title='bbox 666 407 784 446; x_wconf 82' lang='lat' dir='ltr'>extra</span> <span class='ocrx_word' id='word_1_25' title='bbox 827 405 1040 447; x_wconf 85' lang='lat' dir='ltr'>Christum</span> <span class='ocrx_word' id='word_1_26' title='bbox 1082 405 1393 448; x_wconf 85' lang='lat' dir='ltr'>satisfactiones</span> <span class='ocrx_word' id='word_1_27' title='bbox 1428 406 1655 459; x_wconf 83' lang='lat' dir='ltr'>humanas3</span> 
     </span>
     <span class='ocr_line' id='line_1_5' title="bbox 94 475 1657 531; baseline 0.002 -15"><span class='ocrx_word' id='word_1_28' title='bbox 94 475 246 517; x_wconf 84' lang='lat' dir='ltr'>merito</span> <span class='ocrx_word' id='word_1_29' title='bbox 271 476 566 517; x_wconf 87' lang='lat' dir='ltr'>subnectemus</span> <span class='ocrx_word' id='word_1_30' title='bbox 591 476 641 517; x_wconf 89' lang='lat' dir='ltr'>de</span> <span class='ocrx_word' id='word_1_31' title='bbox 665 476 923 530; x_wconf 85' lang='lat' dir='ltr'>Purgatorio</span> <span class='ocrx_word' id='word_1_32' title='bbox 949 480 990 519; x_wconf 92' lang='lat' dir='ltr'>et</span> <span class='ocrx_word' id='word_1_33' title='bbox 1014 477 1296 530; x_wconf 72' lang='lat' dir='ltr'>indulgentiis</span> <span class='ocrx_word' id='word_1_34' title='bbox 1323 477 1657 531; x_wconf 86' lang='lat' dir='ltr'>disputationem</span> 
     </span>
     <span class='ocr_line' id='line_1_6' title="bbox 95 545 1657 601; baseline 0.003 -15"><span class='ocrx_word' id='word_1_35' title='bbox 95 545 384 597; x_wconf 87' lang='lat' dir='ltr'>elenchticam,</span> <span class='ocrx_word' id='word_1_36' title='bbox 429 561 512 598; x_wconf 90' lang='lat' dir='ltr'>qua</span> <span class='ocrx_word' id='word_1_37' title='bbox 554 548 834 600; x_wconf 88' lang='lat' dir='ltr'>ostendemus,</span> <span class='ocrx_word' id='word_1_38' title='bbox 879 549 1063 590; x_wconf 89' lang='lat' dir='ltr'>ascititia</span> <span class='ocrx_word' id='word_1_39' title='bbox 1090 548 1194 590; x_wconf 89' lang='lat' dir='ltr'>haec</span> <span class='ocrx_word' id='word_1_40' title='bbox 1221 548 1445 590; x_wconf 87' lang='lat' dir='ltr'>hominum</span> <span class='ocrx_word' id='word_1_41' title='bbox 1472 549 1657 601; x_wconf 83' lang='lat' dir='ltr'>inventa,</span> 
     </span>
     <span class='ocr_line' id='line_1_7' title="bbox 93 617 1655 670; baseline 0.003 -12"><span class='ocrx_word' id='word_1_42' title='bbox 93 617 212 659; x_wconf 91' lang='lat' dir='ltr'>nullo</span> <span class='ocrx_word' id='word_1_43' title='bbox 251 617 385 659; x_wconf 86' lang='lat' dir='ltr'>solido</span> <span class='ocrx_word' id='word_1_44' title='bbox 423 617 699 660; x_wconf 86' lang='lat' dir='ltr'>fundamento</span> <span class='ocrx_word' id='word_1_45' title='bbox 736 619 875 670; x_wconf 89' lang='lat' dir='ltr'>inniti,</span> <span class='ocrx_word' id='word_1_46' title='bbox 910 620 983 661; x_wconf 90' lang='lat' dir='ltr'>sed</span> <span class='ocrx_word' id='word_1_47' title='bbox 1017 619 1174 661; x_wconf 87' lang='lat' dir='ltr'>Christi</span> <span class='ocrx_word' id='word_1_48' title='bbox 1202 620 1365 662; x_wconf 89' lang='lat' dir='ltr'>meritis</span> <span class='ocrx_word' id='word_1_49' title='bbox 1394 622 1435 662; x_wconf 89' lang='lat' dir='ltr'>et</span> <span class='ocrx_word' id='word_1_50' title='bbox 1463 621 1655 663; x_wconf 86' lang='lat' dir='ltr'>satisfac-</span> 
     </span>
     <span class='ocr_line' id='line_1_8' title="bbox 92 689 1656 746; baseline 0.002 -15"><span class='ocrx_word' id='word_1_51' title='bbox 92 690 201 732; x_wconf 91' lang='lat' dir='ltr'>tioni</span> <span class='ocrx_word' id='word_1_52' title='bbox 228 689 376 732; x_wconf 88' lang='lat' dir='ltr'>unicae</span> <span class='ocrx_word' id='word_1_53' title='bbox 406 689 642 741; x_wconf 70' lang='lat' dir='ltr'>detrahere,</span> <span class='ocrx_word' id='word_1_54' title='bbox 673 692 714 731; x_wconf 93' lang='grc'>613</span> <span class='ocrx_word' id='word_1_55' title='bbox 742 689 960 732; x_wconf 79' lang='lat' dir='ltr'>Ecclesiae</span> <span class='ocrx_word' id='word_1_56' title='bbox 988 690 1070 732; x_wconf 94' lang='lat' dir='ltr'>Dei</span> <span class='ocrx_word' id='word_1_57' title='bbox 1098 692 1253 744; x_wconf 86' lang='lat' dir='ltr'>injuria</span> <span class='ocrx_word' id='word_1_58' title='bbox 1277 705 1388 743; x_wconf 82' lang='lat' dir='ltr'>esse3</span> <span class='ocrx_word' id='word_1_59' title='bbox 1416 693 1534 745; x_wconf 87' lang='lat' dir='ltr'>cujus</span> <span class='ocrx_word' id='word_1_60' title='bbox 1559 708 1656 746; x_wconf 90' lang='lat' dir='ltr'>par-</span> 
     </span>
     <span class='ocr_line' id='line_1_9' title="bbox 92 761 1657 816; baseline 0.001 -13"><span class='ocrx_word' id='word_1_61' title='bbox 92 765 179 804; x_wconf 89' lang='lat' dir='ltr'>tem</span> <span class='ocrx_word' id='word_1_62' title='bbox 216 776 356 813; x_wconf 89' lang='lat' dir='ltr'>unam,</span> <span class='ocrx_word' id='word_1_63' title='bbox 396 776 572 814; x_wconf 90' lang='lat' dir='ltr'>eamque</span> <span class='ocrx_word' id='word_1_64' title='bbox 612 775 697 803; x_wconf 92' lang='lat' dir='ltr'>non</span> <span class='ocrx_word' id='word_1_65' title='bbox 724 761 924 813; x_wconf 90' lang='lat' dir='ltr'>infimam,</span> <span class='ocrx_word' id='word_1_66' title='bbox 956 763 1069 815; x_wconf 87' lang='lat' dir='ltr'>apud</span> <span class='ocrx_word' id='word_1_67' title='bbox 1095 762 1254 804; x_wconf 89' lang='lat' dir='ltr'>inferos</span> <span class='ocrx_word' id='word_1_68' title='bbox 1284 763 1336 804; x_wconf 90' lang='lat' dir='ltr'>ad</span> <span class='ocrx_word' id='word_1_69' title='bbox 1366 765 1534 816; x_wconf 90' lang='lat' dir='ltr'>tempus</span> <span class='ocrx_word' id='word_1_70' title='bbox 1564 779 1657 806; x_wconf 91' lang='lat' dir='ltr'>cru-</span> 
     </span>
     <span class='ocr_line' id='line_1_10' title="bbox 92 828 404 886; baseline -0.003 -11"><span class='ocrx_word' id='word_1_71' title='bbox 92 828 196 875; x_wconf 82' lang='lat' dir='ltr'>ciari</span> <span class='ocrx_word' id='word_1_72' title='bbox 224 833 404 886; x_wconf 89' lang='lat' dir='ltr'>fingunt.</span> 
     </span>
    </p>

    <p class='ocr_par' dir='ltr' id='par_1_3' title="bbox 87 902 1657 1601">
     <span class='ocr_line' id='line_1_11' title="bbox 144 902 1657 959; baseline 0.002 -14"><span class='ocrx_word' id='word_1_73' title='bbox 144 902 196 945; x_wconf 93' lang='grc' dir='ltr'>Π.</span> <span class='ocrx_word' id='word_1_74' title='bbox 240 902 307 945; x_wconf 85' lang='grc' dir='ltr'>Ν6</span> <span class='ocrx_word' id='word_1_75' title='bbox 350 906 491 945; x_wconf 89' lang='lat' dir='ltr'>autem</span> <span class='ocrx_word' id='word_1_76' title='bbox 535 903 786 945; x_wconf 84' lang='lat' dir='ltr'>adversariis</span> <span class='ocrx_word' id='word_1_77' title='bbox 826 903 985 956; x_wconf 88' lang='lat' dir='ltr'>aliquid</span> <span class='ocrx_word' id='word_1_78' title='bbox 1025 904 1074 946; x_wconf 90' lang='lat' dir='ltr'>de</span> <span class='ocrx_word' id='word_1_79' title='bbox 1112 907 1259 947; x_wconf 90' lang='lat' dir='ltr'>nostro</span> <span class='ocrx_word' id='word_1_80' title='bbox 1300 905 1567 959; x_wconf 85' lang='lat' dir='ltr'>affingamus,</span> <span class='ocrx_word' id='word_1_81' title='bbox 1606 921 1657 948; x_wconf 82' lang='lat' dir='ltr'>ex</span> 
     </span>
     <span class='ocr_line' id='line_1_12' title="bbox 92 974 1657 1030; baseline 0.003 -14"><span class='ocrx_word' id='word_1_82' title='bbox 92 989 237 1017; x_wconf 89' lang='lat' dir='ltr'>eorum</span> <span class='ocrx_word' id='word_1_83' title='bbox 261 974 429 1028; x_wconf 89' lang='lat' dir='ltr'>scriptis</span> <span class='ocrx_word' id='word_1_84' title='bbox 455 974 640 1028; x_wconf 89' lang='lat' dir='ltr'>primum</span> <span class='ocrx_word' id='word_1_85' title='bbox 666 989 924 1029; x_wconf 83' lang='lat' dir='ltr'>exponemus</span> <span class='ocrx_word' id='word_1_86' title='bbox 950 976 1263 1017; x_wconf 85' lang='lat' dir='ltr'>controversiae</span> <span class='ocrx_word' id='word_1_87' title='bbox 1291 978 1463 1029; x_wconf 89' lang='lat' dir='ltr'>statum,</span> <span class='ocrx_word' id='word_1_88' title='bbox 1488 980 1529 1019; x_wconf 89' lang='lat' dir='ltr'>et</span> <span class='ocrx_word' id='word_1_89' title='bbox 1550 993 1657 1030; x_wconf 87' lang='lat' dir='ltr'>quae</span> 
     </span>
     <span class='ocr_line' id='line_1_13' title="bbox 91 1045 1656 1101; baseline 0.001 -13"><span class='ocrx_word' id='word_1_90' title='bbox 91 1046 202 1101; x_wconf 86' lang='lat' dir='ltr'>apud</span> <span class='ocrx_word' id='word_1_91' title='bbox 231 1061 302 1088; x_wconf 88' lang='lat' dir='ltr'>eos</span> <span class='ocrx_word' id='word_1_92' title='bbox 332 1049 447 1088; x_wconf 88' lang='lat' dir='ltr'>certa</span> <span class='ocrx_word' id='word_1_93' title='bbox 476 1048 518 1088; x_wconf 92' lang='lat' dir='ltr'>et</span> <span class='ocrx_word' id='word_1_94' title='bbox 547 1046 596 1087; x_wconf 91' lang='lat' dir='ltr'>de</span> <span class='ocrx_word' id='word_1_95' title='bbox 624 1045 705 1087; x_wconf 90' lang='lat' dir='ltr'>fide</span> <span class='ocrx_word' id='word_1_96' title='bbox 733 1045 957 1098; x_wconf 82' lang='lat' dir='ltr'>habentur,</span> <span class='ocrx_word' id='word_1_97' title='bbox 990 1061 1014 1087; x_wconf 91' lang='lat' dir='ltr'>a</span> <span class='ocrx_word' id='word_1_98' title='bbox 1042 1046 1180 1088; x_wconf 88' lang='lat' dir='ltr'>minus</span> <span class='ocrx_word' id='word_1_99' title='bbox 1211 1047 1336 1089; x_wconf 84' lang='lat' dir='ltr'>certis</span> <span class='ocrx_word' id='word_1_100' title='bbox 1361 1050 1402 1089; x_wconf 90' lang='lat' dir='ltr'>et</span> <span class='ocrx_word' id='word_1_101' title='bbox 1428 1049 1478 1090; x_wconf 89' lang='lat' dir='ltr'>de</span> <span class='ocrx_word' id='word_1_102' title='bbox 1504 1048 1656 1101; x_wconf 87' lang='lat' dir='ltr'>quibus</span> 
     </span>
     <span class='ocr_line' id='line_1_14' title="bbox 90 1117 1657 1171; baseline 0.002 -12"><span class='ocrx_word' id='word_1_103' title='bbox 90 1117 343 1171; x_wconf 84' lang='lat' dir='ltr'>disputatur,</span> <span class='ocrx_word' id='word_1_104' title='bbox 374 1117 705 1170; x_wconf 81' lang='lat' dir='ltr'>distinguentes3</span> <span class='ocrx_word' id='word_1_105' title='bbox 736 1117 935 1159; x_wconf 87' lang='lat' dir='ltr'>adversus</span> <span class='ocrx_word' id='word_1_106' title='bbox 963 1117 1038 1159; x_wconf 88' lang='lat' dir='ltr'>illa</span> <span class='ocrx_word' id='word_1_107' title='bbox 1066 1118 1318 1171; x_wconf 88' lang='lat' dir='ltr'>praesertim</span> <span class='ocrx_word' id='word_1_108' title='bbox 1349 1119 1535 1161; x_wconf 83' lang='lat' dir='ltr'>rationes</span> <span class='ocrx_word' id='word_1_109' title='bbox 1559 1135 1657 1162; x_wconf 91' lang='lat' dir='ltr'>nos-</span> 
     </span>
     <span class='ocr_line' id='line_1_15' title="bbox 89 1188 1657 1246; baseline 0.001 -14"><span class='ocrx_word' id='word_1_110' title='bbox 89 1192 177 1232; x_wconf 90' lang='lat' dir='ltr'>tras</span> <span class='ocrx_word' id='word_1_111' title='bbox 216 1189 458 1243; x_wconf 77' lang='lat' dir='ltr'>dirigemus.</span> <span class='ocrx_word' id='word_1_112' title='bbox 495 1188 565 1231; x_wconf 84' lang='lat' dir='ltr'>Sic</span> <span class='ocrx_word' id='word_1_113' title='bbox 603 1189 714 1230; x_wconf 89' lang='lat' dir='ltr'>enim</span> <span class='ocrx_word' id='word_1_114' title='bbox 752 1188 835 1242; x_wconf 90' lang='lat' dir='ltr'>ipsi</span> <span class='ocrx_word' id='word_1_115' title='bbox 871 1192 1057 1241; x_wconf 85' lang='lat' dir='ltr'>monent,</span> <span class='ocrx_word' id='word_1_116' title='bbox 1090 1190 1349 1242; x_wconf 84' lang='lat' dir='ltr'>quaedam</span> <span class='ocrx_word' id='word_1_117' title='bbox 1378 1205 1492 1233; x_wconf 89' lang='lat' dir='ltr'>esse</span> <span class='ocrx_word' id='word_1_118' title='bbox 1535 1191 1596 1233; x_wconf 89' lang='lat' dir='ltr'>do</span> <span class='ocrx_word' id='word_1_119' title='bbox 1608 1207 1657 1246; x_wconf 92' lang='lat' dir='ltr'>g-</span> 
     </span>
     <span class='ocr_line' id='line_1_16' title="bbox 87 1261 1657 1317; baseline 0.002 -14"><span class='ocrx_word' id='word_1_120' title='bbox 87 1263 230 1303; x_wconf 87' lang='lat' dir='ltr'>mata</span> <span class='ocrx_word' id='word_1_121' title='bbox 268 1261 327 1302; x_wconf 93' lang='lat' dir='ltr'>de</span> <span class='ocrx_word' id='word_1_122' title='bbox 364 1261 697 1315; x_wconf 88' lang='lat' dir='ltr'>purgatorio</span> <span class='ocrx_word' id='word_1_123' title='bbox 735 1261 906 1314; x_wconf 87' lang='lat' dir='ltr'>magis</span> <span class='ocrx_word' id='word_1_124' title='bbox 945 1263 1035 1302; x_wconf 87' lang='lat' dir='ltr'>aut</span> <span class='ocrx_word' id='word_1_125' title='bbox 1067 1262 1241 1303; x_wconf 83' lang='lat' dir='ltr'>minus</span> <span class='ocrx_word' id='word_1_126' title='bbox 1273 1265 1439 1316; x_wconf 88' lang='lat' dir='ltr'>certa,</span> <span class='ocrx_word' id='word_1_127' title='bbox 1471 1279 1604 1317; x_wconf 89' lang='lat' dir='ltr'>quae</span> <span class='ocrx_word' id='word_1_128' title='bbox 1633 1280 1657 1306; x_wconf 92' lang='lat' dir='ltr'>a</span> 
     </span>
     <span class='ocr_line' id='line_1_17' title="bbox 89 1333 1656 1386; baseline 0.003 -12"><span class='ocrx_word' id='word_1_129' title='bbox 89 1333 202 1374; x_wconf 89' lang='lat' dir='ltr'>suis</span> <span class='ocrx_word' id='word_1_130' title='bbox 239 1335 509 1384; x_wconf 90' lang='lat' dir='ltr'>tenentur,</span> <span class='ocrx_word' id='word_1_131' title='bbox 548 1347 682 1385; x_wconf 90' lang='lat' dir='ltr'>quae</span> <span class='ocrx_word' id='word_1_132' title='bbox 715 1347 819 1374; x_wconf 90' lang='lat' dir='ltr'>non</span> <span class='ocrx_word' id='word_1_133' title='bbox 856 1333 1084 1386; x_wconf 86' lang='lat' dir='ltr'>perinde</span> <span class='ocrx_word' id='word_1_134' title='bbox 1126 1333 1474 1386; x_wconf 90' lang='lat' dir='ltr'>quibuslibet</span> <span class='ocrx_word' id='word_1_135' title='bbox 1502 1337 1656 1378; x_wconf 90' lang='lat' dir='ltr'>testi-</span> 
     </span>
     <span class='ocr_line' id='line_1_18' title="bbox 88 1403 1656 1458; baseline 0.003 -13"><span class='ocrx_word' id='word_1_136' title='bbox 88 1403 286 1446; x_wconf 88' lang='lat' dir='ltr'>moniis</span> <span class='ocrx_word' id='word_1_137' title='bbox 315 1406 364 1445; x_wconf 90' lang='lat' dir='ltr'>et</span> <span class='ocrx_word' id='word_1_138' title='bbox 394 1404 735 1457; x_wconf 72' lang='lat' dir='ltr'>argumentis</span> <span class='ocrx_word' id='word_1_139' title='bbox 765 1404 927 1445; x_wconf 88' lang='lat' dir='ltr'>simul</span> <span class='ocrx_word' id='word_1_140' title='bbox 957 1403 1377 1458; x_wconf 74' lang='lat' dir='ltr'>confirmantur,</span> <span class='ocrx_word' id='word_1_141' title='bbox 1413 1407 1503 1448; x_wconf 87' lang='lat' dir='ltr'>sed</span> <span class='ocrx_word' id='word_1_142' title='bbox 1531 1407 1656 1449; x_wconf 87' lang='lat' dir='ltr'>aliis</span> 
     </span>
     <span class='ocr_line' id='line_1_19' title="bbox 89 1474 1654 1531; baseline 0.002 -14"><span class='ocrx_word' id='word_1_143' title='bbox 89 1477 253 1528; x_wconf 87' lang='lat' dir='ltr'>atque</span> <span class='ocrx_word' id='word_1_144' title='bbox 292 1475 431 1518; x_wconf 89' lang='lat' dir='ltr'>aliis.</span> <span class='ocrx_word' id='word_1_145' title='bbox 467 1474 592 1528; x_wconf 81' lang='lat' dir='ltr'>Greg.</span> <span class='ocrx_word' id='word_1_146' title='bbox 623 1475 672 1517; x_wconf 89' lang='lat' dir='ltr'>de</span> <span class='ocrx_word' id='word_1_147' title='bbox 701 1474 795 1517; x_wconf 80' lang='lat' dir='ltr'>Val.</span> <span class='ocrx_word' id='word_1_148' title='bbox 826 1474 870 1516; x_wconf 92' lang='lat' dir='ltr'>in</span> <span class='ocrx_word' id='word_1_149' title='bbox 898 1476 934 1517; x_wconf 80' lang='lat'>3.</span> <span class='ocrx_word' id='word_1_150' title='bbox 965 1477 1075 1529; x_wconf 84' lang='lat' dir='ltr'>part.</span> <span class='ocrx_word' id='word_1_151' title='bbox 1107 1475 1258 1518; x_wconf 87' lang='lat' dir='ltr'>Thom.</span> <span class='ocrx_word' id='word_1_152' title='bbox 1288 1476 1397 1530; x_wconf 88' lang='lat' dir='ltr'>disp.</span> <span class='ocrx_word' id='word_1_153' title='bbox 1428 1478 1488 1519; x_wconf 88' lang='grc'>11.</span> <span class='ocrx_word' id='word_1_154' title='bbox 1521 1493 1589 1531; x_wconf 90' lang='lat' dir='ltr'>qu.</span> <span class='ocrx_word' id='word_1_155' title='bbox 1620 1479 1654 1520; x_wconf 90' lang='lat'>1.</span> 
     </span>
     <span class='ocr_line' id='line_1_20' title="bbox 89 1546 433 1601; baseline -0.003 -13"><span class='ocrx_word' id='word_1_156' title='bbox 89 1549 232 1600; x_wconf 89' lang='lat' dir='ltr'>punct.</span> <span class='ocrx_word' id='word_1_157' title='bbox 265 1547 300 1588; x_wconf 91' lang='lat'>1.</span> <span class='ocrx_word' id='word_1_158' title='bbox 330 1546 367 1601; x_wconf 57' lang='lat' dir='ltr'>{u</span> <span class='ocrx_word' id='word_1_159' title='bbox 395 1547 433 1588; x_wconf 78' lang='lat'>4.</span> 
     </span>
    </p>

    <p class='ocr_par' dir='ltr' id='par_1_4' title="bbox 89 1616 1657 2316">
     <span class='ocr_line' id='line_1_21' title="bbox 143 1616 1656 1673; baseline 0.004 -15"><span class='ocrx_word' id='word_1_160' title='bbox 143 1616 218 1659; x_wconf 91' lang='grc' dir='ltr'>ΙΠ.</span> <span class='ocrx_word' id='word_1_161' title='bbox 256 1617 339 1661; x_wconf 82' lang='lat' dir='ltr'>Sed</span> <span class='ocrx_word' id='word_1_162' title='bbox 376 1619 558 1672; x_wconf 87' lang='lat' dir='ltr'>primam</span> <span class='ocrx_word' id='word_1_163' title='bbox 596 1621 637 1660; x_wconf 93' lang='lat' dir='ltr'>et</span> <span class='ocrx_word' id='word_1_164' title='bbox 670 1619 944 1673; x_wconf 88' lang='lat' dir='ltr'>praecipuam</span> <span class='ocrx_word' id='word_1_165' title='bbox 970 1620 1192 1661; x_wconf 89' lang='lat' dir='ltr'>notionem</span> <span class='ocrx_word' id='word_1_166' title='bbox 1219 1619 1403 1661; x_wconf 89' lang='lat' dir='ltr'>nominis</span> <span class='ocrx_word' id='word_1_167' title='bbox 1428 1621 1538 1663; x_wconf 88' lang='lat' dir='ltr'>hanc</span> <span class='ocrx_word' id='word_1_168' title='bbox 1568 1637 1656 1664; x_wconf 84' lang='lat' dir='ltr'>esse</span> 
     </span>
     <span class='ocr_line' id='line_1_22' title="bbox 90 1690 1657 1745; baseline 0.003 -15"><span class='ocrx_word' id='word_1_169' title='bbox 90 1691 296 1742; x_wconf 84' lang='lat' dir='ltr'>statuunt,</span> <span class='ocrx_word' id='word_1_170' title='bbox 323 1690 552 1731; x_wconf 88' lang='lat' dir='ltr'>secundum</span> <span class='ocrx_word' id='word_1_171' title='bbox 577 1705 704 1743; x_wconf 89' lang='lat' dir='ltr'>quam</span> <span class='ocrx_word' id='word_1_172' title='bbox 727 1690 1027 1743; x_wconf 87' lang='lat' dir='ltr'>purgatorium</span> <span class='ocrx_word' id='word_1_173' title='bbox 1056 1706 1145 1733; x_wconf 89' lang='lat' dir='ltr'>esse</span> <span class='ocrx_word' id='word_1_174' title='bbox 1162 1706 1295 1743; x_wconf 90' lang='lat' dir='ltr'>aeque</span> <span class='ocrx_word' id='word_1_175' title='bbox 1311 1692 1485 1745; x_wconf 88' lang='lat' dir='ltr'>probari</span> <span class='ocrx_word' id='word_1_176' title='bbox 1501 1694 1657 1745; x_wconf 89' lang='lat' dir='ltr'>putant</span> 
     </span>
     <span class='ocr_line' id='line_1_23' title="bbox 89 1760 1656 1817; baseline 0.002 -14"><span class='ocrx_word' id='word_1_177' title='bbox 89 1760 347 1804; x_wconf 83' lang='lat' dir='ltr'>testimoniis</span> <span class='ocrx_word' id='word_1_178' title='bbox 377 1775 485 1814; x_wconf 89' lang='lat' dir='ltr'>quae</span> <span class='ocrx_word' id='word_1_179' title='bbox 514 1761 655 1803; x_wconf 85' lang='lat' dir='ltr'>afferri</span> <span class='ocrx_word' id='word_1_180' title='bbox 684 1761 823 1804; x_wconf 83' lang='lat' dir='ltr'>solent</span> <span class='ocrx_word' id='word_1_181' title='bbox 851 1762 919 1803; x_wconf 85' lang='lat' dir='ltr'>vel</span> <span class='ocrx_word' id='word_1_182' title='bbox 943 1777 993 1803; x_wconf 81' lang='lat' dir='ltr'>ex</span> <span class='ocrx_word' id='word_1_183' title='bbox 1018 1761 1252 1816; x_wconf 80' lang='lat' dir='ltr'>Scriptura,</span> <span class='ocrx_word' id='word_1_184' title='bbox 1277 1763 1343 1805; x_wconf 86' lang='lat' dir='ltr'>vel</span> <span class='ocrx_word' id='word_1_185' title='bbox 1368 1778 1418 1804; x_wconf 84' lang='lat' dir='ltr'>ex</span> <span class='ocrx_word' id='word_1_186' title='bbox 1441 1763 1656 1817; x_wconf 86' lang='lat' dir='ltr'>Patribus,</span> 
     </span>
     <span class='ocr_line' id='line_1_24' title="bbox 89 1832 1656 1887; baseline 0.001 -12"><span class='ocrx_word' id='word_1_187' title='bbox 89 1833 156 1875; x_wconf 86' lang='lat' dir='ltr'>vel</span> <span class='ocrx_word' id='word_1_188' title='bbox 193 1848 244 1874; x_wconf 82' lang='lat' dir='ltr'>ex</span> <span class='ocrx_word' id='word_1_189' title='bbox 283 1832 599 1874; x_wconf 89' lang='lat' dir='ltr'>definitionibus</span> <span class='ocrx_word' id='word_1_190' title='bbox 637 1832 972 1884; x_wconf 78' lang='lat' dir='ltr'>Ecclesiasticis3</span> <span class='ocrx_word' id='word_1_191' title='bbox 1004 1849 1087 1886; x_wconf 87' lang='lat' dir='ltr'>qua</span> <span class='ocrx_word' id='word_1_192' title='bbox 1116 1833 1364 1887; x_wconf 88' lang='lat' dir='ltr'>intelligunt</span> <span class='ocrx_word' id='word_1_193' title='bbox 1392 1834 1552 1877; x_wconf 89' lang='lat' dir='ltr'>Locum</span> <span class='ocrx_word' id='word_1_194' title='bbox 1580 1835 1656 1877; x_wconf 90' lang='lat' dir='ltr'>ali-</span> 
     </span>
     <span class='ocr_line' id='line_1_25' title="bbox 91 1905 1657 1959; baseline 0.003 -13"><span class='ocrx_word' id='word_1_195' title='bbox 91 1918 229 1958; x_wconf 88' lang='lat' dir='ltr'>quem,</span> <span class='ocrx_word' id='word_1_196' title='bbox 246 1919 330 1958; x_wconf 89' lang='lat' dir='ltr'>quo</span> <span class='ocrx_word' id='word_1_197' title='bbox 346 1906 445 1959; x_wconf 89' lang='lat' dir='ltr'>post</span> <span class='ocrx_word' id='word_1_198' title='bbox 459 1907 652 1957; x_wconf 88' lang='lat' dir='ltr'>mortem,</span> <span class='ocrx_word' id='word_1_199' title='bbox 665 1919 810 1946; x_wconf 90' lang='lat' dir='ltr'>eorum</span> <span class='ocrx_word' id='word_1_200' title='bbox 825 1905 1013 1947; x_wconf 88' lang='lat' dir='ltr'>fidelium</span> <span class='ocrx_word' id='word_1_201' title='bbox 1029 1906 1207 1958; x_wconf 87' lang='lat' dir='ltr'>animae,</span> <span class='ocrx_word' id='word_1_202' title='bbox 1222 1921 1329 1959; x_wconf 89' lang='lat' dir='ltr'>quae</span> <span class='ocrx_word' id='word_1_203' title='bbox 1344 1907 1411 1949; x_wconf 86' lang='lat' dir='ltr'>vel</span> <span class='ocrx_word' id='word_1_204' title='bbox 1427 1907 1657 1950; x_wconf 83' lang='lat' dir='ltr'>obstrictae</span> 
     </span>
     <span class='ocr_line' id='line_1_26' title="bbox 91 1976 1656 2033; baseline 0.002 -15"><span class='ocrx_word' id='word_1_205' title='bbox 91 1976 229 2018; x_wconf 89' lang='lat' dir='ltr'>adhuc</span> <span class='ocrx_word' id='word_1_206' title='bbox 256 1978 377 2018; x_wconf 87' lang='lat' dir='ltr'>reatu</span> <span class='ocrx_word' id='word_1_207' title='bbox 401 1976 576 2030; x_wconf 86' lang='lat' dir='ltr'>alicujus</span> <span class='ocrx_word' id='word_1_208' title='bbox 600 1976 850 2030; x_wconf 87' lang='lat' dir='ltr'>temporalis</span> <span class='ocrx_word' id='word_1_209' title='bbox 873 1991 1048 2030; x_wconf 85' lang='lat' dir='ltr'>poenae,</span> <span class='ocrx_word' id='word_1_210' title='bbox 1074 1978 1141 2019; x_wconf 86' lang='lat' dir='ltr'>vel</span> <span class='ocrx_word' id='word_1_211' title='bbox 1166 1978 1295 2019; x_wconf 88' lang='lat' dir='ltr'>etiam</span> <span class='ocrx_word' id='word_1_212' title='bbox 1322 1978 1533 2031; x_wconf 85' lang='lat' dir='ltr'>aliquibus</span> <span class='ocrx_word' id='word_1_213' title='bbox 1557 1994 1656 2033; x_wconf 88' lang='lat' dir='ltr'>pec-</span> 
     </span>
     <span class='ocr_line' id='line_1_27' title="bbox 92 2047 1656 2103; baseline 0.002 -14"><span class='ocrx_word' id='word_1_214' title='bbox 92 2048 197 2090; x_wconf 89' lang='lat' dir='ltr'>catis</span> <span class='ocrx_word' id='word_1_215' title='bbox 226 2047 554 2100; x_wconf 87' lang='lat' dir='ltr'>venialibus,</span> <span class='ocrx_word' id='word_1_216' title='bbox 588 2063 637 2090; x_wconf 85' lang='lat' dir='ltr'>ex</span> <span class='ocrx_word' id='word_1_217' title='bbox 666 2063 846 2102; x_wconf 87' lang='lat' dir='ltr'>corpore</span> <span class='ocrx_word' id='word_1_218' title='bbox 875 2049 1178 2102; x_wconf 83' lang='lat' dir='ltr'>migraverunt,</span> <span class='ocrx_word' id='word_1_219' title='bbox 1210 2050 1439 2091; x_wconf 88' lang='lat' dir='ltr'>secundum</span> <span class='ocrx_word' id='word_1_220' title='bbox 1463 2050 1656 2103; x_wconf 86' lang='lat' dir='ltr'>justitiae</span> 
     </span>
     <span class='ocr_line' id='line_1_28' title="bbox 93 2118 1657 2175; baseline 0.002 -15"><span class='ocrx_word' id='word_1_221' title='bbox 93 2118 258 2161; x_wconf 86' lang='lat' dir='ltr'>divinae</span> <span class='ocrx_word' id='word_1_222' title='bbox 295 2119 506 2161; x_wconf 89' lang='lat' dir='ltr'>rationem</span> <span class='ocrx_word' id='word_1_223' title='bbox 543 2118 805 2171; x_wconf 81' lang='lat' dir='ltr'>cruciantur3</span> <span class='ocrx_word' id='word_1_224' title='bbox 840 2120 982 2172; x_wconf 87' lang='lat' dir='ltr'>quoad</span> <span class='ocrx_word' id='word_1_225' title='bbox 1011 2120 1180 2174; x_wconf 87' lang='lat' dir='ltr'>penitus</span> <span class='ocrx_word' id='word_1_226' title='bbox 1211 2120 1263 2162; x_wconf 90' lang='lat' dir='ltr'>ab</span> <span class='ocrx_word' id='word_1_227' title='bbox 1292 2120 1535 2173; x_wconf 89' lang='lat' dir='ltr'>hujusmodi</span> <span class='ocrx_word' id='word_1_228' title='bbox 1563 2137 1657 2175; x_wconf 88' lang='lat' dir='ltr'>pec-</span> 
     </span>
     <span class='ocr_line' id='line_1_29' title="bbox 93 2189 1656 2246; baseline 0.002 -15"><span class='ocrx_word' id='word_1_229' title='bbox 93 2189 198 2232; x_wconf 88' lang='lat' dir='ltr'>catis</span> <span class='ocrx_word' id='word_1_230' title='bbox 236 2190 443 2244; x_wconf 84' lang='lat' dir='ltr'>expiatae,</span> <span class='ocrx_word' id='word_1_231' title='bbox 480 2190 790 2232; x_wconf 86' lang='lat' dir='ltr'>beatitudinem</span> <span class='ocrx_word' id='word_1_232' title='bbox 829 2191 1055 2233; x_wconf 89' lang='lat' dir='ltr'>coelestem</span> <span class='ocrx_word' id='word_1_233' title='bbox 1086 2192 1289 2245; x_wconf 90' lang='lat' dir='ltr'>consequi</span> <span class='ocrx_word' id='word_1_234' title='bbox 1317 2192 1498 2234; x_wconf 80' lang='lat' dir='ltr'>valeant.</span> <span class='ocrx_word' id='word_1_235' title='bbox 1530 2192 1656 2246; x_wconf 80' lang='lat' dir='ltr'>Greg.</span> 
     </span>
     <span class='ocr_line' id='line_1_30' title="bbox 94 2260 1255 2316; baseline 0.001 -13"><span class='ocrx_word' id='word_1_236' title='bbox 94 2261 143 2303; x_wconf 92' lang='lat' dir='ltr'>de</span> <span class='ocrx_word' id='word_1_237' title='bbox 171 2260 341 2303; x_wconf 86' lang='lat' dir='ltr'>Valent.</span> <span class='ocrx_word' id='word_1_238' title='bbox 370 2261 471 2303; x_wconf 90' lang='lat' dir='ltr'>ibid.</span> <span class='ocrx_word' id='word_1_239' title='bbox 500 2260 698 2303; x_wconf 84' lang='lat' dir='ltr'>Bellarm.</span> <span class='ocrx_word' id='word_1_240' title='bbox 728 2261 818 2304; x_wconf 84' lang='lat' dir='ltr'>Lib.</span> <span class='ocrx_word' id='word_1_241' title='bbox 848 2263 884 2303; x_wconf 82' lang='lat'>2.</span> <span class='ocrx_word' id='word_1_242' title='bbox 917 2262 967 2304; x_wconf 93' lang='lat' dir='ltr'>de</span> <span class='ocrx_word' id='word_1_243' title='bbox 996 2262 1126 2316; x_wconf 87' lang='lat' dir='ltr'>Purg.</span> <span class='ocrx_word' id='word_1_244' title='bbox 1157 2277 1190 2304; x_wconf 89' lang='lat' dir='ltr'>c.</span> <span class='ocrx_word' id='word_1_245' title='bbox 1221 2263 1255 2304; x_wconf 86' lang='lat' dir='ltr'>l.</span> 
     </span>
    </p>

    <p class='ocr_par' dir='ltr' id='par_1_5' title="bbox 94 2331 1658 3032">
     <span class='ocr_line' id='line_1_31' title="bbox 146 2331 1656 2389; baseline 0.002 -16"><span class='ocrx_word' id='word_1_246' title='bbox 146 2331 219 2373; x_wconf 88' lang='lat' dir='ltr'>IV.</span> <span class='ocrx_word' id='word_1_247' title='bbox 245 2331 421 2374; x_wconf 86' lang='lat' dir='ltr'>Omissis</span> <span class='ocrx_word' id='word_1_248' title='bbox 443 2332 576 2385; x_wconf 87' lang='lat' dir='ltr'>igitur</span> <span class='ocrx_word' id='word_1_249' title='bbox 601 2333 897 2375; x_wconf 87' lang='lat' dir='ltr'>controversiis</span> <span class='ocrx_word' id='word_1_250' title='bbox 922 2333 1035 2387; x_wconf 88' lang='lat' dir='ltr'>apud</span> <span class='ocrx_word' id='word_1_251' title='bbox 1058 2334 1176 2388; x_wconf 90' lang='lat' dir='ltr'>ipsos</span> <span class='ocrx_word' id='word_1_252' title='bbox 1200 2333 1451 2377; x_wconf 89' lang='lat' dir='ltr'>Pontificios</span> <span class='ocrx_word' id='word_1_253' title='bbox 1468 2334 1656 2389; x_wconf 81' lang='lat' dir='ltr'>agitatis,</span> 
     </span>
     <span class='ocr_line' id='line_1_32' title="bbox 95 2402 1658 2458; baseline 0.003 -13"><span class='ocrx_word' id='word_1_254' title='bbox 95 2403 145 2445; x_wconf 94' lang='lat' dir='ltr'>de</span> <span class='ocrx_word' id='word_1_255' title='bbox 184 2402 323 2446; x_wconf 90' lang='lat' dir='ltr'>Loco</span> <span class='ocrx_word' id='word_1_256' title='bbox 354 2404 694 2457; x_wconf 87' lang='lat' dir='ltr'>purgatorii,</span> <span class='ocrx_word' id='word_1_257' title='bbox 725 2405 775 2447; x_wconf 91' lang='lat' dir='ltr'>de</span> <span class='ocrx_word' id='word_1_258' title='bbox 805 2420 888 2458; x_wconf 90' lang='lat' dir='ltr'>quo</span> <span class='ocrx_word' id='word_1_259' title='bbox 921 2405 999 2447; x_wconf 91' lang='lat' dir='ltr'>etsi</span> <span class='ocrx_word' id='word_1_260' title='bbox 1028 2406 1245 2448; x_wconf 84' lang='lat' dir='ltr'>fateantur</span> <span class='ocrx_word' id='word_1_261' title='bbox 1273 2407 1509 2449; x_wconf 84' lang='lat' dir='ltr'>Ecclesiam</span> <span class='ocrx_word' id='word_1_262' title='bbox 1538 2422 1658 2449; x_wconf 89' lang='lat' dir='ltr'>suam</span> 
     </span>
     <span class='ocr_line' id='line_1_33' title="bbox 94 2474 1656 2532; baseline 0.002 -15"><span class='ocrx_word' id='word_1_263' title='bbox 94 2474 202 2517; x_wconf 88' lang='lat' dir='ltr'>nihil</span> <span class='ocrx_word' id='word_1_264' title='bbox 238 2475 488 2528; x_wconf 89' lang='lat' dir='ltr'>definivisse,</span> <span class='ocrx_word' id='word_1_265' title='bbox 528 2475 756 2518; x_wconf 90' lang='lat' dir='ltr'>secundum</span> <span class='ocrx_word' id='word_1_266' title='bbox 793 2478 937 2519; x_wconf 88' lang='lat' dir='ltr'>tamen</span> <span class='ocrx_word' id='word_1_267' title='bbox 975 2478 1113 2531; x_wconf 89' lang='lat' dir='ltr'>magis</span> <span class='ocrx_word' id='word_1_268' title='bbox 1144 2480 1359 2532; x_wconf 87' lang='lat' dir='ltr'>receptam</span> <span class='ocrx_word' id='word_1_269' title='bbox 1389 2479 1656 2531; x_wconf 86' lang='lat' dir='ltr'>sententiam,</span> 
     </span>
     <span class='ocr_line' id='line_1_34' title="bbox 96 2546 1658 2603; baseline 0.003 -16"><span class='ocrx_word' id='word_1_270' title='bbox 96 2561 223 2599; x_wconf 89' lang='lat' dir='ltr'>quam</span> <span class='ocrx_word' id='word_1_271' title='bbox 259 2546 467 2589; x_wconf 87' lang='lat' dir='ltr'>veriorem</span> <span class='ocrx_word' id='word_1_272' title='bbox 505 2561 593 2589; x_wconf 85' lang='lat' dir='ltr'>esse</span> <span class='ocrx_word' id='word_1_273' title='bbox 633 2550 816 2601; x_wconf 91' lang='lat' dir='ltr'>censent,</span> <span class='ocrx_word' id='word_1_274' title='bbox 857 2549 1180 2592; x_wconf 85' lang='lat' dir='ltr'>subterraneum</span> <span class='ocrx_word' id='word_1_275' title='bbox 1211 2565 1299 2592; x_wconf 90' lang='lat' dir='ltr'>esse</span> <span class='ocrx_word' id='word_1_276' title='bbox 1328 2552 1495 2603; x_wconf 85' lang='lat' dir='ltr'>putant,</span> <span class='ocrx_word' id='word_1_277' title='bbox 1527 2553 1568 2592; x_wconf 91' lang='lat' dir='ltr'>et</span> <span class='ocrx_word' id='word_1_278' title='bbox 1595 2551 1658 2592; x_wconf 91' lang='lat' dir='ltr'>vi-</span> 
     </span>
     <span class='ocr_line' id='line_1_35' title="bbox 96 2618 1656 2675; baseline 0.003 -16"><span class='ocrx_word' id='word_1_279' title='bbox 96 2618 237 2660; x_wconf 87' lang='lat' dir='ltr'>cinum</span> <span class='ocrx_word' id='word_1_280' title='bbox 265 2618 431 2661; x_wconf 86' lang='lat' dir='ltr'>inferno</span> <span class='ocrx_word' id='word_1_281' title='bbox 457 2619 775 2672; x_wconf 77' lang='lat' dir='ltr'>damnatorum3</span> <span class='ocrx_word' id='word_1_282' title='bbox 801 2620 860 2662; x_wconf 87' lang='lat' dir='ltr'>de</span> <span class='ocrx_word' id='word_1_283' title='bbox 883 2621 1030 2674; x_wconf 83' lang='lat' dir='ltr'>igne,</span> <span class='ocrx_word' id='word_1_284' title='bbox 1056 2636 1181 2673; x_wconf 89' lang='lat' dir='ltr'>quem</span> <span class='ocrx_word' id='word_1_285' title='bbox 1205 2621 1396 2674; x_wconf 89' lang='lat' dir='ltr'>plerique</span> <span class='ocrx_word' id='word_1_286' title='bbox 1419 2621 1656 2675; x_wconf 89' lang='lat' dir='ltr'>proprium,</span> 
     </span>
     <span class='ocr_line' id='line_1_36' title="bbox 97 2691 1658 2746; baseline 0.001 -14"><span class='ocrx_word' id='word_1_287' title='bbox 97 2691 176 2732; x_wconf 88' lang='lat' dir='ltr'>etsi</span> <span class='ocrx_word' id='word_1_288' title='bbox 223 2691 295 2733; x_wconf 87' lang='lat' dir='ltr'>alii</span> <span class='ocrx_word' id='word_1_289' title='bbox 336 2691 640 2745; x_wconf 81' lang='lat' dir='ltr'>improprium3</span> <span class='ocrx_word' id='word_1_290' title='bbox 684 2692 743 2734; x_wconf 93' lang='lat' dir='ltr'>de</span> <span class='ocrx_word' id='word_1_291' title='bbox 786 2693 830 2746; x_wconf 88' lang='lat' dir='ltr'>ej</span> <span class='ocrx_word' id='word_1_292' title='bbox 846 2693 1027 2734; x_wconf 88' lang='lat' dir='ltr'>usdem</span> <span class='ocrx_word' id='word_1_293' title='bbox 1071 2693 1367 2746; x_wconf 88' lang='lat' dir='ltr'>qualitate,</span> <span class='ocrx_word' id='word_1_294' title='bbox 1409 2707 1561 2746; x_wconf 86' lang='lat' dir='ltr'>nempe</span> <span class='ocrx_word' id='word_1_295' title='bbox 1604 2708 1658 2734; x_wconf 92' lang='lat' dir='ltr'>an</span> 
     </span>
     <span class='ocr_line' id='line_1_37' title="bbox 95 2762 1658 2816; baseline 0.001 -12"><span class='ocrx_word' id='word_1_296' title='bbox 95 2777 218 2804; x_wconf 89' lang='lat' dir='ltr'>verus</span> <span class='ocrx_word' id='word_1_297' title='bbox 255 2762 310 2804; x_wconf 88' lang='lat' dir='ltr'>sit</span> <span class='ocrx_word' id='word_1_298' title='bbox 348 2765 389 2804; x_wconf 93' lang='lat' dir='ltr'>et</span> <span class='ocrx_word' id='word_1_299' title='bbox 419 2777 660 2816; x_wconf 90' lang='lat' dir='ltr'>corporeus,</span> <span class='ocrx_word' id='word_1_300' title='bbox 691 2778 818 2816; x_wconf 87' lang='lat' dir='ltr'>quam</span> <span class='ocrx_word' id='word_1_301' title='bbox 847 2764 1125 2806; x_wconf 89' lang='lat' dir='ltr'>certissimam</span> <span class='ocrx_word' id='word_1_302' title='bbox 1153 2778 1242 2806; x_wconf 85' lang='lat' dir='ltr'>esse</span> <span class='ocrx_word' id='word_1_303' title='bbox 1270 2778 1442 2805; x_wconf 85' lang='lat' dir='ltr'>suorum</span> <span class='ocrx_word' id='word_1_304' title='bbox 1473 2763 1658 2807; x_wconf 87' lang='lat' dir='ltr'>Theolo-</span> 
     </span>
     <span class='ocr_line' id='line_1_38' title="bbox 97 2834 1656 2890; baseline 0.002 -15"><span class='ocrx_word' id='word_1_305' title='bbox 97 2848 262 2887; x_wconf 90' lang='lat' dir='ltr'>gorum.</span> <span class='ocrx_word' id='word_1_306' title='bbox 291 2834 545 2876; x_wconf 86' lang='lat' dir='ltr'>sententiam</span> <span class='ocrx_word' id='word_1_307' title='bbox 587 2837 801 2886; x_wconf 82' lang='lat' dir='ltr'>asserunt3</span> <span class='ocrx_word' id='word_1_308' title='bbox 844 2835 893 2877; x_wconf 90' lang='lat' dir='ltr'>de</span> <span class='ocrx_word' id='word_1_309' title='bbox 936 2835 1229 2889; x_wconf 86' lang='lat' dir='ltr'>suffragiis</span> <span class='ocrx_word' id='word_1_310' title='bbox 1272 2835 1519 2877; x_wconf 86' lang='lat' dir='ltr'>vivorum</span> <span class='ocrx_word' id='word_1_311' title='bbox 1560 2851 1656 2890; x_wconf 90' lang='lat' dir='ltr'>pro</span> 
     </span>
     <span class='ocr_line' id='line_1_39' title="bbox 98 2904 1657 2960; baseline 0.003 -15"><span class='ocrx_word' id='word_1_312' title='bbox 98 2904 124 2946; x_wconf 91' lang='lat' dir='ltr'>d</span> <span class='ocrx_word' id='word_1_313' title='bbox 140 2904 381 2946; x_wconf 87' lang='lat' dir='ltr'>efunctis</span> <span class='ocrx_word' id='word_1_314' title='bbox 412 2907 454 2946; x_wconf 90' lang='grc'>613</span> <span class='ocrx_word' id='word_1_315' title='bbox 482 2904 713 2955; x_wconf 80' lang='lat' dir='ltr'>similibus3</span> <span class='ocrx_word' id='word_1_316' title='bbox 738 2905 1163 2947; x_wconf 88' lang='lat' dir='ltr'>substantialem</span> <span class='ocrx_word' id='word_1_317' title='bbox 1185 2905 1314 2958; x_wconf 88' lang='lat' dir='ltr'>illam,</span> <span class='ocrx_word' id='word_1_318' title='bbox 1340 2921 1466 2960; x_wconf 87' lang='lat' dir='ltr'>quam</span> <span class='ocrx_word' id='word_1_319' title='bbox 1489 2911 1657 2960; x_wconf 83' lang='lat' dir='ltr'>vocant,</span> 
     </span>
     <span class='ocr_line' id='line_1_40' title="bbox 99 2974 1658 3032; baseline 0.003 -17"><span class='ocrx_word' id='word_1_320' title='bbox 99 2976 140 3015; x_wconf 90' lang='lat' dir='ltr'>et</span> <span class='ocrx_word' id='word_1_321' title='bbox 167 2974 414 3028; x_wconf 86' lang='lat' dir='ltr'>primariam</span> <span class='ocrx_word' id='word_1_322' title='bbox 443 2975 638 3018; x_wconf 89' lang='lat' dir='ltr'>vocabuli</span> <span class='ocrx_word' id='word_1_323' title='bbox 666 2976 886 3019; x_wconf 88' lang='lat' dir='ltr'>notionem</span> <span class='ocrx_word' id='word_1_324' title='bbox 916 2977 1287 3029; x_wconf 53' lang='lat' dir='ltr'>considerabimus</span> <span class='ocrx_word' id='word_1_325' title='bbox 1320 2980 1362 3020; x_wconf 88' lang='lat' dir='ltr'>et</span> <span class='ocrx_word' id='word_1_326' title='bbox 1390 2979 1443 3021; x_wconf 92' lang='lat' dir='ltr'>ad</span> <span class='ocrx_word' id='word_1_327' title='bbox 1466 2979 1658 3032; x_wconf 86' lang='lat' dir='ltr'>regulam</span> 
     </span>
    </p>
   </div>
  </div>
 </body>
</html>
