1931 3224
557 91 620 133 Dr:
648 91 830 133 Pssnsom
860 91 1005 133 PATRIS
1035 107 1080 134 ET
1111 91 1226 134 Fan.
1618 96 1670 136 69

111 216 427 270 praeordinatio
469 219 642 258 aeterna
682 215 783 269 agni
826 215 936 257 illius
980 231 1058 270 pro
1103 216 1226 258 nobis
1266 218 1469 260 offerendi
1508 218 1671 259 ultimis

110 287 389 341 temporibus,
419 287 440 328 1
467 287 558 329 Pet.
585 288 619 338 1,
645 288 707 328 20.
734 290 825 339 etc.,
852 302 960 340 quae
986 287 1173 329 actiones
1200 288 1369 340 quidem
1394 289 1671 332 immanentes

59 363 63 367 ’
110 362 209 401 sunt
250 362 292 400 et
329 361 537 410 aeternae,
575 359 648 400 sed
685 358 926 401 essentiales
967 361 1007 400 et
1046 358 1238 412 personis
1278 374 1533 411 communes,
1575 362 1674 413 quia

108 430 152 473 in
185 432 399 471 creaturas
427 430 494 471 vel
522 445 667 472 earum
696 430 845 472 saltem
874 432 1070 483 respectu
1101 432 1372 479 exercentur3
1403 430 1483 471 etsi
1513 431 1665 484 agendi

109 501 259 543 modus
288 500 513 554 peculiaris
542 503 583 542 et
611 500 810 554 proprius
839 500 883 541 in
913 500 971 542 eis
1002 515 1171 553 quoque
1201 501 1409 553 assignari
1441 501 1589 554 possit.

162 571 234 613 IX.
272 571 410 625 Hujus
440 571 726 625 generationis
755 571 1002 613 testimonia
1031 571 1214 625 plurima
1243 571 1366 612 nobis
1396 572 1671 625 suppeditan-

109 646 179 685 tur
208 659 232 684 a
261 642 493 696 Scriptura,
523 645 570 684 ut
598 641 666 683 Ps.
695 643 732 693 2,
762 643 798 683 7.
829 641 1007 683 Filius
1036 657 1181 684 meus
1210 656 1260 683 es
1290 645 1366 694 tu,
1393 657 1489 696 ego
1515 643 1676 686 hodie

109 714 272 767 genui
295 717 359 756 te.
389 713 512 756 Prov.
543 714 580 766 8,
609 714 673 755 22.
702 712 913 754 Jehova
938 713 1267 766 possidebat
1293 728 1368 755 me
1392 714 1446 755 in
1474 715 1675 767 princi-

108 787 198 840 pio
223 785 342 828 viae
369 800 513 837 suae,
541 787 582 827 et
607 785 670 825 24.
689 783 855 833 Quum
878 784 1065 826 nullae
1091 787 1271 826 essent
1296 785 1502 839 abyssi,
1529 787 1675 829 edita

108 857 193 899 vel
234 858 499 910 concepta
541 870 693 898 eram.
735 854 863 896 Mich.
907 855 942 907 5,
984 856 1019 897 1.
1057 855 1189 909 Ejus
1230 859 1453 898 exortus
1491 858 1614 901 inde
1652 875 1676 901 a

109 929 413 982 principio,
461 943 486 968 a
528 927 717 969 diebus
760 927 942 968 seculi.
984 926 1085 969 Ideo
1130 930 1305 969 vocatur
1353 928 1532 970 Filius
1575 930 1675 972 Dei

108 999 450 1056 unigenitus,
489 1001 531 1040 et
569 998 740 1051 quidem
776 998 1100 1052 unigenitus
1141 1014 1165 1040 a
1202 998 1385 1051 Patre,
1415 999 1515 1042 Joh.
1546 1001 1581 1052 1,
1614 1002 1675 1042 14.

106 1071 211 1113 item
247 1070 424 1112 Filius
453 1069 551 1112 Dei
579 1070 864 1123 proprius,
894 1069 1017 1111 Rom.
1047 1070 1084 1120 8,
1113 1070 1177 1111 32.
1208 1072 1250 1111 et
1272 1070 1513 1123 πρωτότοκος
1540 1071 1673 1120 πάσης

108 1142 282 1190 κτίσεως,
325 1141 546 1195 genitus
585 1142 710 1182 ante
749 1155 954 1182 omnem
989 1142 1320 1194 creaturam,
1351 1140 1440 1184 Col.
1473 1143 1510 1195 1,
1542 1143 1603 1184 15.
1634 1145 1675 1185 et

107 1213 236 1255 Pater
275 1213 431 1254 illius
475 1212 738 1266 proprius
782 1211 965 1263 Pater,
1009 1211 1107 1254 Joh.
1151 1213 1187 1264 5,
1235 1214 1297 1254 18.
1340 1212 1457 1254 Idem
1502 1229 1670 1267 quoque

106 1285 295 1326 indicant
320 1284 400 1326 etsi
423 1283 605 1337 figurate
629 1283 803 1324 nomina
827 1282 1083 1335 Sapientiae,
1109 1281 1253 1335 Verbi,
1269 1282 1486 1337 Imaginis,
1510 1301 1672 1338 χαρακ-

109 1361 220 1410 τῆρος
246 1358 287 1398 et
312 1355 669 1407 οἷπκυγοὲσμοιτος,
696 1369 803 1407 quae
829 1354 867 1396 ei
890 1353 1015 1396 Prov.
1042 1355 1079 1396 8.
1104 1353 1203 1396 Joh.
1232 1355 1267 1395 1.
1294 1353 1379 1396 Col.
1405 1355 1440 1396 1.
1458 1357 1499 1397 et
1513 1353 1622 1396 Heb.
1640 1355 1674 1395 1.

107 1429 364 1479 tribuuntur,
395 1429 437 1469 et
466 1428 607 1468 ortum
637 1428 724 1480 ejus
752 1441 800 1468 ac
824 1425 1067 1479 genituram
1091 1426 1201 1468 hanc
1226 1427 1448 1480 perspicue
1473 1426 1673 1469 indicant.

160 1499 212 1542 X.
241 1499 404 1541 Eadem
432 1498 679 1540 testimonia
707 1499 1005 1539 aeternitatem
1036 1512 1205 1551 quoque
1234 1497 1360 1551 hujus
1386 1498 1673 1551 generationis

109 1572 412 1623 demonstrant,
467 1572 508 1611 et
559 1570 694 1611 multa
746 1571 966 1623 praeterea
1009 1569 1105 1621 alia,
1151 1584 1257 1622 quae
1298 1584 1377 1623 pro
1421 1569 1673 1611 aeternitate

108 1642 405 1685 subsistentiae
444 1642 533 1694 ejus
573 1640 869 1695 proferuntur;
908 1642 995 1682 imo
1035 1643 1076 1682 et
1110 1641 1203 1695 ipsa
1230 1641 1355 1694 hujus
1385 1641 1672 1694 generationis

107 1716 260 1756 natura
288 1714 332 1755 id
362 1713 563 1766 postulat.
593 1711 708 1754 Nam
739 1728 832 1754 cum
862 1712 956 1766 ipsa
984 1727 1071 1754 non
1100 1713 1252 1764 minus,
1285 1728 1413 1765 quam
1441 1714 1533 1766 ipse
1557 1712 1671 1754 Deus

108 1785 249 1836 Pater,
302 1784 438 1826 omnis
490 1784 741 1826 mutationis
794 1786 835 1825 et
887 1784 1191 1826 vicissitudinis
1246 1799 1395 1838 expers
1437 1784 1673 1826 necessario

107 1856 333 1899 statuenda
371 1857 439 1908 sit,
480 1871 572 1898 eam
610 1856 739 1897 etiam
779 1856 894 1896 omni
931 1856 1140 1909 temporis
1169 1856 1383 1909 principio
1415 1871 1556 1898 carere
1586 1871 1675 1898 om-

107 1928 208 1970 nino
239 1928 524 1981 consequitur.
554 1926 683 1969 Pater
712 1928 824 1969 enim
853 1927 1012 1979 absque
1041 1927 1152 1968 Filio
1184 1928 1365 1981 cogitari
1393 1943 1479 1970 non
1507 1930 1660 1981 potest.

161 1999 234 2041 XI.
265 1999 627 2049 Quemadmodum
655 2013 756 2040 vero
786 1998 891 2040 haec
921 1998 1138 2052 generatio
1169 1999 1285 2040 omni
1315 1999 1523 2052 temporis
1552 1999 1676 2041 initio

110 2074 236 2124 caret,
267 2071 330 2113 ita
366 2071 495 2113 etiam
524 2070 640 2113 omni
669 2070 751 2112 fine
782 2085 874 2112 eam
903 2084 1045 2111 carere
1076 2069 1313 2112 necessario
1343 2070 1562 2112 fatendum
1593 2072 1676 2119 est;

111 2158 205 2185 cum
244 2142 509 2184 aeternitatis
546 2141 612 2183 vel
651 2141 880 2195 praecipua
919 2141 1161 2195 proprietas
1191 2141 1258 2193 sit,
1289 2142 1402 2194 quod
1432 2144 1525 2183 tota
1554 2142 1676 2183 simul

110 2217 174 2256 est
216 2216 258 2255 et
300 2213 436 2256 omnis
479 2212 575 2255 finis
619 2227 780 2266 expers.
827 2212 941 2254 Actu
985 2227 1100 2266 ergo,
1147 2212 1500 2265 quemadmodum
1540 2214 1676 2254 omnis

109 2284 343 2339 spiritualis
381 2284 614 2338 generatio,
653 2286 861 2337 perpetua
900 2285 964 2324 est
1000 2285 1042 2324 et
1082 2283 1234 2324 effectu
1273 2298 1438 2336 semper
1466 2283 1674 2337 perfecta;

110 2355 237 2398 sicuti
273 2355 337 2398 sol
373 2357 582 2409 perpetuo
622 2357 664 2397 et
701 2355 992 2396 indeficienter
1030 2354 1168 2396 lucem
1197 2369 1316 2395 suam
1347 2354 1557 2408 producit,
1588 2355 1677 2396 sine

109 2428 196 2470 ullo
241 2428 329 2481 ejus
371 2427 538 2469 defectu
580 2427 648 2468 vel
691 2428 935 2480 augmento.
979 2425 1186 2478 Alioquin
1231 2425 1343 2466 enim
1388 2425 1559 2467 daretur
1595 2425 1675 2468 Dei

110 2498 251 2541 Patris
277 2513 479 2553 generare
503 2490 760 2552 incipientis,
779 2498 1034 2552 generantis,
1053 2500 1095 2539 et
1111 2512 1311 2551 generare
1328 2497 1557 2538 desinentis
1581 2512 1672 2538 mu-

110 2571 230 2613 tatio.
270 2570 393 2613 Unde
437 2565 479 2611 et
508 2571 670 2611 veteres
699 2584 786 2611 non
815 2570 994 2612 absurde
1018 2570 1159 2612 locum
1183 2569 1316 2620 illum,
1340 2568 1408 2610 Ps.
1435 2569 1470 2609 2.
1496 2567 1671 2610 Hodie

111 2643 272 2696 genui
309 2644 374 2694 te,
412 2642 462 2683 de
490 2641 573 2683 1100
612 2643 784 2683 aeterno
816 2644 858 2683 et
888 2656 1054 2696 semper
1084 2641 1232 2683 eodem
1262 2640 1550 2693 generationis
1579 2641 1676 2682 actu

108 2713 422 2755 intellexerunt.

165 2784 259 2827 XII.
287 2785 478 2832 Eandem
507 2785 826 2838 generationem
851 2799 946 2826 cum
970 2784 1248 2825 internam
1273 2784 1324 2824 et
1349 2781 1677 2835 spiritualem

111 2871 227 2898 esse
264 2856 454 2908 dicimus,
494 2856 750 2909 opponimus
790 2856 1012 2910 geniturae
1053 2868 1291 2908 corporum,
1332 2853 1376 2895 in
1413 2854 1567 2907 quibus
1604 2869 1670 2896 res

112 2928 257 2981 genita
288 2930 408 2969 extra
436 2928 683 2980 gignentem
710 2927 904 2981 procedit
913 2944 926 2977 ;
956 2926 1210 2979 opponimus
1242 2925 1368 2967 etiam
1400 2925 1672 2978 opinionibus
