1931 3224
267 140 346 181 540
832 134 1073 176 DIsPUTArlo
1101 133 1252 175 XLVI.

268 278 403 317 quae
443 262 661 303 fuerant
702 259 797 300 sub
838 259 1025 313 priore
1069 257 1444 310 Testamento,
1483 258 1671 301 vocati
1709 274 1824 313 pro-

267 334 577 376 missionem
618 330 902 383 accipiant
945 328 1320 371 haereditatis
1360 331 1633 371 aeternae.
1673 329 1822 383 Quare,

267 404 391 446 sicuti
432 403 579 443 unicus
620 402 789 442 tantum
832 402 895 442 est
934 399 1148 442 Mediator
1189 399 1300 441 inter
1342 399 1480 442 Deum
1518 403 1559 442 et
1594 401 1692 443 hom
1698 401 1823 454 inem,

267 476 295 518 J
298 490 392 517 esus
435 473 639 524 Christus,
679 472 739 514 sic
775 471 887 513 idem
926 473 989 512 est
1026 471 1175 512 unicus
1212 470 1434 512 hominum
1470 469 1673 514 Sacerdos
1711 473 1824 526 apud

347 561 359 586 1
388 561 417 586 1.

267 547 492 658 DeXXXII.
538 614 667 657 Sexta
703 617 777 666 est,
816 616 864 655 ut
903 613 1107 656 Sacerdos
1146 612 1261 655 Novi
1301 612 1563 655 Testamenti
1601 613 1657 655 sit
1696 614 1824 656 etiam

265 690 458 738 testator,
488 701 563 728 sua
590 688 728 727 morte
754 686 860 727 illud
883 687 1024 726 ratum
1054 684 1243 726 reddens.
1269 683 1383 726 Nam
1405 685 1479 726 ubi
1503 684 1824 728 Testamentum

266 761 340 809 est,
369 772 483 799 mors
513 757 749 799 Testatoris
777 757 1013 798 intercedat
1038 770 1206 798 necesse
1236 758 1312 808 est,
1341 755 1471 797 Hebr.
1501 757 1538 808 9,
1568 757 1631 798 16.
1659 756 1720 798 At
1743 757 1825 800 hoc

266 828 488 882 epitheton
516 828 677 881 absque
709 827 972 881 blasphemia
1001 827 1076 868 ulli
1104 829 1274 880 praeter
1298 825 1514 868 Christum
1538 827 1715 869 attribui
1738 842 1825 870 non

264 902 419 954 potest.
448 899 566 953 Ergo
594 913 671 941 nec
698 899 817 940 illud.

319 969 517 1012 XXXIII.
558 970 749 1024 Septima
789 972 863 1022 est,
896 972 944 1011 ut
973 969 1179 1013 Sacerdos
1207 969 1322 1012 Novi
1352 969 1616 1012 Testamenti
1639 970 1825 1013 hostiam

265 1057 384 1084 suam
421 1042 513 1084 Deo
552 1042 703 1083 offerat
739 1056 815 1094 per
852 1040 1072 1095 Spiritum,
1111 1041 1153 1082 vi
1189 1040 1495 1083 indissolubilis
1534 1041 1647 1083 vitae
1675 1057 1752 1094 per
1780 1057 1823 1084 se

265 1113 519 1167 praeditum.
548 1112 661 1154 Nam
689 1112 832 1154 hostia
861 1127 968 1165 quae
998 1112 1175 1154 offertur
1203 1127 1279 1165 per
1302 1112 1463 1154 nudum
1485 1112 1714 1164 hominem,
1738 1128 1825 1155 non

264 1186 409 1238 potest
447 1198 536 1226 esse
574 1183 859 1225 satisfactoria
896 1198 972 1237 pro
1010 1183 1193 1225 aliorum
1220 1183 1443 1225 hominum
1470 1184 1668 1237 peccatis.
1698 1185 1824 1227 Exci-

264 1255 478 1311 pientibus
515 1254 766 1306 Pontificiis,
804 1254 1077 1297 Sacerdotem
1112 1256 1157 1297 in
1185 1255 1316 1296 Missa
1344 1257 1642 1298 tantummodo
1673 1257 1824 1299 offerre

265 1328 659 1379 instrumentaliter,
697 1341 783 1368 non
821 1341 872 1368 ex
909 1342 996 1378 sua,
1034 1327 1106 1369 sed
1144 1342 1195 1369 ex
1233 1326 1391 1369 Christi
1426 1342 1619 1381 persona,
1648 1343 1823 1382 respon-

266 1399 423 1450 demus,
460 1401 598 1440 totam
636 1399 898 1440 oblationem
934 1398 1026 1440 fieri
1064 1413 1088 1440 a
1117 1399 1206 1440 solo
1236 1398 1464 1442 Sacerdote
1492 1400 1662 1442 nomine
1690 1400 1824 1442 totius

265 1470 492 1521 Ecclesiae,
521 1469 566 1511 in
595 1484 728 1522 eaque
757 1469 976 1512 oblatione
1006 1469 1233 1522 Christum,
1262 1485 1348 1512 non
1376 1473 1424 1512 ut
1453 1471 1727 1523 offerendum,
1753 1473 1826 1514 sed

264 1543 311 1583 ut
350 1541 541 1583 oblatum
579 1556 603 1582 a
642 1540 880 1593 Sacerdote,
918 1541 1004 1584 imo
1046 1543 1234 1583 creatum
1265 1542 1541 1584 considerari:
1573 1558 1621 1584 ac
1648 1543 1826 1596 proinde

264 1612 361 1666 plus
391 1627 479 1654 esse
509 1612 802 1665 sacrificulum,
834 1628 961 1666 quam
993 1628 1163 1655 causam
1190 1613 1572 1656 instrumentalem.

317 1682 515 1725 XXXIV.
555 1683 881 1737 Excipientibus
918 1683 1068 1725 iisdem
1100 1683 1349 1736 Pontificiis,
1381 1684 1527 1727 offerri
1556 1684 1772 1727 Christum
1801 1701 1825 1728 a

264 1754 566 1798 Sacerdotibus
605 1769 689 1796 non
729 1755 781 1796 ad
820 1754 1169 1808 satisfactionem,
1209 1756 1282 1797 sed
1314 1755 1367 1797 ad
1397 1756 1729 1809 applicationem
1758 1771 1825 1798 sa-

262 1825 518 1867 tisfactionis
556 1840 636 1879 pro
674 1825 899 1867 hominum
934 1827 1120 1879 peccatis
1150 1827 1196 1869 in
1225 1841 1345 1869 011106
1375 1827 1621 1880 praestitae,
1649 1842 1824 1881 respon-

264 1897 445 1940 dendum
484 1900 568 1940 est:
608 1898 642 1939 1.
682 1897 1015 1951 applicationem
1049 1898 1243 1940 sacrificii
1271 1899 1365 1941 fieri
1394 1914 1481 1941 non
1509 1914 1635 1953 posse
1665 1900 1718 1942 ab
1746 1900 1825 1943 ho-

262 1968 376 2011 mine
412 1969 595 2021 mortali,
634 1970 707 2012 sed
745 1985 769 2011 a
802 1970 895 2012 Deo
935 1971 1026 2012 solo
1064 1971 1309 2013 immortali.
1348 1973 1385 2013 2.
1413 1972 1599 2014 fructum
1629 1972 1825 2014 sacrificii

264 2040 397 2082 crucis
435 2040 558 2082 nobis
599 2041 897 2094 propriissima
935 2042 1101 2084 ratione
1139 2057 1164 2083 a
1201 2042 1293 2084 Deo
1331 2057 1409 2096 per
1445 2043 1571 2085 fidem
1600 2043 1824 2096 applicari.

262 2111 385 2154 Unde
422 2111 537 2154 Deus
575 2111 791 2154 Christum
828 2113 1181 2166 propitiationem
1219 2114 1343 2157 nobis
1381 2130 1458 2168 per
1493 2114 1621 2157 fidem
1656 2114 1701 2156 in
1729 2129 1825 2156 san-

263 2183 391 2236 guine
426 2183 560 2236 ipsius
598 2184 872 2238 proposuisse
910 2185 1078 2236 dicitur,
1116 2184 1238 2227 Rom.
1278 2187 1314 2238 3,
1354 2187 1417 2228 24.
1455 2201 1542 2228 non
1579 2188 1721 2228 autem
1749 2201 1825 2240 per
1881 2185 1886 2189 ’

263 2254 458 2296 sacrificii
494 2254 629 2307 ipsius
667 2255 950 2298 iterationem.
993 2256 1170 2310 Alioqui
1213 2257 1376 2299 fructus
1420 2272 1590 2311 quoque
1631 2256 1824 2300 incarna-

261 2325 403 2378 tionis,
441 2327 763 2369 resurrectionis
792 2330 921 2381 atque
951 2327 1208 2369 ascensionis
1234 2326 1391 2369 Christi
1419 2327 1543 2370 nobis
1572 2342 1649 2381 per
1679 2342 1825 2369 earum

261 2397 533 2441 iterationem
568 2398 858 2452 applicandus,
897 2401 939 2440 et
967 2398 1011 2440 in
1035 2398 1261 2452 Baptismo
1286 2399 1426 2452 primo
1452 2398 1640 2452 ejusdem
1665 2398 1825 2440 Christi

262 2469 456 2511 sacrificii
491 2468 765 2512 Sacramento
805 2470 998 2512 Christus
1036 2470 1132 2523 pari
1155 2471 1251 2523 jure
1280 2472 1409 2523 atque
1437 2470 1481 2512 in
1509 2469 1641 2512 Missa
1668 2469 1825 2511 iterum

262 2540 560 2582 sacrificandus
591 2543 711 2583 esset.
740 2542 800 2583 At
829 2541 934 2584 haec
963 2555 1050 2583 non
1078 2541 1249 2594 requiri,
1279 2543 1463 2595 ingenue
1490 2541 1681 2584 fatentur
1710 2540 1824 2584 Pon-

261 2611 395 2653 tificii.
436 2612 642 2662 Quocirca
680 2627 758 2655 nec
794 2612 910 2664 illud,
949 2612 1164 2661 nimirum,
1205 2615 1253 2655 ut
1291 2613 1545 2656 sacrificium
1583 2612 1741 2654 Christi
1778 2612 1824 2654 in

262 2683 391 2724 Missa
428 2678 659 2737 repetatur.
689 2683 772 2726 Sed
801 2698 850 2726 eo
881 2698 1091 2736 conceSSO,
1122 2698 1209 2726 non
1238 2684 1440 2737 sequitur,
1470 2684 1656 2726 medium
1685 2683 1824 2738 appli-

266 2754 444 2796 cationis
483 2755 678 2798 sacrificii
717 2755 876 2798 Christi
917 2770 1006 2798 esse
1048 2757 1190 2810 ipsum
1228 2756 1389 2799 Christi
1426 2756 1697 2806 sacrificium3
1729 2770 1824 2798 cum
1869 2757 1874 2765 “

264 2825 514 2868 sacrificium
542 2826 702 2870 Christi
732 2829 773 2869 et
803 2829 892 2881 ejus
920 2828 1152 2882 applicatio
1178 2829 1290 2871 inter
1313 2843 1357 2871 se
1381 2828 1515 2871 relate
1540 2830 1822 2882 opponantur,

266 2911 314 2937 ac
352 2911 437 2938 non
474 2899 613 2940 minus
651 2899 826 2941 verbum
863 2900 946 2942 Dei
973 2900 1054 2942 fide
1084 2902 1314 2955 receptum,
1347 2915 1475 2953 quam
1503 2892 1822 2944 Sacramentum

265 2967 559 3011 Eucharistiae
598 2971 653 3011 sit
690 2971 1019 3013 instrumentum
1055 2972 1179 3013 nobis
1215 2971 1467 3014 sacrificium
1495 2970 1652 3015 Christi
1682 2971 1820 3024 appli-
