1931 3224
269 141 346 182 542
839 138 1078 179 DISPUTATIO
1105 137 1254 180 XLVI.

268 264 368 315 vini,
405 276 490 304 non
519 261 714 303 omnibus
744 263 786 302 et
815 261 994 315 singulis
1024 262 1239 303 Ecclesiae
1268 259 1470 302 membris
1495 259 1540 300 in
1568 258 1732 301 Coenae
1760 257 1826 299 in-

270 334 493 376 stitutione
530 346 605 385 per
643 331 801 374 Christi
839 332 1072 386 discipulos
1110 330 1450 387 repraesentatis,
1476 329 1547 372 sed
1569 328 1662 371 Deo
1689 328 1825 380 offert,

271 405 432 446 dicens:
473 403 720 457 Suscipe,
756 406 941 445 sancte
979 403 1164 454 Pater,
1205 402 1576 455 omnipotens,
1606 403 1826 442 aeterne

269 475 432 526 Deus,
462 474 598 515 hanc
627 474 1032 516 immaculatam
1063 473 1319 525 hostiam,
1351 486 1504 525 quam
1533 485 1628 525 ego
1653 470 1827 524 indig-

269 561 364 588 nus
393 546 629 587 famulus
659 545 838 587 offero
867 545 976 586 tibi
1005 544 1114 587 Deo
1143 559 1278 596 meo,
1308 546 1384 586 etc.

323 615 540 658 XXXVII.
582 616 700 658 Haec
740 618 852 658 inter
889 631 932 658 se
970 619 1068 658 sunt
1104 615 1354 670 pugnantia.
1391 614 1501 656 Illud
1536 616 1678 668 ipsum
1714 614 1828 668 quod

270 688 463 729 Christus
501 687 603 729 olim
640 688 883 730 immediate
922 688 1036 729 dedit
1065 688 1152 729 suis
1182 687 1416 740 discipulis,
1444 701 1600 740 panem
1629 686 1758 728 fuisse
1787 688 1828 728 et

268 760 424 812 vinum,
464 759 533 800 vel
569 759 768 813 poculum
807 760 852 801 in
891 759 1005 812 quod
1041 759 1187 801 vinum
1226 761 1316 800 erat
1345 758 1553 800 infusum:
1584 757 1697 799 Illud
1727 772 1827 799 vero

270 831 383 883 quod
407 831 497 884 jam
524 830 567 872 in
597 830 727 872 Missa
756 831 938 873 mediate
967 831 1091 873 offert
1115 846 1192 885 per
1215 830 1510 881 sacrificulum,
1536 844 1623 871 non
1644 828 1828 882 amplius

271 917 359 944 esse
395 916 551 956 panem
588 904 660 943 aut
698 901 855 954 vinum,
894 902 965 943 sed
1005 917 1158 955 corpus
1199 904 1241 943 et
1278 901 1528 955 sanguinem
1563 900 1710 954 ipsius,
1751 899 1828 941 sub

270 972 491 1026 speciebus
526 972 594 1014 vel
631 972 919 1014 accidentibus
956 972 1079 1026 panis
1118 975 1158 1014 et
1188 973 1277 1014 vini
1308 974 1568 1014 contentum.
1599 971 1722 1023 Item,
1750 985 1828 1024 po-

270 1044 412 1086 culum
442 1044 556 1096 quod
585 1043 778 1086 Christus
808 1045 909 1087 olim
934 1045 1020 1086 suis
1043 1045 1235 1098 porrexit
1261 1043 1477 1097 discipulis
1500 1042 1630 1084 fuisse
1657 1041 1829 1085 Novum

270 1115 591 1157 Testamentum
628 1116 673 1157 in
708 1116 843 1169 ipsius
881 1116 1108 1170 sanguine:
1148 1115 1275 1158 Nunc
1314 1118 1456 1157 antem
1484 1115 1685 1168 poculum
1717 1114 1830 1168 quod

270 1187 351 1228 soli
389 1187 471 1229 sibi
501 1187 629 1230 sumit
657 1187 928 1238 sacrificulus,
956 1187 1072 1241 plebi
1101 1189 1244 1229 autem
1271 1202 1358 1229 non
1385 1186 1583 1241 porrigit,
1613 1201 1701 1228 esse
1730 1202 1830 1240 par-

269 1262 357 1302 tem
393 1258 561 1302 hostiae
599 1259 857 1302 incruentae.
897 1259 1171 1302 Testamento
1212 1259 1324 1301 enim
1353 1273 1566 1312 propensa
1595 1258 1830 1301 Testatoris

271 1345 373 1384 erga
411 1346 509 1373 suos
537 1331 740 1374 haeredes
768 1331 980 1384 voluntas,
1010 1331 1153 1374 hostia
1183 1346 1282 1374 vero
1312 1346 1379 1373 res
1408 1332 1461 1373 ad
1489 1331 1626 1373 Deum
1655 1331 1830 1386 placan-

270 1402 368 1443 dum
400 1402 543 1444 oblata
568 1403 835 1456 designatur:
867 1403 1103 1456 cujusmodi
1129 1418 1218 1445 rem
1245 1417 1332 1444 non
1361 1417 1487 1456 posse
1516 1403 1648 1444 statui
1676 1403 1831 1445 Missae

269 1471 455 1513 hostiam
493 1473 772 1524 incruentam,
800 1473 1004 1526 Apostoli
1032 1473 1279 1515 testimonio
1305 1474 1593 1526 probavimus,
1624 1489 1703 1528 pro
1734 1489 1830 1516 con—

268 1542 379 1585 fesso
417 1544 622 1585 sumentis
658 1543 788 1586 Hebr.
828 1545 864 1593 9,
903 1546 967 1586 32.
1005 1545 1174 1587 unicam
1210 1547 1378 1587 tantum
1417 1561 1506 1588 esse
1543 1546 1729 1588 hostiam
1766 1546 1831 1588 ni-

270 1615 425 1656 mirum
454 1617 683 1666 cruentam,
713 1607 796 1668 qua
820 1614 936 1657 Deus
964 1616 1125 1670 placari
1153 1617 1302 1670 possit.

321 1685 564 1728 XXXVIII.
594 1685 787 1728 Christus
815 1689 1036 1741 praeterea
1059 1688 1277 1742 discipulis
1302 1688 1399 1741 suis,
1424 1690 1653 1742 postquam
1677 1703 1830 1743 panem

271 1756 531 1810 accepissent
568 1757 620 1799 ab
657 1757 765 1811 ipso,
799 1758 988 1800 futuram
1018 1760 1207 1813 corporis
1239 1760 1303 1802 sui
1332 1759 1569 1802 absentiam
1596 1760 1664 1802 his
1692 1759 1834 1802 verbis

270 1828 613 1880 praenunciavit:
644 1827 757 1870 Hoc
785 1828 956 1872 facite
980 1830 1033 1871 in
1057 1846 1223 1872 meam
1245 1830 1709 1884 recordationem,
1733 1831 1832 1875 Luc.

271 1899 335 1951 22,
367 1900 428 1941 19.
459 1914 567 1952 quae
594 1900 833 1954 Apostolus
863 1901 1041 1955 exponit
1070 1903 1091 1943 1
1123 1901 1216 1944 Cor.
1247 1902 1309 1944 11.
1340 1917 1436 1944 011111
1475 1903 1556 1946 ait:
1586 1902 1832 1952 Quoties-

272 1985 477 2024 cunque
516 1972 743 2014 ederitis
781 1987 970 2026 panem
1007 1972 1147 2015 hunc
1184 1976 1234 2015 et
1274 1973 1531 2027 poculum
1557 1973 1660 2016 hoc
1686 1974 1833 2016 bibe-

271 2042 419 2095 ritis,
458 2045 682 2085 mortem
719 2043 936 2086 Domini
974 2045 1392 2087 annunciabitis
1431 2045 1598 2087 donec
1633 2045 1832 2088 veniat.

270 2112 330 2154 At
368 2113 627 2156 sacrificulus
669 2115 861 2168 corporis
891 2103 1048 2157 Christi
1077 2116 1363 2169 praesentiam
1389 2116 1470 2159 hac
1494 2117 1740 2170 precatione
1767 2117 1832 2159 in-

270 2185 384 2226 nuit:
415 2184 662 2240 Suscipe,
693 2188 881 2228 sancte
909 2186 1095 2240 Pater,
1125 2188 1262 2231 hanc
1292 2189 1692 2232 immaculatam
1716 2188 1834 2231 hos-

270 2255 421 2308 tiam,
466 2272 617 2310 quam
661 2273 758 2312 ego
802 2258 981 2301 offero
1021 2259 1147 2301 tibi:
1187 2275 1264 2313 per
1300 2261 1486 2303 hostiam
1523 2261 1641 2303 illam
1679 2275 1832 2315 corpus

271 2325 430 2368 Christi
469 2328 674 2370 denotans
713 2329 826 2382 quod
864 2329 942 2371 sub
973 2330 1260 2373 accidentibus
1290 2332 1413 2386 panis
1444 2334 1486 2374 et
1514 2332 1603 2374 vini
1631 2332 1717 2374 suis
1745 2347 1832 2374 ma·

269 2396 402 2452 nibus,
433 2400 602 2450 tractat,
642 2402 683 2441 et
712 2403 862 2453 postea
893 2401 1089 2443 dentibus
1119 2402 1204 2444 suis
1234 2403 1394 2445 atterit.
1424 2403 1517 2453 Quo
1546 2403 1655 2445 nihil
1685 2403 1832 2445 absur—

272 2468 364 2510 dius
402 2471 443 2511 et
481 2484 505 2511 a
541 2470 626 2512 fine
663 2469 826 2513 Coenae
864 2472 1044 2515 alienius
1083 2473 1188 2528 fingi
1226 2477 1380 2528 potest.
1409 2473 1525 2517 Nam
1553 2475 1590 2517 si
1618 2476 1708 2529 ejus
1737 2475 1832 2518 finis

272 2543 347 2593 est,
390 2540 548 2583 Christi
591 2542 778 2585 absentis
820 2544 1074 2596 recordatio,
1112 2545 1244 2587 donec
1283 2561 1304 2588 e
1336 2546 1462 2588 coelis
1491 2547 1544 2588 ad
1571 2561 1648 2589 nos
1676 2547 1832 2599 veniat,

271 2613 320 2652 ut
348 2625 399 2652 ex
427 2613 775 2666 praecedentibus
804 2612 962 2655 Christi
992 2617 1034 2656 et
1062 2614 1262 2668 Apostoli
1292 2615 1415 2658 Pauli
1443 2617 1582 2660 verbis
1609 2620 1723 2660 recte
1747 2618 1833 2660 col-

271 2681 433 2735 ligitur,
485 2678 646 2726 oblatio
700 2687 741 2726 et
792 2685 1071 2727 contrectatio
1122 2686 1247 2729 realis
1291 2689 1482 2742 corporis
1525 2704 1573 2731 ac
1615 2690 1833 2743 sanguinis

274 2750 431 2793 Christi
459 2753 529 2795 hic
555 2755 600 2795 in
629 2755 819 2807 qualibet
846 2755 977 2798 Missa
1005 2771 1029 2798 a
1059 2757 1294 2800 sacrificulo
1324 2758 1415 2801 fieri
1445 2759 1604 2812 nequit.

326 2821 522 2865 XXXIX.
566 2824 661 2866 Etsi
703 2825 919 2868 Pontificii
960 2826 1138 2869 Patrum
1178 2827 1526 2872 Orthodoxorum
1564 2831 1832 2884 auctoritate,

275 2891 459 2934 Coenam
497 2894 673 2936 Domini
711 2897 939 2949 aliquando
979 2898 1230 2941 sacrificium
1267 2901 1615 2955 nuncupantium,
1644 2904 1834 2954 utantur,

274 2977 492 3016 nunquam
545 2968 688 3008 tamen
739 2967 855 3009 illam
905 2969 1081 3022 propria
1133 2970 1457 3025 significatione,
1502 2973 1630 3025 prout
1672 2971 1833 3015 faciunt
