1931 3224
267 167 318 208 68
846 160 1085 201 DISPUTATIO
1112 156 1230 199 VIII.

319 288 393 330 ΙΙΙ.
432 288 661 329 Personam
689 285 828 327 Patris
856 297 951 324 vere
979 295 1205 335 personam
1233 293 1334 330 esse,
1365 280 1407 319 et
1436 293 1460 319 a
1486 278 1603 319 nulla
1630 293 1814 331 persona

267 359 474 411 originem
501 357 668 408 habere,
697 356 808 410 apud
832 368 974 397 onmes
1000 353 1261 394 Christianos
1285 350 1331 391 in
1355 349 1546 391 confesso
1572 352 1647 391 est.
1673 349 1812 399 Quum

266 444 366 482 ergo
395 445 419 470 a
449 444 491 470 se
518 429 612 481 ipso
641 442 741 478 esse,
767 429 808 467 et
831 424 1032 477 αὐτοφυὴς
1058 424 1125 465 καὶ
1153 421 1432 471 αὐτογέννητος
1456 436 1481 462 a
1503 419 1720 462 nonnullis
1745 435 1813 462 or-

263 499 460 540 thodoxis
488 499 652 548 dicitur,
680 497 723 537 id
746 495 953 549 negative,
981 508 1066 535 non
1096 492 1347 534 affirmative
1375 494 1438 533 est
1465 491 1811 544 intelligendum3

265 570 362 622 quia
389 583 538 621 nempe
567 584 591 609 a
619 568 735 608 nullo
765 568 839 616 est,
868 565 939 606 sed
968 580 992 606 a
1020 579 1063 605 se
1091 564 1186 617 ipso
1218 565 1259 604 et
1286 577 1363 616 per
1388 577 1431 604 se
1453 563 1594 615 ipsum
1619 562 1671 603 ab
1698 563 1813 604 omni

264 640 512 681 aeternitate
541 638 744 679 subsistit.

315 709 387 750 IV.
426 709 637 750 Deitatem
675 721 841 759 quoque
875 707 962 758 ejus
990 720 1133 746 veram
1163 707 1204 746 et
1232 706 1449 745 aeternam
1475 718 1600 746 nemo
1633 703 1812 746 Christi-

262 794 435 820 anorum
472 779 515 819 in
552 779 725 819 dubium
761 777 947 826 vocavit;
986 776 1069 817 nisi
1107 775 1219 828 quod
1256 775 1537 816 Marcionitae
1569 776 1610 816 et
1639 775 1812 828 similes,

262 851 389 892 alium
433 850 568 892 Deum
610 852 840 890 creatorem
883 850 924 889 et
965 846 1133 889 Veteris
1176 846 1359 888 Testam.
1400 848 1638 896 auctorem3
1683 846 1813 888 alium

260 936 358 963 vero
387 921 555 962 Patrem
583 921 685 962 Jesu
713 919 868 961 Christi
897 921 938 961 et
965 918 1079 960 Novi
1108 918 1221 960 Test.
1251 917 1526 968 conditorem,
1550 917 1812 971 blaspheme,

262 995 406 1034 contra
433 992 651 1033 universae
681 991 721 1033 S.
750 989 991 1044 Scripturae
1021 1003 1282 1040 consensum,
1306 988 1532 1041 imaginati
1559 990 1678 1040 sunt3
1705 1003 1812 1041 quae

260 1078 389 1104 unum
422 1062 559 1107 Deum
585 1062 756 1103 Patrem
784 1061 905 1102 nobis
933 1060 1089 1112 ubique
1118 1059 1333 1114 proponit,
1366 1062 1407 1101 et
1436 1059 1614 1101 eundem
1641 1074 1830 1112 quoque-

259 1133 428 1174 Patrem
467 1147 553 1175 esse
585 1133 687 1174 Jesu
717 1132 873 1173 Christi
903 1133 944 1172 et
971 1129 1086 1172 Novi
1115 1130 1228 1172 Test.
1259 1130 1535 1182 conditorem,
1567 1132 1812 1172 constanter

259 1207 451 1255 testatur,
475 1204 725 1246 nominatim
747 1217 846 1244 vero
872 1201 1063 1243 Christus
1086 1202 1189 1255 ipse,
1214 1201 1338 1243 Matt.
1360 1202 1422 1253 11,
1439 1201 1502 1243 25.
1519 1204 1562 1243 et
1576 1201 1605 1244 J
1607 1201 1675 1243 011.
1692 1202 1730 1254 8,
1746 1202 1810 1244 54.

258 1276 358 1316 item
386 1275 597 1328 Apostoli,
626 1276 720 1316 Act.
749 1275 786 1326 8,
817 1274 877 1314 14.
908 1272 996 1314 Gal.
1027 1274 1063 1325 3,
1094 1274 1156 1314 17.
1187 1272 1316 1314 Hebr.
1346 1273 1383 1325 8,
1414 1273 1450 1314 8.
1483 1275 1560 1314 etc.

311 1345 362 1386 V.
400 1346 571 1388 Patrem
609 1349 750 1387 autem
786 1346 967 1398 primam
1002 1359 1229 1398 personam
1266 1359 1355 1386 esse
1393 1344 1594 1396 dicimus3
1623 1348 1716 1387 tum
1744 1359 1811 1387 re-

259 1419 404 1469 spectu
441 1417 736 1458 subsistentiae
775 1418 875 1468 ejus,
915 1431 1022 1468 quae
1059 1431 1083 1457 a
1119 1416 1234 1457 nulla
1271 1416 1354 1457 alia
1390 1431 1573 1469 persona
1611 1419 1688 1468 est,
1717 1419 1759 1458 et
1788 1432 1812 1458 a

258 1501 339 1538 qua
366 1487 551 1539 reliquae
579 1502 693 1528 suam
726 1487 933 1540 originem
959 1486 1139 1536 habent,
1168 1489 1261 1527 turn
1289 1489 1485 1540 respectu
1511 1488 1811 1540 operationum

257 1557 490 1598 divinarum
519 1572 624 1610 quae
653 1558 706 1599 ad
735 1560 853 1599 extra
881 1560 990 1609 sunt,
1016 1560 1058 1599 et
1083 1557 1136 1599 ab
1161 1572 1209 1599 eo
1234 1560 1454 1610 tamquam
1479 1573 1503 1600 a
1527 1558 1667 1611 primo
1691 1558 1810 1600 fonte

255 1643 330 1680 per
369 1628 525 1669 Filium
561 1631 601 1670 et
638 1628 843 1682 Spiritum
881 1628 922 1670 S.
961 1629 1222 1679 derivantur;
1262 1631 1356 1670 tum
1394 1629 1574 1682 denique
1613 1632 1810 1683 respectu

256 1699 411 1739 ordinis
454 1714 577 1751 quem
617 1699 657 1740 S.
695 1699 914 1752 Scriptura
951 1699 1110 1752 passim
1147 1702 1339 1753 usurpat,
1377 1700 1589 1753 imprimis
1627 1715 1727 1743 vero
1764 1702 1809 1743 in

253 1768 435 1810 formula
463 1769 670 1822 Baptismi
698 1770 847 1821 nostri,
877 1769 1000 1811 Matt.
1031 1771 1094 1811 28.

305 1838 377 1880 VI.
416 1839 658 1894 Proprietas
695 1855 792 1881 vero
832 1841 1172 1883 characteristica
1209 1844 1251 1883 et
1289 1842 1457 1883 interna
1486 1841 1640 1894 Patris,
1672 1858 1756 1895 qua
1784 1857 1808 1884 a

252 1909 362 1951 Filio
401 1913 443 1951 et
479 1909 641 1962 Spiritu
678 1910 718 1952 S.
754 1912 1024 1959 ὑπσστκτικῶς
1075 1912 1365 1966 distinguitur,
1411 1915 1475 1955 est
1516 1914 1805 1966 generatio

252 1981 439 2022 activa.
479 1982 573 2022 Etsi
611 1982 719 2023 enim
760 1984 800 2023 et
838 1981 1084 2035 Spiratio
1125 1984 1306 2025 activa
1339 1982 1460 2025 Patri
1489 1985 1727 2036 conveniat,
1758 2000 1806 2027 ea

251 2053 392 2092 tamen
444 2053 530 2104 ejus
580 2052 917 2094 characteristica
957 2054 1198 2107 proprietas
1239 2068 1324 2095 non
1367 2057 1441 2107 est,
1485 2055 1585 2108 quia
1631 2055 1670 2097 ei
1711 2070 1806 2097 cum

251 2120 359 2162 Filio
391 2124 452 2162 est
482 2123 725 2164 communis.

304 2191 398 2232 VII.
422 2193 501 2234 Est
523 2207 620 2234 vero
644 2193 748 2235 haec
772 2195 951 2236 activa
976 2197 1286 2250 generatio,
1312 2197 1478 2238 interna
1504 2199 1546 2239 et
1569 2197 1805 2251 personalis

251 2261 332 2303 Dei
359 2262 498 2304 Patris
527 2264 649 2315 actio,
679 2280 762 2317 qua
791 2266 1000 2318 spirituali
1030 2270 1071 2309 et
1098 2268 1305 2309 ineffabili
1333 2268 1459 2310 modo
1488 2268 1643 2310 Filium
1668 2284 1805 2322 suum,

250 2335 297 2373 ut
324 2333 552 2386 imaginem
576 2349 706 2386 suam,
731 2335 783 2376 ab
808 2339 977 2379 aeterno
1004 2353 1055 2379 ex
1078 2353 1167 2380 sese
1190 2340 1236 2380 in
1261 2339 1407 2381 eadem
1435 2340 1618 2381 essentia
1644 2342 1804 2394 genuit,

250 2406 292 2444 et
342 2404 514 2445 eandem
563 2405 771 2448 infinitam
821 2408 1044 2450 essentiam
1084 2412 1233 2462 totam,
1276 2426 1353 2464 per
1405 2412 1581 2453 eandem
1626 2427 1805 2465 genera-

246 2474 419 2526 tionem,
463 2475 499 2516 ei
542 2477 875 2519 communicavit.
918 2479 1043 2532 Cujus
1084 2481 1340 2524 definitionis
1382 2483 1552 2536 singula
1602 2483 1802 2526 membra

250 2544 372 2586 nobis
401 2545 643 2599 diligentius
669 2548 914 2601 explicanda
942 2553 1039 2591 sunt
1068 2554 1109 2593 et
1135 2553 1365 2605 probanda.

303 2615 417 2657 VIII.
447 2616 770 2660 Generationem
797 2620 906 2662 hanc
933 2621 1141 2664 internam
1171 2626 1213 2666 et
1239 2626 1518 2678 personalem,
1552 2625 1635 2668 Dei
1659 2625 1802 2668 Patris

250 2686 458 2728 actionem
494 2702 588 2729 011111
626 2689 815 2741 dicimus,
853 2693 1107 2744 opponimus
1144 2709 1236 2736 eam
1274 2697 1480 2738 creationi
1510 2700 1551 2739 et
1581 2697 1800 2750 guberna—

250 2755 357 2796 tioni
391 2771 541 2809 rerum,
581 2773 688 2810 quae
726 2762 843 2802 extra
881 2761 1019 2804 Deum
1055 2766 1096 2805 et
1133 2766 1220 2817 ejus
1251 2767 1478 2808 essentiam
1514 2771 1800 2821 occupantur3

249 2826 501 2878 opponimus
546 2843 713 2881 quoque
755 2830 932 2873 internis
977 2835 1018 2874 et
1062 2834 1389 2878 immanentibus
1435 2837 1517 2880 Dei
1561 2838 1800 2880 actionibus

253 2896 556 2950 essentialibus,
599 2900 734 2951 qualis
775 2903 838 2942 est
878 2903 1158 2954 praescientia
1197 2921 1336 2948 rerum
1377 2909 1571 2950 omnium
1614 2911 1800 2961 aeterna,

251 2965 346 3007 Act.
389 2967 449 3019 15,
490 2968 550 3009 18.
589 2972 758 3012 aeterna
793 2973 927 3014 nostri
965 2973 1127 3027 electio,
1165 2975 1276 3030 Eph.
1315 2978 1351 3030 1,
1387 2979 1425 3020 4.
1465 2979 1682 3032 πρόγνωσις
1727 2993 1801 3021 6611
