<?xml version="1.0" encoding="UTF-8"?>
<!DOCTYPE html PUBLIC "-//W3C//DTD XHTML 1.0 Transitional//EN"
    "http://www.w3.org/TR/xhtml1/DTD/xhtml1-transitional.dtd">
<html xmlns="http://www.w3.org/1999/xhtml" xml:lang="en" lang="en">
 <head>
  <title>
</title>
<meta http-equiv="Content-Type" content="text/html;charset=utf-8" />
  <meta name='ocr-system' content='tesseract 3.04.00' />
  <meta name='ocr-capabilities' content='ocr_page ocr_carea ocr_par ocr_line ocrx_word'/>
</head>
<body>
  <div class='ocr_page' id='page_1' title='image "./synopsispurioris00poly_0223.png"; bbox 0 0 1931 3224; ppageno 0'>
   <div class='ocr_carea' id='block_1_1' title="bbox 539 113 1671 157">
    <p class='ocr_par' dir='ltr' id='par_1_1' title="bbox 539 113 1671 157">
     <span class='ocr_line' id='line_1_1' title="bbox 539 113 1671 157; baseline 0.001 -1"><span class='ocrx_word' id='word_1_1' title='bbox 539 113 603 156; x_wconf 75' lang='lat' dir='ltr'>DE</span> <span class='ocrx_word' id='word_1_2' title='bbox 632 113 838 155; x_wconf 77' lang='lat' dir='ltr'>SABBATno</span> <span class='ocrx_word' id='word_1_3' title='bbox 866 128 913 155; x_wconf 73' lang='grc' dir='ltr'>ΕΤ</span> <span class='ocrx_word' id='word_1_4' title='bbox 941 114 1021 155; x_wconf 78' lang='lat' dir='ltr'>Dm</span> <span class='ocrx_word' id='word_1_5' title='bbox 1049 113 1262 156; x_wconf 74' lang='lat' dir='ltr'>Dommco.</span> <span class='ocrx_word' id='word_1_6' title='bbox 1595 117 1671 157; x_wconf 82' lang='lat'>201</span> 
     </span>
    </p>
   </div>
   <div class='ocr_carea' id='block_1_2' title="bbox 115 237 1681 2221">
    <p class='ocr_par' dir='ltr' id='par_1_2' title="bbox 115 237 1677 850">
     <span class='ocr_line' id='line_1_2' title="bbox 168 237 1675 292; baseline 0.002 -13"><span class='ocrx_word' id='word_1_7' title='bbox 168 237 275 281; x_wconf 86' lang='lat' dir='ltr'><strong>LVI.</strong></span> <span class='ocrx_word' id='word_1_8' title='bbox 305 237 458 290; x_wconf 83' lang='lat' dir='ltr'>Neque</span> <span class='ocrx_word' id='word_1_9' title='bbox 486 238 665 292; x_wconf 81' lang='lat' dir='ltr'>proinde</span> <span class='ocrx_word' id='word_1_10' title='bbox 703 239 1100 290; x_wconf 88' lang='lat' dir='ltr'>observandus,</span> <span class='ocrx_word' id='word_1_11' title='bbox 1141 252 1225 291; x_wconf 87' lang='lat' dir='ltr'>qua</span> <span class='ocrx_word' id='word_1_12' title='bbox 1254 238 1520 281; x_wconf 83' lang='lat' dir='ltr'>Sabbathum</span> <span class='ocrx_word' id='word_1_13' title='bbox 1551 255 1576 281; x_wconf 89' lang='lat' dir='ltr'>a</span> <span class='ocrx_word' id='word_1_14' title='bbox 1603 254 1675 282; x_wconf 86' lang='lat' dir='ltr'>ve-</span> 
     </span>
     <span class='ocr_line' id='line_1_3' title="bbox 115 309 1674 364; baseline 0.001 -13"><span class='ocrx_word' id='word_1_15' title='bbox 115 309 198 351; x_wconf 88' lang='lat' dir='ltr'>teri</span> <span class='ocrx_word' id='word_1_16' title='bbox 225 309 384 363; x_wconf 88' lang='lat' dir='ltr'>populo</span> <span class='ocrx_word' id='word_1_17' title='bbox 414 310 593 362; x_wconf 87' lang='lat' dir='ltr'>ratione,</span> <span class='ocrx_word' id='word_1_18' title='bbox 631 325 725 364; x_wconf 89' lang='lat' dir='ltr'>per</span> <span class='ocrx_word' id='word_1_19' title='bbox 763 325 815 352; x_wconf 94' lang='lat' dir='ltr'>se</span> <span class='ocrx_word' id='word_1_20' title='bbox 845 313 894 352; x_wconf 92' lang='lat' dir='ltr'>et</span> <span class='ocrx_word' id='word_1_21' title='bbox 933 310 1186 352; x_wconf 88' lang='lat' dir='ltr'>absolute</span> <span class='ocrx_word' id='word_1_22' title='bbox 1224 311 1340 352; x_wconf 89' lang='lat' dir='ltr'>otio</span> <span class='ocrx_word' id='word_1_23' title='bbox 1382 313 1432 352; x_wconf 91' lang='lat' dir='ltr'>et</span> <span class='ocrx_word' id='word_1_24' title='bbox 1467 311 1674 364; x_wconf 88' lang='lat' dir='ltr'>quiete,</span> 
     </span>
     <span class='ocr_line' id='line_1_4' title="bbox 117 380 1675 434; baseline 0.002 -14"><span class='ocrx_word' id='word_1_25' title='bbox 117 394 224 433; x_wconf 86' lang='lat' dir='ltr'>quae</span> <span class='ocrx_word' id='word_1_26' title='bbox 262 380 307 421; x_wconf 89' lang='lat' dir='ltr'>in</span> <span class='ocrx_word' id='word_1_27' title='bbox 344 382 466 433; x_wconf 89' lang='lat' dir='ltr'>parte</span> <span class='ocrx_word' id='word_1_28' title='bbox 504 381 678 434; x_wconf 85' lang='lat' dir='ltr'>pietatis</span> <span class='ocrx_word' id='word_1_29' title='bbox 714 381 964 434; x_wconf 88' lang='lat' dir='ltr'>ponebatur,</span> <span class='ocrx_word' id='word_1_30' title='bbox 1005 382 1077 423; x_wconf 88' lang='lat' dir='ltr'>sed</span> <span class='ocrx_word' id='word_1_31' title='bbox 1104 396 1197 434; x_wconf 86' lang='lat' dir='ltr'>pro</span> <span class='ocrx_word' id='word_1_32' title='bbox 1226 382 1378 423; x_wconf 89' lang='lat' dir='ltr'>modo</span> <span class='ocrx_word' id='word_1_33' title='bbox 1409 381 1675 424; x_wconf 78' lang='lat' dir='ltr'>Christia-</span> 
     </span>
     <span class='ocr_line' id='line_1_5' title="bbox 115 450 1676 506; baseline 0.003 -15"><span class='ocrx_word' id='word_1_34' title='bbox 115 465 212 492; x_wconf 87' lang='lat' dir='ltr'>nae</span> <span class='ocrx_word' id='word_1_35' title='bbox 241 450 412 492; x_wconf 87' lang='lat' dir='ltr'>libert</span> <span class='ocrx_word' id='word_1_36' title='bbox 427 451 553 503; x_wconf 90' lang='lat' dir='ltr'>atis,</span> <span class='ocrx_word' id='word_1_37' title='bbox 585 454 763 505; x_wconf 88' lang='lat' dir='ltr'>propter</span> <span class='ocrx_word' id='word_1_38' title='bbox 788 452 913 504; x_wconf 87' lang='lat' dir='ltr'>aliud,</span> <span class='ocrx_word' id='word_1_39' title='bbox 938 454 985 494; x_wconf 89' lang='lat' dir='ltr'>ut</span> <span class='ocrx_word' id='word_1_40' title='bbox 1009 452 1150 494; x_wconf 90' lang='lat' dir='ltr'>divino</span> <span class='ocrx_word' id='word_1_41' title='bbox 1177 452 1309 495; x_wconf 88' lang='lat' dir='ltr'>cultui</span> <span class='ocrx_word' id='word_1_42' title='bbox 1332 467 1483 494; x_wconf 85' lang='lat' dir='ltr'>vacare</span> <span class='ocrx_word' id='word_1_43' title='bbox 1506 452 1676 506; x_wconf 89' lang='lat' dir='ltr'>publice</span> 
     </span>
     <span class='ocr_line' id='line_1_6' title="bbox 116 521 1677 577; baseline 0.002 -15"><span class='ocrx_word' id='word_1_44' title='bbox 116 521 402 574; x_wconf 88' lang='lat' dir='ltr'>privatimque</span> <span class='ocrx_word' id='word_1_45' title='bbox 439 525 560 564; x_wconf 89' lang='lat' dir='ltr'>tanto</span> <span class='ocrx_word' id='word_1_46' title='bbox 600 523 837 577; x_wconf 83' lang='lat' dir='ltr'>expeditius</span> <span class='ocrx_word' id='word_1_47' title='bbox 874 525 1105 577; x_wconf 88' lang='lat' dir='ltr'>possimus;</span> <span class='ocrx_word' id='word_1_48' title='bbox 1147 524 1258 565; x_wconf 88' lang='lat' dir='ltr'>unde</span> <span class='ocrx_word' id='word_1_49' title='bbox 1296 538 1434 576; x_wconf 87' lang='lat' dir='ltr'>neque</span> <span class='ocrx_word' id='word_1_50' title='bbox 1470 523 1559 575; x_wconf 87' lang='lat' dir='ltr'>tali,</span> <span class='ocrx_word' id='word_1_51' title='bbox 1603 527 1677 565; x_wconf 91' lang='lat' dir='ltr'>aut</span> 
     </span>
     <span class='ocr_line' id='line_1_7' title="bbox 116 593 1676 649; baseline 0.001 -15"><span class='ocrx_word' id='word_1_52' title='bbox 116 595 214 635; x_wconf 61' lang='lat' dir='ltr'>tam&gt;</span> <span class='ocrx_word' id='word_1_53' title='bbox 232 593 372 646; x_wconf 84' lang='lat' dir='ltr'>rigida</span> <span class='ocrx_word' id='word_1_54' title='bbox 402 596 443 636; x_wconf 89' lang='lat' dir='ltr'>et</span> <span class='ocrx_word' id='word_1_55' title='bbox 471 595 661 649; x_wconf 88' lang='lat' dir='ltr'>praecisa</span> <span class='ocrx_word' id='word_1_56' title='bbox 691 595 973 648; x_wconf 87' lang='lat' dir='ltr'>observantia,</span> <span class='ocrx_word' id='word_1_57' title='bbox 1005 596 1173 648; x_wconf 89' lang='lat' dir='ltr'>qualem</span> <span class='ocrx_word' id='word_1_58' title='bbox 1196 594 1442 637; x_wconf 82' lang='lat' dir='ltr'>Judaismus</span> <span class='ocrx_word' id='word_1_59' title='bbox 1467 595 1676 648; x_wconf 81' lang='lat' dir='ltr'>exigebat,</span> 
     </span>
     <span class='ocr_line' id='line_1_8' title="bbox 116 665 1677 720; baseline 0.001 -14"><span class='ocrx_word' id='word_1_60' title='bbox 116 667 190 707; x_wconf 89' lang='lat' dir='ltr'>aut</span> <span class='ocrx_word' id='word_1_61' title='bbox 231 665 480 719; x_wconf 66' lang='lat' dir='ltr'>superstitio</span> <span class='ocrx_word' id='word_1_62' title='bbox 521 667 794 720; x_wconf 87' lang='lat' dir='ltr'>imposuerat,</span> <span class='ocrx_word' id='word_1_63' title='bbox 836 667 908 708; x_wconf 88' lang='lat' dir='ltr'>sed</span> <span class='ocrx_word' id='word_1_64' title='bbox 949 667 1168 708; x_wconf 85' lang='lat' dir='ltr'>moderata</span> <span class='ocrx_word' id='word_1_65' title='bbox 1204 666 1499 720; x_wconf 85' lang='lat' dir='ltr'>religiosaque,</span> <span class='ocrx_word' id='word_1_66' title='bbox 1540 667 1677 719; x_wconf 87' lang='lat' dir='ltr'>qualis</span> 
     </span>
     <span class='ocr_line' id='line_1_9' title="bbox 117 736 1677 791; baseline 0.001 -13"><span class='ocrx_word' id='word_1_67' title='bbox 117 737 277 779; x_wconf 88' lang='lat' dir='ltr'>scilicet</span> <span class='ocrx_word' id='word_1_68' title='bbox 303 736 422 789; x_wconf 87' lang='lat' dir='ltr'>quies</span> <span class='ocrx_word' id='word_1_69' title='bbox 446 737 680 779; x_wconf 87' lang='lat' dir='ltr'>necessario</span> <span class='ocrx_word' id='word_1_70' title='bbox 706 737 758 778; x_wconf 89' lang='lat' dir='ltr'>ad</span> <span class='ocrx_word' id='word_1_71' title='bbox 783 737 973 779; x_wconf 87' lang='lat' dir='ltr'>divinum</span> <span class='ocrx_word' id='word_1_72' title='bbox 997 738 1156 779; x_wconf 88' lang='lat' dir='ltr'>cultum</span> <span class='ocrx_word' id='word_1_73' title='bbox 1183 738 1438 791; x_wconf 88' lang='lat' dir='ltr'>deposcitur,</span> <span class='ocrx_word' id='word_1_74' title='bbox 1464 738 1677 781; x_wconf 85' lang='lat' dir='ltr'>celebran-</span> 
     </span>
     <span class='ocr_line' id='line_1_10' title="bbox 117 808 298 850; baseline -0.006 0"><span class='ocrx_word' id='word_1_75' title='bbox 117 808 193 850; x_wconf 90' lang='lat' dir='ltr'>dus</span> <span class='ocrx_word' id='word_1_76' title='bbox 224 810 298 850; x_wconf 85' lang='lat' dir='ltr'>est.</span> 
     </span>
    </p>

    <p class='ocr_par' dir='ltr' id='par_1_3' title="bbox 115 879 1679 1795">
     <span class='ocr_line' id='line_1_11' title="bbox 169 879 1677 936; baseline 0.003 -15"><span class='ocrx_word' id='word_1_77' title='bbox 169 879 301 922; x_wconf 89' lang='lat' dir='ltr'>LVII.</span> <span class='ocrx_word' id='word_1_78' title='bbox 331 879 474 933; x_wconf 90' lang='lat' dir='ltr'>Atque</span> <span class='ocrx_word' id='word_1_79' title='bbox 502 880 585 921; x_wconf 87' lang='lat' dir='ltr'>huc</span> <span class='ocrx_word' id='word_1_80' title='bbox 612 881 849 922; x_wconf 87' lang='lat' dir='ltr'>revocanda</span> <span class='ocrx_word' id='word_1_81' title='bbox 878 883 977 923; x_wconf 89' lang='lat' dir='ltr'>sunt</span> <span class='ocrx_word' id='word_1_82' title='bbox 1001 881 1214 932; x_wconf 66' lang='grc' dir='ltr'>ἀναλόγως</span> <span class='ocrx_word' id='word_1_83' title='bbox 1239 883 1479 924; x_wconf 87' lang='lat' dir='ltr'>communia</span> <span class='ocrx_word' id='word_1_84' title='bbox 1503 883 1677 936; x_wconf 86' lang='lat' dir='ltr'>pietatis</span> 
     </span>
     <span class='ocr_line' id='line_1_12' title="bbox 117 951 1678 1006; baseline 0.003 -14"><span class='ocrx_word' id='word_1_85' title='bbox 117 954 159 993; x_wconf 91' lang='lat' dir='ltr'>et</span> <span class='ocrx_word' id='word_1_86' title='bbox 195 951 384 992; x_wconf 84' lang='lat' dir='ltr'>caritatis</span> <span class='ocrx_word' id='word_1_87' title='bbox 423 951 575 1004; x_wconf 85' lang='lat' dir='ltr'>officia,</span> <span class='ocrx_word' id='word_1_88' title='bbox 614 966 723 1004; x_wconf 90' lang='lat' dir='ltr'>quae</span> <span class='ocrx_word' id='word_1_89' title='bbox 756 951 977 994; x_wconf 82' lang='lat' dir='ltr'>Sabbatho</span> <span class='ocrx_word' id='word_1_90' title='bbox 1006 967 1030 993; x_wconf 90' lang='lat' dir='ltr'>a</span> <span class='ocrx_word' id='word_1_91' title='bbox 1058 951 1087 993; x_wconf 84' lang='lat' dir='ltr'>J</span> <span class='ocrx_word' id='word_1_92' title='bbox 1090 952 1232 994; x_wconf 89' lang='lat' dir='ltr'>udaeis</span> <span class='ocrx_word' id='word_1_93' title='bbox 1262 953 1353 994; x_wconf 90' lang='lat' dir='ltr'>fieri</span> <span class='ocrx_word' id='word_1_94' title='bbox 1382 953 1605 1006; x_wconf 79' lang='lat' dir='ltr'>debebant,</span> <span class='ocrx_word' id='word_1_95' title='bbox 1636 957 1678 996; x_wconf 91' lang='lat' dir='ltr'>et</span> 
     </span>
     <span class='ocr_line' id='line_1_13' title="bbox 117 1021 1677 1077; baseline 0.002 -13"><span class='ocrx_word' id='word_1_96' title='bbox 117 1037 141 1064; x_wconf 88' lang='lat' dir='ltr'>a</span> <span class='ocrx_word' id='word_1_97' title='bbox 177 1021 427 1064; x_wconf 86' lang='lat' dir='ltr'>Christianis</span> <span class='ocrx_word' id='word_1_98' title='bbox 468 1036 562 1063; x_wconf 88' lang='lat' dir='ltr'>cum</span> <span class='ocrx_word' id='word_1_99' title='bbox 603 1021 776 1065; x_wconf 85' lang='lat' dir='ltr'>Judaeis</span> <span class='ocrx_word' id='word_1_100' title='bbox 811 1023 947 1064; x_wconf 88' lang='lat' dir='ltr'>adhuc</span> <span class='ocrx_word' id='word_1_101' title='bbox 976 1023 1323 1065; x_wconf 79' lang='lat' dir='ltr'>conversantibus</span> <span class='ocrx_word' id='word_1_102' title='bbox 1351 1024 1559 1077; x_wconf 86' lang='lat' dir='ltr'>praestita</span> <span class='ocrx_word' id='word_1_103' title='bbox 1586 1025 1677 1067; x_wconf 87' lang='lat' dir='ltr'>fue-</span> 
     </span>
     <span class='ocr_line' id='line_1_14' title="bbox 115 1094 1678 1150; baseline 0.003 -16"><span class='ocrx_word' id='word_1_104' title='bbox 115 1096 228 1146; x_wconf 86' lang='lat' dir='ltr'>runt,</span> <span class='ocrx_word' id='word_1_105' title='bbox 255 1095 304 1134; x_wconf 93' lang='lat' dir='ltr'>ut</span> <span class='ocrx_word' id='word_1_106' title='bbox 333 1096 444 1145; x_wconf 82' lang='lat' dir='ltr'>sunt,</span> <span class='ocrx_word' id='word_1_107' title='bbox 475 1096 707 1136; x_wconf 85' lang='lat' dir='ltr'>conventus</span> <span class='ocrx_word' id='word_1_108' title='bbox 736 1094 930 1147; x_wconf 91' lang='lat' dir='ltr'>publicus</span> <span class='ocrx_word' id='word_1_109' title='bbox 961 1097 1002 1136; x_wconf 89' lang='lat' dir='ltr'>et</span> <span class='ocrx_word' id='word_1_110' title='bbox 1031 1095 1229 1147; x_wconf 87' lang='lat' dir='ltr'>solennis,</span> <span class='ocrx_word' id='word_1_111' title='bbox 1261 1097 1303 1137; x_wconf 91' lang='lat' dir='ltr'>et</span> <span class='ocrx_word' id='word_1_112' title='bbox 1332 1095 1376 1136; x_wconf 92' lang='lat' dir='ltr'>in</span> <span class='ocrx_word' id='word_1_113' title='bbox 1407 1111 1455 1138; x_wconf 91' lang='lat' dir='ltr'>eo</span> <span class='ocrx_word' id='word_1_114' title='bbox 1485 1096 1678 1150; x_wconf 82' lang='lat' dir='ltr'>Scriptu-</span> 
     </span>
     <span class='ocr_line' id='line_1_15' title="bbox 116 1164 1677 1220; baseline 0.003 -15"><span class='ocrx_word' id='word_1_115' title='bbox 116 1179 259 1206; x_wconf 88' lang='lat' dir='ltr'>rarum</span> <span class='ocrx_word' id='word_1_116' title='bbox 305 1164 529 1207; x_wconf 82' lang='lat' dir='ltr'>Sacrarum</span> <span class='ocrx_word' id='word_1_117' title='bbox 573 1165 700 1207; x_wconf 90' lang='lat' dir='ltr'>lectio</span> <span class='ocrx_word' id='word_1_118' title='bbox 749 1168 790 1207; x_wconf 89' lang='lat' dir='ltr'>et</span> <span class='ocrx_word' id='word_1_119' title='bbox 830 1165 1106 1219; x_wconf 86' lang='lat' dir='ltr'>praedicatio,</span> <span class='ocrx_word' id='word_1_120' title='bbox 1150 1167 1438 1220; x_wconf 84' lang='lat' dir='ltr'>precatioque,</span> <span class='ocrx_word' id='word_1_121' title='bbox 1476 1168 1572 1210; x_wconf 87' lang='lat' dir='ltr'>Act.</span> <span class='ocrx_word' id='word_1_122' title='bbox 1616 1169 1677 1210; x_wconf 81' lang='lat'>13.</span> 
     </span>
     <span class='ocr_line' id='line_1_16' title="bbox 116 1236 1676 1293; baseline 0.003 -15"><span class='ocrx_word' id='word_1_123' title='bbox 116 1236 180 1278; x_wconf 87' lang='lat'>15.</span> <span class='ocrx_word' id='word_1_124' title='bbox 211 1237 274 1278; x_wconf 82' lang='lat'>16.</span> <span class='ocrx_word' id='word_1_125' title='bbox 305 1236 366 1278; x_wconf 88' lang='lat'>17.</span> <span class='ocrx_word' id='word_1_126' title='bbox 399 1239 440 1279; x_wconf 92' lang='lat' dir='ltr'>et</span> <span class='ocrx_word' id='word_1_127' title='bbox 469 1236 532 1278; x_wconf 85' lang='lat'>18.</span> <span class='ocrx_word' id='word_1_128' title='bbox 558 1251 648 1290; x_wconf 87' lang='lat' dir='ltr'>cap.</span> <span class='ocrx_word' id='word_1_129' title='bbox 677 1237 743 1278; x_wconf 87' lang='lat' dir='ltr'>Ac</span> <span class='ocrx_word' id='word_1_130' title='bbox 767 1240 877 1291; x_wconf 91' lang='lat' dir='ltr'>post,</span> <span class='ocrx_word' id='word_1_131' title='bbox 907 1237 1113 1291; x_wconf 85' lang='lat' dir='ltr'>paulatim</span> <span class='ocrx_word' id='word_1_132' title='bbox 1144 1241 1417 1281; x_wconf 82' lang='lat' dir='ltr'>evanescente</span> <span class='ocrx_word' id='word_1_133' title='bbox 1442 1239 1676 1293; x_wconf 80' lang='lat' dir='ltr'>Sabbatho,</span> 
     </span>
     <span class='ocr_line' id='line_1_17' title="bbox 117 1308 1677 1365; baseline 0.003 -15"><span class='ocrx_word' id='word_1_134' title='bbox 117 1308 185 1351; x_wconf 92' lang='lat' dir='ltr'>die</span> <span class='ocrx_word' id='word_1_135' title='bbox 212 1308 439 1352; x_wconf 88' lang='lat' dir='ltr'>Dominico</span> <span class='ocrx_word' id='word_1_136' title='bbox 468 1312 566 1351; x_wconf 89' lang='lat' dir='ltr'>sunt</span> <span class='ocrx_word' id='word_1_137' title='bbox 594 1311 812 1363; x_wconf 86' lang='lat' dir='ltr'>usurpata,</span> <span class='ocrx_word' id='word_1_138' title='bbox 841 1324 994 1363; x_wconf 88' lang='lat' dir='ltr'>nempe</span> <span class='ocrx_word' id='word_1_139' title='bbox 1021 1310 1065 1352; x_wconf 87' lang='lat' dir='ltr'>in</span> <span class='ocrx_word' id='word_1_140' title='bbox 1095 1313 1306 1353; x_wconf 89' lang='lat' dir='ltr'>conventu</span> <span class='ocrx_word' id='word_1_141' title='bbox 1327 1311 1512 1365; x_wconf 86' lang='lat' dir='ltr'>publico,</span> <span class='ocrx_word' id='word_1_142' title='bbox 1542 1311 1581 1352; x_wconf 94' lang='lat' dir='ltr'>D</span> <span class='ocrx_word' id='word_1_143' title='bbox 1600 1326 1677 1354; x_wconf 90' lang='lat' dir='ltr'>oc-</span> 
     </span>
     <span class='ocr_line' id='line_1_18' title="bbox 116 1380 1677 1436; baseline 0.001 -14"><span class='ocrx_word' id='word_1_144' title='bbox 116 1381 266 1423; x_wconf 86' lang='lat' dir='ltr'>trina</span> <span class='ocrx_word' id='word_1_145' title='bbox 287 1381 700 1436; x_wconf 78' lang='lat' dir='ltr'>Apostolorum,</span> <span class='ocrx_word' id='word_1_146' title='bbox 725 1380 846 1423; x_wconf 81' lang='lat' dir='ltr'>Corn</span> <span class='ocrx_word' id='word_1_147' title='bbox 860 1382 1044 1424; x_wconf 88' lang='lat' dir='ltr'>munio</span> <span class='ocrx_word' id='word_1_148' title='bbox 1070 1382 1229 1424; x_wconf 88' lang='lat' dir='ltr'>scilicet</span> <span class='ocrx_word' id='word_1_149' title='bbox 1251 1397 1497 1436; x_wconf 88' lang='lat' dir='ltr'>pauperum,</span> <span class='ocrx_word' id='word_1_150' title='bbox 1524 1381 1677 1424; x_wconf 85' lang='lat' dir='ltr'>Frac-</span> 
     </span>
     <span class='ocr_line' id='line_1_19' title="bbox 115 1451 1677 1506; baseline 0.001 -13"><span class='ocrx_word' id='word_1_151' title='bbox 115 1451 194 1493; x_wconf 91' lang='lat' dir='ltr'>tio</span> <span class='ocrx_word' id='word_1_152' title='bbox 224 1452 401 1506; x_wconf 85' lang='lat' dir='ltr'>panis,</span> <span class='ocrx_word' id='word_1_153' title='bbox 426 1467 579 1506; x_wconf 87' lang='lat' dir='ltr'>nempe</span> <span class='ocrx_word' id='word_1_154' title='bbox 602 1453 784 1506; x_wconf 72' lang='lat' dir='ltr'>mystici,</span> <span class='ocrx_word' id='word_1_155' title='bbox 809 1468 883 1495; x_wconf 88' lang='lat' dir='ltr'>seu</span> <span class='ocrx_word' id='word_1_156' title='bbox 907 1468 1060 1496; x_wconf 90' lang='lat' dir='ltr'>coenae</span> <span class='ocrx_word' id='word_1_157' title='bbox 1085 1453 1334 1496; x_wconf 83' lang='lat' dir='ltr'>Dominicae</span> <span class='ocrx_word' id='word_1_158' title='bbox 1354 1453 1677 1506; x_wconf 81' lang='lat' dir='ltr'>administratio,</span> 
     </span>
     <span class='ocr_line' id='line_1_20' title="bbox 117 1522 1679 1578; baseline 0.002 -14"><span class='ocrx_word' id='word_1_159' title='bbox 117 1522 422 1576; x_wconf 87' lang='lat' dir='ltr'>Precesque</span> <span class='ocrx_word' id='word_1_160' title='bbox 459 1524 714 1565; x_wconf 84' lang='lat' dir='ltr'>solennes</span> <span class='ocrx_word' id='word_1_161' title='bbox 754 1526 804 1565; x_wconf 90' lang='lat' dir='ltr'>et</span> <span class='ocrx_word' id='word_1_162' title='bbox 841 1524 1096 1578; x_wconf 86' lang='lat' dir='ltr'>publicae</span> <span class='ocrx_word' id='word_1_163' title='bbox 1135 1525 1307 1578; x_wconf 88' lang='lat' dir='ltr'>(quibus</span> <span class='ocrx_word' id='word_1_164' title='bbox 1345 1528 1528 1578; x_wconf 85' lang='lat' dir='ltr'>quatuor</span> <span class='ocrx_word' id='word_1_165' title='bbox 1561 1528 1679 1567; x_wconf 86' lang='lat' dir='ltr'>totus</span> 
     </span>
     <span class='ocr_line' id='line_1_21' title="bbox 115 1594 1679 1651; baseline 0.003 -16"><span class='ocrx_word' id='word_1_166' title='bbox 115 1594 203 1636; x_wconf 87' lang='lat' dir='ltr'>fere</span> <span class='ocrx_word' id='word_1_167' title='bbox 242 1594 324 1636; x_wconf 92' lang='lat' dir='ltr'>Dei</span> <span class='ocrx_word' id='word_1_168' title='bbox 364 1596 500 1637; x_wconf 89' lang='lat' dir='ltr'>cultus</span> <span class='ocrx_word' id='word_1_169' title='bbox 537 1596 785 1648; x_wconf 85' lang='lat' dir='ltr'>absolvitur,</span> <span class='ocrx_word' id='word_1_170' title='bbox 822 1597 916 1639; x_wconf 89' lang='lat' dir='ltr'>Act.</span> <span class='ocrx_word' id='word_1_171' title='bbox 957 1598 993 1649; x_wconf 80' lang='lat'>2,</span> <span class='ocrx_word' id='word_1_172' title='bbox 1031 1597 1114 1651; x_wconf 83' lang='lat'>42.)</span> <span class='ocrx_word' id='word_1_173' title='bbox 1147 1613 1255 1650; x_wconf 87' lang='lat' dir='ltr'>quae</span> <span class='ocrx_word' id='word_1_174' title='bbox 1283 1598 1365 1639; x_wconf 89' lang='lat' dir='ltr'>hoc</span> <span class='ocrx_word' id='word_1_175' title='bbox 1394 1598 1460 1640; x_wconf 89' lang='lat' dir='ltr'>die</span> <span class='ocrx_word' id='word_1_176' title='bbox 1489 1598 1679 1651; x_wconf 87' lang='lat' dir='ltr'>Aposto-</span> 
     </span>
     <span class='ocr_line' id='line_1_22' title="bbox 116 1666 1679 1722; baseline 0.003 -15"><span class='ocrx_word' id='word_1_177' title='bbox 116 1666 222 1708; x_wconf 86' lang='lat' dir='ltr'>licae</span> <span class='ocrx_word' id='word_1_178' title='bbox 249 1667 466 1710; x_wconf 86' lang='lat' dir='ltr'>Ecclesiae</span> <span class='ocrx_word' id='word_1_179' title='bbox 494 1669 684 1710; x_wconf 88' lang='lat' dir='ltr'>solennia</span> <span class='ocrx_word' id='word_1_180' title='bbox 711 1668 895 1720; x_wconf 84' lang='lat' dir='ltr'>fuerunt,</span> <span class='ocrx_word' id='word_1_181' title='bbox 924 1669 1019 1711; x_wconf 89' lang='lat' dir='ltr'>Act.</span> <span class='ocrx_word' id='word_1_182' title='bbox 1050 1670 1113 1722; x_wconf 80' lang='lat'>20,</span> <span class='ocrx_word' id='word_1_183' title='bbox 1144 1670 1180 1711; x_wconf 89' lang='grc'>7.</span> <span class='ocrx_word' id='word_1_184' title='bbox 1211 1671 1231 1710; x_wconf 91' lang='grc'>1</span> <span class='ocrx_word' id='word_1_185' title='bbox 1260 1669 1353 1711; x_wconf 87' lang='lat' dir='ltr'>Cor.</span> <span class='ocrx_word' id='word_1_186' title='bbox 1379 1670 1454 1721; x_wconf 62' lang='lat'>16„</span> <span class='ocrx_word' id='word_1_187' title='bbox 1478 1672 1526 1711; x_wconf 87' lang='lat' dir='ltr'>ut</span> <span class='ocrx_word' id='word_1_188' title='bbox 1550 1670 1679 1712; x_wconf 87' lang='lat' dir='ltr'>etiam</span> 
     </span>
     <span class='ocr_line' id='line_1_23' title="bbox 118 1738 1403 1795; baseline 0.002 -15"><span class='ocrx_word' id='word_1_189' title='bbox 118 1738 170 1780; x_wconf 85' lang='lat' dir='ltr'>ab</span> <span class='ocrx_word' id='word_1_190' title='bbox 198 1739 251 1781; x_wconf 87' lang='lat' dir='ltr'>iis</span> <span class='ocrx_word' id='word_1_191' title='bbox 281 1739 485 1793; x_wconf 81' lang='lat' dir='ltr'>graphice</span> <span class='ocrx_word' id='word_1_192' title='bbox 516 1739 629 1782; x_wconf 89' lang='lat' dir='ltr'>hunc</span> <span class='ocrx_word' id='word_1_193' title='bbox 658 1740 769 1782; x_wconf 89' lang='lat' dir='ltr'>diem</span> <span class='ocrx_word' id='word_1_194' title='bbox 798 1741 998 1783; x_wconf 89' lang='lat' dir='ltr'>describit</span> <span class='ocrx_word' id='word_1_195' title='bbox 1026 1740 1054 1782; x_wconf 83' lang='lat' dir='ltr'>J</span> <span class='ocrx_word' id='word_1_196' title='bbox 1060 1742 1182 1783; x_wconf 81' lang='lat' dir='ltr'>nstin.</span> <span class='ocrx_word' id='word_1_197' title='bbox 1212 1741 1337 1795; x_wconf 86' lang='lat' dir='ltr'>Apol.</span> <span class='ocrx_word' id='word_1_198' title='bbox 1367 1742 1403 1782; x_wconf 76' lang='lat'>2.</span> 
     </span>
    </p>

    <p class='ocr_par' dir='ltr' id='par_1_4' title="bbox 118 1808 1681 2221">
     <span class='ocr_line' id='line_1_24' title="bbox 170 1808 1680 1866; baseline 0.001 -14"><span class='ocrx_word' id='word_1_199' title='bbox 170 1808 320 1852; x_wconf 87' lang='lat' dir='ltr'><strong>LVIII.</strong></span> <span class='ocrx_word' id='word_1_200' title='bbox 352 1809 511 1852; x_wconf 88' lang='lat' dir='ltr'>Verum</span> <span class='ocrx_word' id='word_1_201' title='bbox 539 1825 626 1853; x_wconf 88' lang='lat' dir='ltr'>non</span> <span class='ocrx_word' id='word_1_202' title='bbox 654 1811 824 1864; x_wconf 86' lang='lat' dir='ltr'>publice</span> <span class='ocrx_word' id='word_1_203' title='bbox 846 1812 987 1863; x_wconf 89' lang='lat' dir='ltr'>modo,</span> <span class='ocrx_word' id='word_1_204' title='bbox 1013 1812 1085 1854; x_wconf 90' lang='lat' dir='ltr'>sed</span> <span class='ocrx_word' id='word_1_205' title='bbox 1110 1814 1151 1854; x_wconf 91' lang='lat' dir='ltr'>et</span> <span class='ocrx_word' id='word_1_206' title='bbox 1174 1811 1378 1864; x_wconf 88' lang='lat' dir='ltr'>privatim</span> <span class='ocrx_word' id='word_1_207' title='bbox 1402 1812 1515 1854; x_wconf 91' lang='lat' dir='ltr'>hunc</span> <span class='ocrx_word' id='word_1_208' title='bbox 1537 1812 1680 1866; x_wconf 88' lang='lat' dir='ltr'>ipsum</span> 
     </span>
     <span class='ocr_line' id='line_1_25' title="bbox 118 1881 1678 1936; baseline 0.002 -14"><span class='ocrx_word' id='word_1_209' title='bbox 118 1881 275 1923; x_wconf 84' lang='lat' dir='ltr'>sanctis</span> <span class='ocrx_word' id='word_1_210' title='bbox 312 1881 487 1935; x_wconf 89' lang='lat' dir='ltr'>pietatis</span> <span class='ocrx_word' id='word_1_211' title='bbox 522 1881 748 1934; x_wconf 83' lang='lat' dir='ltr'>exercitiis,</span> <span class='ocrx_word' id='word_1_212' title='bbox 778 1883 924 1935; x_wconf 86' lang='lat' dir='ltr'>quales</span> <span class='ocrx_word' id='word_1_213' title='bbox 954 1886 1063 1935; x_wconf 90' lang='lat' dir='ltr'>sunt,</span> <span class='ocrx_word' id='word_1_214' title='bbox 1095 1882 1247 1925; x_wconf 80' lang='lat' dir='ltr'>Sacrae</span> <span class='ocrx_word' id='word_1_215' title='bbox 1277 1882 1523 1936; x_wconf 81' lang='lat' dir='ltr'>Scripturae</span> <span class='ocrx_word' id='word_1_216' title='bbox 1552 1884 1678 1925; x_wconf 89' lang='lat' dir='ltr'>lectio</span> 
     </span>
     <span class='ocr_line' id='line_1_26' title="bbox 119 1952 1680 2008; baseline 0.002 -14"><span class='ocrx_word' id='word_1_217' title='bbox 119 1955 161 1994; x_wconf 90' lang='lat' dir='ltr'>et</span> <span class='ocrx_word' id='word_1_218' title='bbox 196 1952 418 1994; x_wconf 87' lang='lat' dir='ltr'>meditatio</span> <span class='ocrx_word' id='word_1_219' title='bbox 456 1953 700 2006; x_wconf 88' lang='lat' dir='ltr'>domestica,</span> <span class='ocrx_word' id='word_1_220' title='bbox 736 1954 997 2007; x_wconf 85' lang='lat' dir='ltr'>colloquium</span> <span class='ocrx_word' id='word_1_221' title='bbox 1027 1955 1077 1996; x_wconf 89' lang='lat' dir='ltr'>de</span> <span class='ocrx_word' id='word_1_222' title='bbox 1104 1955 1229 1997; x_wconf 87' lang='lat' dir='ltr'>rebus</span> <span class='ocrx_word' id='word_1_223' title='bbox 1259 1955 1400 2006; x_wconf 87' lang='lat' dir='ltr'>sacris,</span> <span class='ocrx_word' id='word_1_224' title='bbox 1430 1957 1520 2006; x_wconf 91' lang='lat' dir='ltr'>etc.,</span> <span class='ocrx_word' id='word_1_225' title='bbox 1552 1958 1680 2008; x_wconf 88' lang='lat' dir='ltr'>atque</span> 
     </span>
     <span class='ocr_line' id='line_1_27' title="bbox 119 2023 1681 2078; baseline 0.002 -13"><span class='ocrx_word' id='word_1_226' title='bbox 119 2024 307 2066; x_wconf 87' lang='lat' dir='ltr'>caritatis</span> <span class='ocrx_word' id='word_1_227' title='bbox 337 2023 487 2066; x_wconf 88' lang='lat' dir='ltr'>officiis</span> <span class='ocrx_word' id='word_1_228' title='bbox 510 2024 833 2078; x_wconf 84' lang='lat' dir='ltr'>transigendum</span> <span class='ocrx_word' id='word_1_229' title='bbox 857 2040 1086 2078; x_wconf 87' lang='lat' dir='ltr'>censemus,</span> <span class='ocrx_word' id='word_1_230' title='bbox 1111 2027 1339 2068; x_wconf 85' lang='lat' dir='ltr'>secundum</span> <span class='ocrx_word' id='word_1_231' title='bbox 1362 2027 1465 2068; x_wconf 91' lang='lat' dir='ltr'>illud</span> <span class='ocrx_word' id='word_1_232' title='bbox 1489 2026 1681 2069; x_wconf 86' lang='lat' dir='ltr'>Clemen-</span> 
     </span>
     <span class='ocr_line' id='line_1_28' title="bbox 118 2094 1679 2151; baseline 0.003 -15"><span class='ocrx_word' id='word_1_233' title='bbox 118 2095 194 2137; x_wconf 90' lang='lat' dir='ltr'>tis:</span> <span class='ocrx_word' id='word_1_234' title='bbox 232 2094 419 2148; x_wconf 89' lang='lat' dir='ltr'>Neque</span> <span class='ocrx_word' id='word_1_235' title='bbox 457 2095 767 2138; x_wconf 89' lang='lat' dir='ltr'>Dominicis</span> <span class='ocrx_word' id='word_1_236' title='bbox 806 2096 1022 2150; x_wconf 89' lang='lat' dir='ltr'>diebus,</span> <span class='ocrx_word' id='word_1_237' title='bbox 1064 2098 1154 2151; x_wconf 89' lang='lat' dir='ltr'>qui</span> <span class='ocrx_word' id='word_1_238' title='bbox 1190 2100 1313 2139; x_wconf 89' lang='lat' dir='ltr'>sunt</span> <span class='ocrx_word' id='word_1_239' title='bbox 1341 2097 1679 2150; x_wconf 82' lang='lat' dir='ltr'>hilaritatis,</span> 
     </span>
     <span class='ocr_line' id='line_1_29' title="bbox 119 2167 1680 2221; baseline 0.003 -14"><span class='ocrx_word' id='word_1_240' title='bbox 119 2168 341 2220; x_wconf 86' lang='lat' dir='ltr'>praeter</span> <span class='ocrx_word' id='word_1_241' title='bbox 381 2167 740 2209; x_wconf 85' lang='lat' dir='ltr'>sanctitatem</span> <span class='ocrx_word' id='word_1_242' title='bbox 778 2168 992 2221; x_wconf 90' lang='lat' dir='ltr'>aliquid</span> <span class='ocrx_word' id='word_1_243' title='bbox 1025 2169 1207 2211; x_wconf 89' lang='lat' dir='ltr'>dicere</span> <span class='ocrx_word' id='word_1_244' title='bbox 1236 2172 1328 2211; x_wconf 90' lang='lat' dir='ltr'>aut</span> <span class='ocrx_word' id='word_1_245' title='bbox 1355 2169 1535 2212; x_wconf 87' lang='lat' dir='ltr'>facere</span> <span class='ocrx_word' id='word_1_246' title='bbox 1563 2183 1680 2211; x_wconf 87' lang='lat' dir='ltr'>con-</span> 
     </span>
    </p>
   </div>
   <div class='ocr_carea' id='block_1_3' title="bbox 121 2230 1757 2293">
    <p class='ocr_par' dir='ltr' id='par_1_5' title="bbox 121 2230 1757 2293">
     <span class='ocr_line' id='line_1_30' title="bbox 121 2230 1757 2293; baseline 0.002 -14"><span class='ocrx_word' id='word_1_247' title='bbox 121 2236 369 2279; x_wconf 89' lang='lat' dir='ltr'>cedimus.</span> <span class='ocrx_word' id='word_1_248' title='bbox 408 2230 560 2290; x_wconf 85' lang='lat' dir='ltr'>Neque</span> <span class='ocrx_word' id='word_1_249' title='bbox 597 2240 739 2280; x_wconf 90' lang='lat' dir='ltr'>tamen</span> <span class='ocrx_word' id='word_1_250' title='bbox 778 2239 914 2281; x_wconf 90' lang='lat' dir='ltr'>omnis</span> <span class='ocrx_word' id='word_1_251' title='bbox 953 2240 1144 2293; x_wconf 89' lang='lat' dir='ltr'>corporis</span> <span class='ocrx_word' id='word_1_252' title='bbox 1174 2241 1380 2282; x_wconf 81' lang='lat' dir='ltr'>recreatio</span> <span class='ocrx_word' id='word_1_253' title='bbox 1408 2240 1479 2282; x_wconf 91' lang='lat' dir='ltr'>hic</span> <span class='ocrx_word' id='word_1_254' title='bbox 1507 2241 1679 2282; x_wconf 88' lang='lat' dir='ltr'>omnino</span> <span class='ocrx_word' id='word_1_255' title='bbox 1754 2233 1757 2235; x_wconf 48' lang='grc'><strong>’</strong></span> 
     </span>
    </p>
   </div>
   <div class='ocr_carea' id='block_1_4' title="bbox 119 2307 1743 3009">
    <p class='ocr_par' dir='ltr' id='par_1_6' title="bbox 119 2307 1681 2503">
     <span class='ocr_line' id='line_1_31' title="bbox 119 2307 1681 2364; baseline 0.003 -15"><span class='ocrx_word' id='word_1_256' title='bbox 119 2307 385 2361; x_wconf 85' lang='lat' dir='ltr'>prohibetur,</span> <span class='ocrx_word' id='word_1_257' title='bbox 415 2310 462 2349; x_wconf 92' lang='lat' dir='ltr'>ut</span> <span class='ocrx_word' id='word_1_258' title='bbox 492 2323 599 2361; x_wconf 91' lang='lat' dir='ltr'>quae</span> <span class='ocrx_word' id='word_1_259' title='bbox 628 2310 758 2351; x_wconf 89' lang='lat' dir='ltr'>etiam</span> <span class='ocrx_word' id='word_1_260' title='bbox 781 2310 893 2352; x_wconf 88' lang='lat' dir='ltr'>inter</span> <span class='ocrx_word' id='word_1_261' title='bbox 916 2311 1020 2353; x_wconf 82' lang='lat' dir='ltr'>fines</span> <span class='ocrx_word' id='word_1_262' title='bbox 1046 2311 1256 2354; x_wconf 82' lang='lat' dir='ltr'>Sabbathi</span> <span class='ocrx_word' id='word_1_263' title='bbox 1280 2314 1364 2362; x_wconf 66' lang='lat' dir='ltr'>est,</span> <span class='ocrx_word' id='word_1_264' title='bbox 1389 2312 1549 2354; x_wconf 85' lang='lat' dir='ltr'>scilicet</span> <span class='ocrx_word' id='word_1_265' title='bbox 1573 2327 1681 2364; x_wconf 89' lang='lat' dir='ltr'>quae</span> 
     </span>
     <span class='ocr_line' id='line_1_32' title="bbox 121 2380 1680 2436; baseline 0.003 -16"><span class='ocrx_word' id='word_1_266' title='bbox 121 2380 311 2421; x_wconf 89' lang='lat' dir='ltr'>divinum</span> <span class='ocrx_word' id='word_1_267' title='bbox 339 2380 500 2421; x_wconf 87' lang='lat' dir='ltr'>cultum</span> <span class='ocrx_word' id='word_1_268' title='bbox 528 2395 614 2422; x_wconf 91' lang='lat' dir='ltr'>non</span> <span class='ocrx_word' id='word_1_269' title='bbox 641 2381 833 2435; x_wconf 88' lang='lat' dir='ltr'>impedit,</span> <span class='ocrx_word' id='word_1_270' title='bbox 863 2384 905 2424; x_wconf 88' lang='lat' dir='ltr'>et</span> <span class='ocrx_word' id='word_1_271' title='bbox 934 2383 1062 2424; x_wconf 84' lang='lat' dir='ltr'>sacris</span> <span class='ocrx_word' id='word_1_272' title='bbox 1087 2384 1284 2436; x_wconf 87' lang='lat' dir='ltr'>peractis,</span> <span class='ocrx_word' id='word_1_273' title='bbox 1311 2383 1501 2435; x_wconf 86' lang='lat' dir='ltr'>honeste,</span> <span class='ocrx_word' id='word_1_274' title='bbox 1532 2383 1680 2425; x_wconf 85' lang='lat' dir='ltr'>decen-</span> 
     </span>
     <span class='ocr_line' id='line_1_33' title="bbox 120 2451 1289 2503; baseline 0.003 -10"><span class='ocrx_word' id='word_1_275' title='bbox 120 2453 197 2503; x_wconf 88' lang='lat' dir='ltr'>ter,</span> <span class='ocrx_word' id='word_1_276' title='bbox 227 2451 445 2494; x_wconf 91' lang='lat' dir='ltr'>moderate</span> <span class='ocrx_word' id='word_1_277' title='bbox 475 2454 517 2493; x_wconf 91' lang='lat' dir='ltr'>et</span> <span class='ocrx_word' id='word_1_278' title='bbox 547 2452 637 2494; x_wconf 90' lang='lat' dir='ltr'>sine</span> <span class='ocrx_word' id='word_1_279' title='bbox 667 2453 899 2495; x_wconf 79' lang='lat' dir='ltr'>offensione</span> <span class='ocrx_word' id='word_1_280' title='bbox 929 2456 970 2496; x_wconf 89' lang='lat' dir='ltr'>et</span> <span class='ocrx_word' id='word_1_281' title='bbox 999 2455 1195 2496; x_wconf 83' lang='lat' dir='ltr'>scandalo</span> <span class='ocrx_word' id='word_1_282' title='bbox 1224 2455 1289 2496; x_wconf 81' lang='lat' dir='ltr'>fit.</span> 
     </span>
    </p>

    <p class='ocr_par' dir='ltr' id='par_1_7' title="bbox 121 2521 1743 3009">
     <span class='ocr_line' id='line_1_34' title="bbox 174 2521 1681 2577; baseline 0.004 -14"><span class='ocrx_word' id='word_1_283' title='bbox 174 2521 282 2564; x_wconf 87' lang='lat' dir='ltr'><strong>LIX.</strong></span> <span class='ocrx_word' id='word_1_284' title='bbox 308 2522 609 2576; x_wconf 81' lang='lat' dir='ltr'>Rejicimus</span> <span class='ocrx_word' id='word_1_285' title='bbox 639 2538 739 2577; x_wconf 85' lang='lat' dir='ltr'>ergo</span> <span class='ocrx_word' id='word_1_286' title='bbox 765 2525 810 2566; x_wconf 90' lang='lat' dir='ltr'>in</span> <span class='ocrx_word' id='word_1_287' title='bbox 831 2524 1153 2569; x_wconf 85' lang='lat' dir='ltr'>Christianitate</span> <span class='ocrx_word' id='word_1_288' title='bbox 1178 2527 1512 2569; x_wconf 79' lang='lat' dir='ltr'>Sabbatlium</span> <span class='ocrx_word' id='word_1_289' title='bbox 1540 2528 1681 2570; x_wconf 88' lang='lat' dir='ltr'>illud</span> 
     </span>
     <span class='ocr_line' id='line_1_35' title="bbox 121 2594 1681 2650; baseline 0.003 -14"><span class='ocrx_word' id='word_1_290' title='bbox 121 2594 482 2648; x_wconf 86' lang='lat' dir='ltr'>primordiale</span> <span class='ocrx_word' id='word_1_291' title='bbox 522 2597 572 2637; x_wconf 90' lang='lat' dir='ltr'>et</span> <span class='ocrx_word' id='word_1_292' title='bbox 607 2595 914 2650; x_wconf 86' lang='lat' dir='ltr'>Judaicum,</span> <span class='ocrx_word' id='word_1_293' title='bbox 946 2601 987 2639; x_wconf 87' lang='lat' dir='ltr'>et</span> <span class='ocrx_word' id='word_1_294' title='bbox 1014 2598 1321 2641; x_wconf 79' lang='lat' dir='ltr'>Sabbatharios</span> <span class='ocrx_word' id='word_1_295' title='bbox 1350 2614 1423 2640; x_wconf 90' lang='lat' dir='ltr'>seu</span> <span class='ocrx_word' id='word_1_296' title='bbox 1452 2598 1681 2641; x_wconf 78' lang='lat' dir='ltr'>Sabbathi-</span> 
     </span>
     <span class='ocr_line' id='line_1_36' title="bbox 122 2665 1681 2726; baseline 0.004 -19"><span class='ocrx_word' id='word_1_297' title='bbox 122 2668 264 2708; x_wconf 89' lang='lat' dir='ltr'>zantes</span> <span class='ocrx_word' id='word_1_298' title='bbox 293 2665 578 2717; x_wconf 83' lang='lat' dir='ltr'>Christianos3</span> <span class='ocrx_word' id='word_1_299' title='bbox 610 2683 790 2721; x_wconf 89' lang='lat' dir='ltr'>quorum</span> <span class='ocrx_word' id='word_1_300' title='bbox 820 2670 892 2712; x_wconf 88' lang='lat' dir='ltr'>alii</span> <span class='ocrx_word' id='word_1_301' title='bbox 919 2669 1188 2712; x_wconf 80' lang='lat' dir='ltr'>Sabbathum</span> <span class='ocrx_word' id='word_1_302' title='bbox 1217 2672 1300 2712; x_wconf 90' lang='lat' dir='ltr'>diei</span> <span class='ocrx_word' id='word_1_303' title='bbox 1329 2671 1554 2714; x_wconf 90' lang='lat' dir='ltr'>Dominico</span> <span class='ocrx_word' id='word_1_304' title='bbox 1586 2673 1681 2726; x_wconf 86' lang='lat' dir='ltr'>pari</span> 
     </span>
     <span class='ocr_line' id='line_1_37' title="bbox 123 2737 1743 2796; baseline 0.004 -17"><span class='ocrx_word' id='word_1_305' title='bbox 123 2737 390 2780; x_wconf 87' lang='lat' dir='ltr'>observantia</span> <span class='ocrx_word' id='word_1_306' title='bbox 419 2739 716 2781; x_wconf 86' lang='lat' dir='ltr'>celebrandum</span> <span class='ocrx_word' id='word_1_307' title='bbox 744 2741 1044 2794; x_wconf 82' lang='lat' dir='ltr'>adjungebant,</span> <span class='ocrx_word' id='word_1_308' title='bbox 1075 2745 1122 2783; x_wconf 90' lang='lat' dir='ltr'>ut</span> <span class='ocrx_word' id='word_1_309' title='bbox 1150 2742 1370 2795; x_wconf 87' lang='lat' dir='ltr'>Ebionaei,</span> <span class='ocrx_word' id='word_1_310' title='bbox 1395 2742 1548 2785; x_wconf 88' lang='lat' dir='ltr'>Euseb.</span> <span class='ocrx_word' id='word_1_311' title='bbox 1573 2743 1618 2785; x_wconf 89' lang='lat' dir='ltr'>L.</span> <span class='ocrx_word' id='word_1_312' title='bbox 1642 2745 1680 2786; x_wconf 86' lang='lat'>3.</span> <span class='ocrx_word' id='word_1_313' title='bbox 1740 2794 1743 2796; x_wconf 41' lang='grc'><strong>,</strong></span> 
     </span>
     <span class='ocr_line' id='line_1_38' title="bbox 123 2809 1678 2867; baseline 0.004 -16"><span class='ocrx_word' id='word_1_314' title='bbox 123 2824 156 2851; x_wconf 89' lang='grc'>0.</span> <span class='ocrx_word' id='word_1_315' title='bbox 195 2809 257 2852; x_wconf 82' lang='grc'>21.</span> <span class='ocrx_word' id='word_1_316' title='bbox 297 2812 339 2852; x_wconf 91' lang='lat' dir='ltr'>et</span> <span class='ocrx_word' id='word_1_317' title='bbox 376 2810 547 2864; x_wconf 86' lang='lat' dir='ltr'>quidam</span> <span class='ocrx_word' id='word_1_318' title='bbox 588 2811 672 2863; x_wconf 87' lang='lat' dir='ltr'>alii,</span> <span class='ocrx_word' id='word_1_319' title='bbox 712 2826 892 2864; x_wconf 90' lang='lat' dir='ltr'>quorum</span> <span class='ocrx_word' id='word_1_320' title='bbox 927 2813 1087 2855; x_wconf 88' lang='lat' dir='ltr'>mentio</span> <span class='ocrx_word' id='word_1_321' title='bbox 1125 2813 1174 2854; x_wconf 91' lang='lat' dir='ltr'>fit</span> <span class='ocrx_word' id='word_1_322' title='bbox 1211 2828 1235 2854; x_wconf 86' lang='lat' dir='ltr'>a</span> <span class='ocrx_word' id='word_1_323' title='bbox 1274 2812 1448 2867; x_wconf 80' lang='lat' dir='ltr'>Gregor.</span> <span class='ocrx_word' id='word_1_324' title='bbox 1486 2813 1576 2856; x_wconf 90' lang='lat' dir='ltr'>Lib.</span> <span class='ocrx_word' id='word_1_325' title='bbox 1616 2815 1678 2857; x_wconf 85' lang='lat'>11.</span> 
     </span>
     <span class='ocr_line' id='line_1_39' title="bbox 124 2881 1680 2937; baseline 0.003 -14"><span class='ocrx_word' id='word_1_326' title='bbox 124 2881 246 2934; x_wconf 90' lang='lat' dir='ltr'>epist.</span> <span class='ocrx_word' id='word_1_327' title='bbox 275 2882 312 2923; x_wconf 85' lang='lat'>3.</span> <span class='ocrx_word' id='word_1_328' title='bbox 340 2882 429 2924; x_wconf 90' lang='lat' dir='ltr'>Alii</span> <span class='ocrx_word' id='word_1_329' title='bbox 455 2882 559 2924; x_wconf 92' lang='lat' dir='ltr'>illud</span> <span class='ocrx_word' id='word_1_330' title='bbox 588 2882 793 2935; x_wconf 88' lang='lat' dir='ltr'>similiter,</span> <span class='ocrx_word' id='word_1_331' title='bbox 822 2898 908 2925; x_wconf 89' lang='lat' dir='ltr'>non</span> <span class='ocrx_word' id='word_1_332' title='bbox 936 2886 1079 2926; x_wconf 90' lang='lat' dir='ltr'>tamen</span> <span class='ocrx_word' id='word_1_333' title='bbox 1103 2882 1281 2925; x_wconf 85' lang='lat' dir='ltr'>Judaice</span> <span class='ocrx_word' id='word_1_334' title='bbox 1306 2884 1501 2937; x_wconf 87' lang='lat' dir='ltr'>otiantes,</span> <span class='ocrx_word' id='word_1_335' title='bbox 1524 2885 1680 2928; x_wconf 86' lang='lat' dir='ltr'>festum</span> 
     </span>
     <span class='ocr_line' id='line_1_40' title="bbox 122 2952 1678 3009; baseline 0.003 -15"><span class='ocrx_word' id='word_1_336' title='bbox 122 2952 359 3003; x_wconf 83' lang='lat' dir='ltr'>habebant3</span> <span class='ocrx_word' id='word_1_337' title='bbox 400 2954 514 3006; x_wconf 87' lang='lat' dir='ltr'>quod</span> <span class='ocrx_word' id='word_1_338' title='bbox 548 2954 676 2996; x_wconf 88' lang='lat' dir='ltr'>etiam</span> <span class='ocrx_word' id='word_1_339' title='bbox 704 2953 845 2997; x_wconf 82' lang='lat' dir='ltr'>videre</span> <span class='ocrx_word' id='word_1_340' title='bbox 875 2957 937 2996; x_wconf 88' lang='lat' dir='ltr'>est</span> <span class='ocrx_word' id='word_1_341' title='bbox 965 2954 1079 3008; x_wconf 89' lang='lat' dir='ltr'>apud</span> <span class='ocrx_word' id='word_1_342' title='bbox 1107 2953 1236 2997; x_wconf 82' lang='lat' dir='ltr'>Clem.</span> <span class='ocrx_word' id='word_1_343' title='bbox 1266 2955 1388 2998; x_wconf 85' lang='lat' dir='ltr'>Rom.</span> <span class='ocrx_word' id='word_1_344' title='bbox 1417 2955 1560 3009; x_wconf 87' lang='lat' dir='ltr'>Episc.</span> <span class='ocrx_word' id='word_1_345' title='bbox 1590 2955 1678 2998; x_wconf 88' lang='lat' dir='ltr'>Lib.</span> 
     </span>
    </p>
   </div>
  </div>
 </body>
</html>
