1931 3224
446 140 510 182 Dn
538 140 579 183 S.
608 139 764 182 ScmPr.
796 136 967 180 NECESS.
995 151 1043 178 ET
1072 136 1252 178 Auaron.
1573 133 1620 175 11

67 270 257 317 torem,
296 265 346 307 de
373 264 520 320 primis
548 266 591 306 et
618 263 924 319 Apostolorum
952 260 1084 303 aetati
1111 259 1288 311 coaevis,
1318 260 1392 299 aut
1419 256 1625 312 proximis

69 337 318 381 Christianis
344 337 387 378 id
411 336 551 390 ipsum
579 335 728 378 testari
754 334 836 375 fuit
865 335 1046 375 coactus.

120 407 234 451 XVI.
263 407 396 450 Iidem
425 421 594 460 quoque
622 405 860 459 Scriptores
889 403 1020 454 Sacri,
1050 402 1265 444 auditores
1296 403 1338 442 et
1367 403 1626 455 spectatores

67 480 240 522 fuerunt
267 493 425 529 eorum,
450 492 557 531 quae
581 477 748 532 scriptis
771 475 1095 528 consignarunt3
1120 473 1248 526 idque
1273 472 1350 514 sub
1371 470 1628 513 conscientia

68 550 299 592 multarum
334 548 557 590 hominum
594 547 844 601 myriadum,
875 546 949 599 qui
976 545 1121 587 eadem
1148 544 1355 594 viderunt,
1386 545 1427 584 et
1456 541 1627 583 audive-

68 624 181 664 runt.
210 621 386 664 Nullam
416 635 584 673 quoque
611 620 867 661 mundanam
897 617 1089 672 gloriam,
1119 618 1192 658 aut
1222 629 1335 668 opeS,
1364 628 1441 667 per
1469 612 1628 666 scripta

69 708 143 734 sua
190 692 508 745 quaesiverunt3
557 691 629 733 sed
666 693 826 741 contra,
862 704 948 730 non
986 688 1068 729 nisi
1103 685 1431 740 persecutiones,
1473 698 1629 735 cruceS,

69 766 111 806 et
138 765 296 804 mortes
322 762 405 804 illis
432 762 476 804 in
503 762 660 804 mundo
687 761 860 803 fuerunt
884 760 1212 813 exspectandae3
1239 772 1368 812 quum
1384 756 1500 798 nulla
1514 755 1630 809 ipsis,

68 834 149 876 nisi
189 834 413 876 adversum
433 833 581 887 ipsos,
624 847 740 874 arma
783 834 920 874 essent
958 833 1120 885 parata,
1151 833 1193 872 et
1219 829 1413 883 plerique
1441 827 1631 882 ipsorum

69 920 145 947 suo
186 905 392 958 sanguine
432 904 657 946 veritatem
694 919 718 944 a
756 918 799 945 se
839 902 1105 956 propositam
1140 900 1320 942 libenter
1350 899 1629 954 obsignarint.

71 976 225 1019 Omnes
263 976 443 1029 denique
482 989 566 1016 uno
596 989 813 1025 consensu,
843 973 1018 1015 diversis
1043 972 1087 1013 in
1115 971 1232 1023 locis,
1263 971 1436 1012 diversis
1464 973 1630 1023 tempo-

69 1048 199 1100 ribus,
237 1047 412 1089 diversis
448 1045 774 1097 conditionibus,
812 1045 957 1087 eadem
996 1044 1167 1086 omnino
1207 1043 1454 1093 docuerunt,
1484 1044 1526 1083 et
1553 1056 1631 1095 po-

70 1119 193 1161 steris
245 1118 330 1160 suis
372 1118 647 1171 reliquerunt.
691 1116 779 1158 Aut
820 1116 936 1157 nulla
979 1130 1080 1168 ergo
1123 1114 1309 1156 humana
1351 1113 1510 1166 scripta
1552 1127 1630 1166 pro

70 1190 179 1233 veris
216 1190 409 1232 habenda
439 1191 550 1241 sunt,
579 1191 652 1230 aut
681 1188 833 1231 Sacrae
860 1186 1076 1229 Historiae
1105 1201 1183 1240 pro
1212 1185 1323 1227 veris
1353 1187 1394 1227 et
1424 1184 1549 1226 certis
1578 1183 1630 1224 ab

72 1262 267 1304 omnibus
295 1264 394 1303 sunt
421 1261 723 1314 agnoscendae,
752 1274 800 1301 ac
828 1259 1007 1313 proinde
1036 1261 1078 1300 et
1106 1272 1185 1313 pro
1215 1256 1379 1299 divinis.

123 1332 260 1380 XVJI.
290 1333 406 1375 Haec
433 1333 543 1374 ratio
574 1331 758 1374 hominis
785 1330 953 1386 profani
981 1332 1168 1372 mentem
1196 1328 1443 1371 convincere
1467 1328 1630 1382 potest3

72 1420 180 1459 quae
209 1407 455 1458 sequuntur,
486 1404 625 1455 etiam,
654 1418 731 1457 per
758 1403 840 1444 Dei
869 1402 1064 1456 gratiam,
1093 1402 1219 1444 fidem
1248 1401 1511 1454 ingenerare.

124 1476 421 1519 Secundum
449 1489 578 1529 ergo
608 1489 780 1528 genus
810 1474 1117 1527 argumenti
1145 1473 1308 1526 petitur
1329 1488 1353 1514 a
1373 1471 1633 1525 perfectione

72 1549 115 1590 et
143 1547 364 1589 divinitate
391 1546 640 1600 Religionis,
670 1560 778 1598 quae
806 1545 925 1587 libris
953 1545 1037 1586 illis
1062 1544 1315 1586 continetur.
1339 1542 1496 1585 Veram
1521 1542 1633 1584 enim

72 1619 339 1672 Religionem
376 1634 401 1660 a
436 1618 528 1660 Deo
567 1617 656 1659 solo
684 1616 920 1671 profectam
950 1626 1056 1667 esse,
1079 1630 1204 1657 nemo
1234 1629 1421 1668 unquam
1448 1613 1634 1667 negavit,

74 1705 206 1744 quum
240 1691 313 1732 illa
347 1689 496 1731 foedus
533 1689 614 1731 Dei
652 1704 748 1730 cum
785 1688 957 1730 homine
994 1686 1339 1740 comprehendat,
1378 1688 1507 1738 atque
1538 1685 1632 1726 ideo

72 1761 275 1803 falsarum
305 1775 475 1814 quoque
503 1760 779 1815 Religionum
806 1759 1015 1800 Auctores
1044 1758 1310 1800 divinitatem
1340 1757 1525 1809 aliquam
1551 1756 1634 1797 sint

75 1832 279 1874 ementiti.
316 1832 416 1874 Jam
446 1847 546 1874 vero
574 1831 842 1885 Religionem
871 1830 1155 1872 Christianam
1183 1829 1316 1871 solam
1346 1844 1396 1870 ex
1426 1828 1634 1879 omnibus,

74 1918 183 1958 quae
224 1903 429 1945 hactenus
469 1903 514 1944 in
555 1903 712 1944 mundo
755 1902 924 1956 publice
966 1904 1161 1955 receptae
1204 1903 1314 1953 sunt,
1355 1915 1443 1942 esse
1479 1914 1634 1949 veram,

72 1975 169 2018 inde
207 1975 531 2026 demonstratur,
571 1975 686 2028 quod
723 1974 797 2016 illa
832 1974 922 2016 sola
950 1988 1085 2023 verae,
1114 1988 1162 2014 ac
1189 1972 1369 2026 proinde
1399 1974 1440 2014 et
1469 1971 1634 2013 divinae

73 2045 310 2100 Religionis
337 2048 462 2088 notas
490 2045 659 2087 habeat.

126 2117 284 2160 XVIII.
321 2117 464 2160 Notae
501 2119 644 2159 autem
680 2117 924 2159 infallibiles
951 2116 1189 2170 Religionis
1216 2131 1352 2168 verae,
1382 2115 1637 2157 conscientia

74 2189 296 2231 hominum
336 2189 381 2230 id
421 2188 523 2244 ipsis
566 2188 764 2241 dictante,
806 2189 887 2230 hae
929 2191 1038 2230 sunt.
1078 2188 1236 2240 Primo,
1277 2188 1416 2241 quod
1453 2187 1506 2228 in
1542 2186 1638 2228 illa

75 2275 235 2303 verus
271 2260 411 2302 Deus
450 2259 698 2312 Creator,
738 2262 789 2303 et
827 2259 1166 2302 Gubernator
1202 2259 1434 2302 omnium
1463 2273 1638 2300 rerum

76 2332 223 2374 solus
267 2335 621 2386 agnoscatur,
664 2334 714 2374 et
755 2332 995 2382 colatur3
1039 2332 1164 2374 sicuti
1206 2331 1250 2373 in
1288 2331 1378 2373 sola
1414 2328 1638 2383 Religione

77 2402 316 2445 Christiana
358 2404 425 2446 sit.
467 2403 581 2446 Nam
607 2403 804 2456 Ethnica,
834 2418 942 2457 quae
969 2405 1067 2458 post
1095 2402 1380 2445 Christianam
1408 2403 1471 2442 est
1496 2402 1639 2442 vetus-

75 2476 251 2528 tissima,
290 2478 517 2528 creaturas,
556 2476 643 2519 imo
682 2479 724 2519 et
751 2478 885 2520 malos
913 2476 1068 2520 Genios
1096 2491 1175 2531 pro
1203 2476 1298 2517 Diis
1321 2475 1435 2517 colit.
1460 2472 1637 2515 Turcica

75 2565 190 2602 vero,
228 2553 269 2593 et
305 2549 483 2592 Judaica
509 2550 728 2603 hodierna,
758 2550 837 2592 etsi
866 2551 916 2592 de
944 2565 1044 2592 vero
1075 2551 1167 2593 Deo
1198 2551 1417 2604 glorietur,
1446 2549 1637 2603 praeter-

78 2637 206 2676 quam
235 2622 350 2676 quod
376 2621 566 2675 ipsarum
596 2622 718 2676 origo
747 2622 792 2664 in
819 2622 976 2664 mundo
1007 2625 1070 2664 est
1098 2636 1255 2674 recens,
1284 2621 1373 2664 veri
1402 2621 1482 2663 Dei
1511 2623 1638 2673 atque

78 2711 256 2750 operum
298 2695 387 2748 ejus
428 2694 629 2736 notitiam
665 2694 941 2749 ineptissimis
978 2694 1140 2736 fabulis
1173 2696 1214 2735 et
1253 2692 1500 2736 commentis
1539 2706 1639 2735 con-

78 2771 263 2825 spurcat.

130 2840 244 2883 XIX.
281 2839 472 2884 Secunda
507 2853 631 2881 verae
669 2838 906 2893 Religionis
933 2840 1036 2881 nota
1065 2840 1148 2880 est:
1179 2837 1329 2887 Quod
1356 2837 1409 2879 in
1436 2851 1494 2880 ea
1523 2837 1640 2880 sola

77 2926 204 2954 vera
257 2911 402 2954 ratio
453 2910 784 2965 explicetur,
837 2924 931 2964 per
983 2924 1138 2963 quam
1178 2909 1334 2951 homo
1378 2911 1640 2963 peccator

79 2997 192 3024 cum
232 2982 341 3025 Deo
384 2981 740 3025 reconciliari
780 2980 980 3035 possit,
1025 2995 1152 3033 quam
1189 2979 1234 3022 in
1271 2979 1512 3023 Christiana
1549 2980 1640 3023 sola
