1931 3224
570 99 634 141 DE
662 99 843 142 Pnasom
873 101 1020 144 PA'rffls
1049 117 1097 144 m
1126 103 1243 145 Fan.
1632 109 1682 153 73

123 241 288 280 opera
310 240 551 268 manuum
575 227 786 267 tuarum
810 228 935 267 sunt
958 227 1121 277 coeli;
1146 227 1247 270 illa
1266 231 1518 283 peritura
1536 238 1679 287 sunt,

121 299 178 338 tu
219 299 392 338 autem
433 311 734 350 permaneS,
779 298 856 338 etc.
901 312 1008 350 quae
1046 298 1174 340 verba
1214 299 1263 341 de
1301 300 1412 343 Filio
1442 302 1523 344 Dei
1551 320 1682 347 enun-

121 368 232 409 ciata
260 382 360 419 esse,
388 367 500 408 idem
529 367 762 421 Apostolus
792 368 845 409 ad
869 367 977 409 Heb.
1006 369 1040 421 1,
1069 370 1130 410 10.
1158 370 1270 413 clare
1293 374 1488 416 testatur.
1514 375 1627 417 Esai.
1644 378 1680 418 6.

119 438 362 492 Prophetae
398 441 579 491 apparet
607 438 815 480 Dominus
845 440 1030 482 insidens
1061 440 1169 483 solio
1200 442 1374 495 gloriae,
1407 447 1449 485 et
1479 445 1682 489 Cherubi-

118 524 271 551 norum
318 509 482 563 stipatu
528 510 702 562 cinctus,
751 511 825 563 qui
876 511 1053 553 eundem
1099 512 1234 554 mittit
1282 514 1334 555 ad
1376 516 1584 569 populum
1620 517 1682 559 Is-

119 581 255 634 raelis,
309 583 357 623 ut
408 582 662 635 pronunciet
714 582 913 623 adversus
956 583 1145 637 ipsorum
1189 587 1494 629 contumaciam
1541 589 1681 631 divina

115 652 285 705 judicia.
335 651 554 694 Johannes
606 667 706 694 vero
759 667 849 706 cap.
893 654 955 706 12,
997 654 1047 695 41
1093 656 1256 706 asserit,
1300 656 1432 700 haec
1476 659 1682 702 dixisse

118 723 333 765 Esaiam
376 739 489 765 cum
527 723 758 777 gloriam
799 725 932 777 ejus,
978 740 1130 780 nempe
1173 726 1343 782 Christi,
1382 730 1596 773 videret
1633 734 1683 773 et

118 797 427 837 testaretur
457 795 517 837 de
545 796 679 849 ipso.

170 864 327 908 XXIV.
366 866 566 908 Alterum
593 866 916 908 fundamentum
946 868 1108 920 petitur
1138 883 1188 910 ex
1220 872 1515 914 communione
1545 874 1682 915 nomi-

117 951 230 988 num,
272 937 597 992 proprietatum,
641 952 819 991 operum
861 940 903 979 et
947 938 1085 980 cultus
1130 940 1272 993 divini,
1317 957 1424 995 quae
1467 946 1530 985 est
1570 945 1681 988 inter

118 1007 277 1049 Filium
306 1010 348 1050 et
377 1007 549 1050 Patrem
578 1011 796 1062 tamquam
825 1024 972 1051 verum
1003 1012 1045 1052 et
1074 1014 1291 1054 aeternum
1322 1012 1471 1056 Deum.

171 1078 305 1120 XXV.
332 1078 445 1120 Nam
460 1080 693 1132 cuicunque
710 1080 905 1123 absolute
922 1084 963 1123 et
978 1082 1231 1135 simpliciter
1247 1084 1494 1127 tribuuntur
1508 1088 1681 1130 nomina

118 1149 210 1192 Deo
239 1151 427 1204 propria,
459 1151 743 1206 proprietates
773 1151 854 1193 Dei
883 1153 1143 1205 essentiales,
1174 1169 1304 1208 opera
1332 1171 1429 1198 vere
1459 1158 1601 1200 divina
1638 1162 1679 1201 et

117 1222 256 1263 cultus
296 1222 378 1264 soli
415 1222 506 1264 Deo
538 1224 803 1276 conveniens,
834 1225 870 1265 is
901 1226 965 1266 est
1008 1239 1144 1277 verus,
1175 1229 1371 1269 aeternus
1410 1231 1452 1270 et
1488 1244 1680 1272 coessen-

114 1293 231 1335 tialis
270 1309 365 1336 cum
401 1294 530 1336 Patre
568 1295 694 1337 Deus.
733 1295 793 1337 At
830 1295 936 1338 haec
973 1297 1116 1338 omnia
1153 1296 1266 1340 Filio
1305 1299 1386 1342 Dei
1415 1301 1610 1344 absolute
1638 1305 1680 1344 et

118 1365 369 1419 simpliciter
406 1366 664 1408 tribuuntur.
701 1367 819 1421 Ergo
860 1367 997 1409 Filius
1036 1368 1116 1411 Dei
1156 1372 1220 1411 est
1247 1385 1382 1424 verus,
1414 1375 1609 1416 aeternus
1639 1377 1681 1416 ct

120 1436 412 1478 coessentialis
442 1436 561 1479 Patri
590 1436 719 1479 Deus.

170 1506 327 1550 XXVI.
356 1507 497 1561 Major
525 1508 652 1562 hujus
681 1508 931 1563 Syllogismi
962 1513 1025 1552 est
1051 1511 1303 1561 αὐτόπιστος.
1331 1514 1445 1557 Nam
1461 1531 1556 1558 cum
1571 1532 1679 1560 unus

115 1581 284 1621 tantum
322 1580 379 1621 sit
416 1579 544 1633 Deus,
582 1581 655 1634 qui
684 1581 867 1634 gloriam
896 1597 1015 1624 suam
1044 1583 1167 1625 alteri
1195 1599 1281 1626 non
1310 1585 1382 1627 dat
1411 1588 1452 1628 et
1481 1602 1575 1629 cum
1604 1604 1680 1642 per

113 1651 219 1693 haec
261 1651 525 1704 γνωρίσματα
567 1667 610 1694 se
646 1652 788 1706 ipsum
817 1668 842 1694 a
870 1655 1075 1696 creaturis
1105 1657 1146 1696 et
1176 1655 1256 1697 diis
1284 1657 1548 1710 imaginariis
1577 1675 1675 1713 pas-

115 1723 195 1764 sim
233 1718 483 1777 distinguat,
521 1724 760 1765 necessario
800 1727 928 1777 atque
966 1725 1290 1769 irrefutabiliter
1328 1730 1531 1782 sequitur,
1571 1745 1678 1784 eum,

115 1793 182 1835 cui
224 1794 366 1835 eadem
414 1809 521 1847 quae
564 1794 684 1836 Patri
725 1795 984 1848 tribuuntur,
1031 1811 1121 1838 esse
1163 1798 1351 1849 ejusdem
1388 1801 1593 1844 essentiae
1630 1818 1679 1844 ac

114 1864 349 1907 divinitatis
389 1880 484 1907 cum
520 1866 660 1908 Patre.
700 1866 842 1908 Minor
879 1882 978 1909 vero
1009 1868 1155 1910 multis
1185 1872 1423 1925 perspicuis
1452 1887 1500 1914 ac
1531 1874 1678 1916 solidis

114 1934 155 1977 S.
186 1935 432 1990 Scripturae
460 1937 565 1979 locis
593 1937 758 1989 nititur,
790 1953 811 1979 e
843 1939 996 1992 quibus
1025 1942 1249 1993 sequentia
1277 1943 1504 1986 sufficiunt.

167 2006 345 2049 XXVII.
384 2006 583 2061 Nomina,
623 2024 731 2062 quae
768 2008 860 2051 Deo
899 2011 1075 2065 propria
1104 2015 1214 2065 sunt,
1246 2016 1287 2055 et
1316 2013 1428 2056 Filio
1458 2016 1525 2058 vel
1553 2017 1678 2060 abso-

113 2077 202 2120 lute
240 2080 616 2132 communicantur,
648 2080 714 2122 vel
744 2096 839 2122 cuni
869 2083 1075 2135 ejusmodi
1106 2084 1307 2137 epithetis
1336 2101 1443 2139 quae
1473 2088 1579 2130 nulli
1607 2089 1679 2131 alii

115 2152 373 2204 competunt,
410 2150 521 2193 inter
551 2153 690 2193 cetera
719 2155 818 2194 sunt
846 2152 972 2196 haec:
1003 2154 1172 2197 Nomen
1201 2156 1404 2210 Jehovae,
1433 2158 1519 2200 Jer.
1548 2161 1611 2211 23,
1639 2162 1676 2202 6.

114 2221 164 2260 et
201 2220 494 2262 vocabitur
531 2221 739 2266 Jehova
773 2226 1004 2278 justitia
1035 2230 1236 2269 nostra.
1266 2228 1433 2272 Nomen
1464 2230 1556 2282 Dei,
1585 2234 1677 2273 tum

114 2289 376 2342 attributive‚
414 2290 513 2334 Joh.
553 2293 589 2345 1,
627 2295 664 2336 1.
705 2295 940 2338 Verbum
970 2301 1089 2339 erat
1117 2298 1278 2351 Deus,
1309 2302 1401 2342 tum
1432 2302 1675 2355 subjective,

113 2361 208 2402 Act.
252 2362 315 2412 20,
358 2363 421 2404 28.
466 2362 608 2406 Deus
651 2367 879 2409 redemit
916 2368 1220 2411 Ecclesiam
1259 2386 1351 2413 suo
1390 2374 1675 2426 sanguine,

113 2432 207 2474 vide
237 2435 279 2474 et
308 2432 376 2475 Ps.
406 2434 470 2486 45,
501 2435 536 2476 7.
568 2438 610 2477 et
639 2437 659 2478 1
693 2437 801 2480 Tim.
831 2440 869 2491 3,
895 2440 957 2481 16.
987 2440 1209 2493 Dominus,
1235 2442 1303 2484 Ps.
1334 2443 1423 2494 110,
1455 2444 1489 2486 1.
1520 2443 1676 2487 Dixit

112 2502 320 2545 Jehova
374 2504 602 2548 Domino
653 2523 787 2561 meo,
839 2511 942 2552 item
995 2513 1266 2565 conjunctim,
1317 2514 1456 2556 Deus
1506 2516 1574 2557 mi
1626 2519 1676 2558 et

113 2574 337 2618 Domine
380 2578 467 2628 mi,
512 2577 611 2620 Joh.
655 2581 716 2621 20.
759 2582 822 2623 28.
861 2581 1053 2624 Vocatur
1092 2599 1261 2638 quoque
1289 2589 1570 2629 scrutator
1599 2603 1675 2630 re-

112 2661 233 2688 num
264 2650 314 2689 et
343 2649 605 2701 cordium,
634 2651 769 2705 Apoc.
800 2653 836 2704 2,
867 2654 930 2695 23.
964 2653 1074 2696 Rex
1105 2656 1307 2710 Regum
1340 2660 1389 2699 et
1413 2657 1673 2702 Dominus

115 2718 534 2773 dominantium,
573 2721 708 2775 Apoc.
748 2724 810 2776 17,
850 2725 912 2766 14.
954 2728 1030 2768 0130.
1072 2728 1132 2778 19,
1164 2728 1225 2776 16.
1255 2727 1596 2784 Principium
1625 2733 1674 2773 et

113 2789 270 2842 finis,
320 2791 499 2845 Alpha
551 2795 601 2835 013
646 2793 863 2849 Omega,
906 2798 1111 2850 primus
1156 2801 1206 2840 et
1247 2799 1498 2853 ultimus,
1540 2801 1672 2857 Apoc.

115 2861 178 2912 22,
223 2862 285 2904 13.
326 2862 435 2905 Item
477 2879 502 2905 a
539 2864 672 2907 Paulo
712 2865 855 2909 Deus
893 2883 1056 2921 super
1087 2870 1259 2910 omnia
1289 2869 1591 2915 laudandus
1620 2874 1673 2916 in

113 2932 317 2985 secula,
356 2933 479 2976 Rom.
518 2935 555 2987 9,
593 2936 630 2977 5.
670 2936 931 2980 Dominus
960 2939 1194 2992 gloriae,
1226 2941 1246 2981 1
1278 2940 1371 2983 Cor.
1402 2944 1438 2994 2,
1468 2944 1504 2985 8.
1532 2943 1672 2986 Deus
