1931 3224
207 191 282 233 178
796 178 1038 219 DISPUTATIO
1068 172 1162 215 XX.

204 312 382 360 vocatio,
420 310 464 350 in
503 321 585 359 qua
622 304 736 346 Deus
775 305 816 343 et
855 299 1044 342 cordium
1081 295 1280 352 cognitor
1319 296 1360 335 et
1389 293 1579 335 veritatis
1607 292 1761 334 vindex

203 383 446 438 agnoscitur
479 379 531 420 ab
557 377 608 418 iis
635 376 707 429 qui
726 374 885 427 jurant,
916 373 963 411 ut
990 368 1183 421 exempla
1208 367 1249 408 et
1273 366 1366 407 loca
1390 379 1519 418 supra
1542 363 1765 418 proposita

204 454 451 501 ostendunt3
490 452 531 492 et
568 463 662 490 cum
697 445 792 487 finis
830 441 1012 526 legitimi
1045 437 1277 493 juramenti
1309 437 1362 478 ab
1391 435 1603 490 Apostolo
1631 433 1763 476 Hebr.

202 529 240 579 6,
281 527 341 568 16.
380 523 586 571 laudetur,
618 517 730 571 quod
758 516 811 557 sit
840 529 975 561 ποια-κς
1008 510 1247 562 ἀντιλογίαις
1278 509 1403 562 πέρας
1438 509 1492 555 εἷς
1527 506 1762 559 βεβαίωσιν,

204 596 372 639 01111113
412 587 828 635 controversiae
866 584 999 626 finis
1038 583 1099 624 ad
1137 580 1621 624 confirmationem
1653 579 1764 620 inter

201 667 414 710 homines:
456 663 552 705 inde
590 657 824 702 necessario
865 655 1090 709 colligitur,
1129 655 1219 707 ejus
1258 667 1380 694 usum
1417 651 1529 693 inter
1570 650 1764 693 homines

198 739 452 783 laudabilem
490 751 578 778 esse
607 736 648 776 et
677 749 700 774 a
728 732 819 774 Deo
848 729 1088 785 probatum.

252 810 370 853 XIII.
408 808 551 850 Primo
588 805 722 858 igitur
759 803 842 844 hoc
879 802 1050 842 nostrae
1089 796 1392 851 disputationis
1421 794 1613 836 membro
1644 808 1764 836 mon-

200 886 349 933 strato,
375 883 464 934 jam
491 878 614 920 nobis
642 875 932 927 legitimorum
959 871 1299 924 juramentorum
1322 869 1476 908 natura
1504 881 1553 907 ac
1577 864 1763 907 conditio

199 955 423 1008 diligenter
453 953 514 993 est
541 946 805 1001 inquirenda,
835 946 883 985 ut
909 942 1027 984 licita
1055 941 1107 982 ab
1133 939 1306 991 illicitis,
1333 953 1383 980 ex
1406 937 1488 980 Dei
1510 936 1639 979 verbo
1666 950 1765 990 pos-

200 1027 328 1069 simus
359 1023 630 1075 distinguere.

252 1095 368 1139 XIV.
407 1093 434 1136 J
438 1094 703 1135 uramentum
743 1102 844 1142 ergo
884 1086 1125 1140 legitimum
1162 1098 1253 1126 esse
1286 1081 1524 1133 asserimus,
1555 1079 1765 1122 actionem

201 1168 457 1224 religiosam,
497 1179 579 1216 qua
617 1162 754 1203 Deum
787 1160 831 1201 in
860 1160 1013 1199 testem
1043 1170 1190 1198 eorum
1219 1168 1327 1207 quae
1356 1152 1533 1195 dicimus
1562 1153 1635 1192 aut
1663 1164 1764 1204 pro-

202 1240 422 1289 mittimus,
461 1236 721 1284 invocamus,
760 1234 808 1272 ut
838 1231 887 1272 de
918 1243 1064 1271 eorum
1092 1227 1271 1269 veritate
1302 1241 1349 1268 ac
1379 1224 1630 1267 certitudine
1660 1221 1765 1264 alios

202 1325 369 1354 securos
406 1308 640 1357 reddamus,
681 1303 848 1357 quando
878 1301 1016 1355 gloria
1044 1299 1137 1351 Dei,
1165 1298 1381 1340 Ecclesiae
1409 1295 1659 1347 aedificatiO,
1688 1309 1765 1347 pa-

201 1383 308 1424 triae
338 1381 462 1431 salus,
493 1381 565 1420 aut
593 1375 779 1431 proximi
809 1374 962 1417 caritas
993 1372 1037 1414 id
1067 1386 1090 1412 a
1118 1370 1241 1412 nobis
1271 1369 1505 1423 postulant.

251 1452 344 1494 XV.
379 1451 606 1493 Actionem
636 1463 723 1490 esse
752 1446 1009 1499 religiosam,
1042 1458 1093 1485 ex
1121 1442 1391 1484 invocatione
1421 1439 1550 1482 divini
1580 1437 1764 1480 nominis

199 1525 338 1578 patet;
380 1522 490 1564 unde
530 1523 571 1562 et
608 1520 652 1561 in
687 1517 930 1560 solennibus
954 1513 1208 1568 juramentis
1237 1512 1344 1554 ritus
1375 1511 1546 1564 quidam
1575 1507 1766 1562 religiosi

202 1594 417 1637 observari
446 1594 556 1634 inter
580 1590 774 1632 homines
801 1602 967 1641 semper
989 1586 1162 1628 fuerunt
1187 1584 1324 1634 soliti3
1348 1583 1393 1624 111
1418 1596 1600 1635 quorum
1621 1583 1766 1622 tamen

201 1665 496 1708 observatione
526 1662 774 1717 superstitio
807 1663 849 1702 et
878 1658 1123 1701 idololatria
1153 1657 1379 1710 diligenter
1409 1653 1592 1696 cavenda
1622 1654 1697 1694 est.

251 1736 366 1779 XVI.
407 1736 562 1777 Forma
599 1734 725 1786 liujus
761 1730 1044 1774 invocationis
1073 1731 1137 1771 est
1166 1728 1343 1781 duplex:
1373 1726 1441 1768 vel
1464 1725 1577 1767 enim
1601 1723 1766 1777 simpli-

199 1809 303 1851 citer
328 1807 444 1849 Deus
468 1808 513 1848 in
537 1808 692 1848 testem
716 1804 910 1846 veritatis
934 1803 1168 1852 invocatur,
1195 1797 1553 1852 quemadmodum
1573 1811 1624 1837 ex
1638 1795 1762 1837 Rom.

200 1881 236 1931 1,
266 1881 302 1921 9.
333 1882 374 1920 et
402 1878 512 1920 Phil.
543 1879 580 1929 1,
611 1877 648 1918 8.
680 1879 803 1918 antea
831 1876 969 1917 visum
998 1876 1082 1924 est3
1111 1872 1179 1915 vel
1205 1870 1468 1913 invocationi
1491 1868 1554 1910 illi
1579 1866 1764 1920 simplici

201 1951 433 1992 exsecratio
474 1949 733 2002 adjungitur,
774 1963 856 2000 qua
894 1946 975 1987 Dei
1011 1946 1056 1986 in
1093 1959 1172 1986 nos
1208 1942 1442 1984 vindictam
1478 1940 1515 1981 si
1553 1939 1762 1990 fallamus,

198 2023 266 2065 vel
305 2021 510 2063 auxilium
548 2023 620 2062 aut
656 2019 906 2061 beneficium
937 2017 972 2058 si
1000 2031 1099 2058 vera
1124 2016 1325 2068 juremus,
1355 2013 1659 2065 imprecamur:
1691 2024 1763 2051 cu-

195 2093 381 2147 jusmodi
417 2093 604 2134 diversae
642 2090 848 2132 formulae
876 2089 1038 2143 passim
1065 2088 1110 2128 in
1140 2085 1369 2139 Scripturis
1398 2086 1636 2135 occurrunt,
1667 2081 1762 2123 vide

198 2165 318 2206 Ruth
345 2164 382 2215 1,
413 2164 475 2204 17.
507 2164 527 2204 1
558 2162 664 2215 Reg.
694 2162 730 2212 1,
757 2162 820 2203 29.
852 2163 894 2202 et
921 2160 957 2211 2,
986 2159 1050 2200 23.
1079 2157 1142 2199 24.
1170 2156 1277 2198 Item
1308 2157 1332 2197 2
1363 2155 1456 2197 Cor.
1486 2155 1522 2206 1,
1553 2154 1616 2195 23.
1647 2154 1725 2194 etc.

253 2233 389 2277 XVII.
427 2233 477 2275 In
515 2236 696 2286 utroque
732 2232 816 2274 hoc
839 2230 1010 2284 jurandi
1039 2229 1179 2280 modo,
1210 2229 1297 2270 sive
1326 2226 1522 2281 simplici,
1551 2226 1638 2267 sive
1668 2239 1762 2266 cum

199 2306 504 2360 imprecatione
555 2305 792 2357 conjuncto,
846 2301 974 2344 solius
1015 2300 1097 2342 Dei
1138 2314 1292 2341 nomen
1335 2313 1425 2340 esse
1466 2295 1760 2347 invocandum,

200 2378 447 2427 asserimus3
479 2390 574 2418 cum
604 2378 645 2416 et
674 2375 744 2415 ille
774 2373 891 2415 solus
921 2373 976 2414 sit
1007 2371 1336 2424 καρδιογνώστης,
1368 2372 1410 2412 et
1438 2382 1659 2422 supremus
1691 2381 1762 2409 ve-

198 2449 339 2491 ritatis
371 2447 560 2490 occultae
589 2446 756 2497 vindex,
783 2447 824 2486 et
853 2459 995 2486 sacrae
1020 2443 1168 2484 literae
1193 2442 1237 2483 in
1263 2440 1458 2483 omnibus
1486 2439 1560 2492 qui
1585 2439 1635 2479 de
1659 2451 1760 2480 vero

195 2522 436 2573 juramento
463 2520 607 2572 agunt,
632 2517 751 2568 locis,
777 2516 906 2558 solius
931 2514 1019 2556 veri
1045 2516 1087 2556 et
1109 2513 1289 2555 viventis
1314 2511 1394 2553 Dei
1416 2525 1572 2552 nomen
1597 2510 1760 2552 sonent.

252 2590 410 2633 XVIII.
452 2589 576 2632 Unde
618 2589 889 2644 perspicuum
927 2589 1002 2638 est,
1040 2585 1293 2627 assertiones
1331 2582 1557 2625 nonnullas
1595 2597 1620 2623 a
1656 2580 1759 2623 viris

200 2661 328 2703 etiam
357 2661 512 2703 sanctis
541 2674 861 2712 nonnumquam
888 2660 1129 2712 usurpatas,
1159 2659 1206 2698 ut
1231 2672 1255 2697 a
1279 2655 1456 2708 Joseph.
1482 2653 1583 2696 Gen.
1606 2653 1670 2705 42,
1696 2652 1760 2696 15.

199 2732 284 2774 Ita
320 2733 470 2774 vivat
507 2731 741 2782 Pharao;
768 2730 820 2772 ab
849 2729 987 2781 Anna,
1019 2731 1154 2770 matre
1185 2726 1404 2779 Samuelis,
1434 2727 1455 2768 1
1486 2724 1598 2768 Sam.
1629 2725 1670 2776 1,
1693 2723 1757 2765 26.

199 2802 269 2845 Ut
298 2804 436 2844 vivit
465 2804 640 2844 anima
668 2805 782 2854 tua,
812 2801 1039 2843 Domine
1067 2801 1157 2851 mi,
1188 2803 1265 2842 etc.
1294 2813 1381 2841 non
1405 2811 1495 2840 esse
1517 2796 1759 2849 juramenta

199 2873 372 2927 proprie
410 2874 533 2925 dicta,
565 2874 664 2926 quia
693 2873 809 2915 nulla
836 2873 906 2914 hic
935 2874 998 2914 est
1026 2886 1188 2913 annexa
1215 2870 1451 2920 invocati03
1486 2867 1559 2910 sed
1591 2868 1759 2908 tantum

202 2943 370 2986 collatio
411 2959 504 2986 cum
541 2945 678 2997 rebus,
720 2959 898 2997 quarum
935 2943 1205 2985 incolumitas
1244 2958 1293 2985 ac
1331 2941 1518 2995 dignitas
1553 2938 1638 2981 illis
1667 2940 1759 2980 erat

201 3014 329 3066 cordi,
359 3017 432 3056 aut
461 3015 510 3056 de
541 3029 720 3067 quarum
748 3016 929 3057 veritate
956 3015 1067 3057 inter
1094 3015 1211 3067 ipsos
1240 3013 1476 3056 constabat.
