1931 3224
213 176 265 216 40
827 162 1064 204 stPU'rATm
1092 158 1144 201 V.

215 297 242 340 S
257 297 332 339 cri
346 294 524 349 pturis
562 307 588 346 p
602 290 746 334 osita
783 285 999 328 invenia
1013 286 1145 333 ntur,
1186 282 1314 333 atque
1352 280 1405 322 ab
1445 278 1640 322 omnibus
1678 291 1757 332 pro

214 367 433 409 vocatione
472 366 513 405 et
550 362 646 403 fidei
679 372 883 408 mensura,
915 353 1136 406 dijudicari
1166 355 1206 395 et
1236 351 1478 394 salutariter
1507 349 1589 392 sibi
1617 348 1758 402 appli-

215 438 298 479 cari
325 436 502 489 possint.
1561 478 1563 480 Ι

266 507 317 549 Χ.
355 505 445 548 Nec
482 508 622 546 tamen
660 503 819 543 interea
842 511 1058 551 negamus,
1089 494 1189 548 quin
1218 493 1422 536 nonnulla
1451 505 1620 545 quoque
1650 489 1761 532 diffi-

216 580 361 621 ciliora
397 579 439 618 in
477 577 528 617 iis
567 575 740 623 exstent,
780 573 827 611 ut
855 569 1006 611 Petrus
1035 568 1071 608 2.
1101 565 1299 620 Epistola
1329 580 1420 618 cap.
1449 564 1525 606 ult.
1553 564 1737 605 testatur
1752 578 1762 613 3

218 653 258 691 et
287 663 392 701 quae
421 647 532 700 stylo
561 644 696 697 magis
726 640 941 683 recondito
971 641 1068 680 sunt
1096 637 1264 688 tradita,
1294 638 1387 677 tum
1413 638 1462 677 ut
1491 636 1762 688 contemptus

218 723 258 762 et
310 718 526 760 fastidium
578 715 628 756 ab
673 715 759 766 ejus
803 711 1003 753 continua
1042 708 1222 750 lectione
1258 708 1527 749 removeatur
1538 721 1546 755 3
1584 708 1676 747 tum
1714 707 1763 746 ut

218 788 460 843 arrogantia
489 788 690 835 dometur,
723 786 763 825 et
793 781 982 824 omnium
1011 779 1235 832 diligentia
1268 778 1474 819 excitetur
1486 793 1494 826 3
1523 778 1615 818 tum
1647 776 1763 818 deni-

219 876 309 913 que,
346 862 393 900 ut
431 872 515 899 non
544 856 625 897 nisi
654 869 747 896 cum
775 851 1022 903 reverentia,
1051 850 1188 892 nostri
1218 848 1566 899 sanctificatione,
1598 848 1640 888 et
1667 861 1764 901 pre-

219 931 334 973 cibus
372 929 423 970 ad
460 929 546 981 ejus
584 926 807 968 lectionem
844 938 891 964 ac
929 922 1232 964 scrutationem
1271 920 1530 971 accedamus,
1570 918 1764 972 exemplo

219 1001 391 1042 Davidis
417 998 527 1040 Psal.
554 998 640 1039 119.
666 996 745 1038 Sed
769 1009 910 1036 rursus
936 1008 1030 1035 cum
1055 993 1201 1034 eodem
1224 991 1470 1047 Augustino
1496 991 1522 1032 d
1534 1005 1555 1032 e
1580 989 1619 1031 D
1633 1005 1657 1032 o
1671 1005 1692 1031 c
1703 992 1722 1031 t
1732 1005 1766 1031 r.

220 1072 287 1113 Ch
301 1071 416 1112 rist.
453 1068 558 1110 Lib.
598 1069 632 1119 2,
671 1081 704 1108 c.
740 1067 775 1107 6.
815 1065 1093 1107 affirmamus:
1122 1063 1264 1104 nihil
1294 1062 1410 1104 fere
1440 1062 1498 1103 de
1522 1060 1766 1103 difficul-

219 1143 430 1184 tatibus
459 1139 575 1181 illis
606 1138 730 1189 erui,
763 1136 901 1190 quod
929 1150 1023 1177 non
1053 1134 1188 1176 alibi
1213 1132 1539 1187 planissime
1563 1132 1768 1174 dictum

220 1212 537 1267 reperiatur,
575 1210 703 1251 adeo
741 1211 797 1249 ut
834 1206 1082 1260 Spiritus
1121 1204 1355 1248 Sanctus
1393 1204 1536 1247 locis
1567 1203 1768 1258 aperti-

222 1285 406 1327 oribus
444 1282 570 1324 fami
609 1282 870 1331 occurrat,
910 1277 1330 1320 obscurioribus
1369 1291 1495 1319 vero
1534 1275 1770 1319 fastidia

223 1356 248 1397 d
260 1371 280 1397 e
290 1358 309 1396 t
320 1370 341 1396 e
351 1370 372 1396 r
384 1369 411 1407 g
424 1369 447 1395 a
459 1356 487 1395 t.

275 1424 345 1466 XI.
384 1424 500 1466 Haec
539 1423 578 1466 S.
619 1423 859 1476 Scripturae
887 1422 928 1463 in
960 1420 1086 1463 rebus
1116 1420 1168 1462 ad
1196 1420 1322 1462 fidem
1350 1434 1574 1473 moresque
1602 1419 1771 1461 vivendi

223 1496 467 1538 necessariis
506 1495 798 1548 perspicuitas,
840 1493 985 1534 multis
1023 1492 1192 1534 invictis
1231 1491 1493 1545 argumentis
1529 1492 1571 1533 et
1601 1489 1770 1532 disertis

225 1567 264 1610 S.
294 1567 535 1621 Scripturae
562 1566 664 1608 locis
694 1566 1016 1607 demonstratur.

277 1637 369 1680 XII.
409 1637 551 1679 Primo
591 1652 641 1678 ex
679 1652 739 1689 eo,
778 1636 891 1689 quod
928 1635 1044 1678 Deus
1084 1636 1277 1689 alioquin
1313 1635 1471 1677 frustra
1504 1634 1700 1688 jussisset
1728 1634 1773 1675 in

225 1709 320 1751 Vet.
363 1709 475 1751 Test.
516 1711 563 1749 ut
605 1708 657 1750 ad
697 1708 1020 1750 instructionem
1056 1707 1154 1749 fidei
1193 1710 1234 1749 et
1271 1722 1438 1750 morum
1476 1721 1649 1749 suorum
1686 1720 1772 1748 non

224 1784 390 1824 tantum
428 1780 673 1823 Sacerdotes
714 1782 755 1821 et
784 1779 965 1831 Levitae,
998 1779 1069 1821 sed
1099 1779 1237 1832 quivis
1267 1779 1397 1821 etiam
1425 1778 1569 1821 fideles
1600 1776 1774 1820 Sacram

227 1852 488 1906 Scripturam
515 1851 713 1905 legerent,
744 1853 817 1892 aut
844 1851 929 1904 legi
958 1851 1164 1892 audirent.
1193 1850 1304 1904 Regi
1330 1864 1527 1904 expresse
1549 1848 1774 1891 mandatur

227 1924 351 1965 Deut.
380 1924 442 1974 17,
472 1923 533 1964 19.
562 1925 618 1963 ut
642 1922 790 1976 legat
813 1923 866 1963 in
891 1937 947 1964 ea
973 1922 1219 1964 omnibus
1245 1921 1436 1963 diebus
1460 1921 1609 1963 vitae
1634 1935 1774 1973 suae,

227 1997 284 2036 ut
326 1994 501 2036 discat
542 1995 734 2036 timere
776 1993 1039 2036 Jehovam
1074 1993 1243 2036 Deum
1281 2008 1442 2045 suum,
1482 1992 1776 2035 observare

231 2066 407 2107 omnia
442 2065 605 2107 verba
643 2065 799 2118 hujus
838 2066 993 2119 legis,
1035 2068 1085 2107 et
1124 2067 1340 2107 statuta
1369 2064 1489 2116 ista,
1519 2063 1774 2106 faciendo

231 2151 298 2177 ea.
339 2136 375 2177 D
390 2139 550 2178 euter.
589 2137 650 2188 31,
692 2137 753 2178 11.
793 2137 1064 2190 praecipitur,
1094 2139 1142 2178 ut
1171 2136 1392 2190 legatur
1420 2135 1553 2178 haec
1581 2135 1668 2178 lex
1698 2150 1775 2178 co-

231 2222 339 2249 ram
378 2210 498 2249 toto
526 2207 733 2249 Israe'le
766 2209 819 2249 in
848 2208 1070 2250 auribus
1101 2223 1284 2250 eorum
1314 2209 1433 2260 etc.,
1462 2209 1521 2249 ut
1549 2207 1778 2249 audiant

234 2281 284 2320 et
314 2278 539 2330 discant,
566 2279 905 2332 timeantque
934 2279 1199 2322 Jehovam
1229 2283 1343 2332 etc.,
1375 2282 1417 2322 et
1441 2279 1536 2322 Isai.
1562 2280 1598 2333 8,
1624 2281 1687 2322 20.
1717 2279 1780 2322 ad

234 2348 405 2401 legem
443 2351 492 2390 et
528 2351 904 2392 testimonium
940 2351 1327 2394 consulendum
1355 2354 1473 2394 totus
1501 2351 1685 2406 populus
1713 2366 1779 2393 re-

235 2419 429 2460 mittitur.

287 2489 402 2531 XIII.
440 2491 508 2534 Sic
546 2492 673 2533 etiam
702 2494 745 2535 in
777 2492 902 2536 Novo
936 2494 1119 2536 Testam.
1149 2494 1177 2536 J
1180 2494 1248 2537 oh.
1279 2496 1315 2548 5,
1347 2495 1411 2537 39.
1435 2495 1556 2549 jubet
1586 2494 1780 2537 Christus

237 2564 291 2603 ut
346 2566 661 2606 scrutentur
716 2564 1054 2620 Scripturas,
1101 2567 1224 2619 quia
1277 2567 1677 2609 existimabant
1728 2581 1780 2608 se

238 2636 401 2676 vitam
439 2638 711 2678 aeternam
749 2637 802 2678 in
839 2638 909 2679 iis
946 2638 1284 2680 inventuros.
1322 2637 1420 2680 Luc.
1460 2639 1523 2680 16.
1560 2637 1782 2680 Abraham

240 2707 416 2748 remittit
454 2707 602 2749 fratres
641 2708 782 2750 divitis
821 2709 873 2750 ad
901 2708 946 2750 M
959 2725 982 2752 o
993 2724 1011 2751 s
1025 2724 1045 2751 e
1056 2725 1099 2751 m
1129 2712 1178 2752 et
1206 2710 1241 2752 P
1252 2726 1272 2752 r
1284 2726 1339 2765 op
1351 2710 1380 2752 h
1393 2725 1414 2753 e
1424 2713 1443 2752 t
1455 2726 1479 2753 a
1490 2726 1521 2763 s,
1551 2713 1600 2753 ut
1627 2710 1782 2753 inferni

240 2792 395 2830 poenas
427 2779 560 2820 vitare
587 2780 763 2832 possint.
801 2779 899 2822 Joh.
924 2782 986 2832 20,
1016 2781 1078 2823 31.
1110 2781 1224 2834 dicit,
1254 2781 1282 2823 h
1295 2797 1319 2824 a
1330 2797 1351 2824 e
1362 2797 1384 2824 c
1412 2797 1431 2824 s
1443 2783 1623 2836 cripta
1651 2796 1673 2823 e
1686 2796 1704 2824 s
1716 2796 1735 2824 s
1748 2796 1780 2835 e,

243 2850 299 2889 ut
336 2849 454 2889 cred
468 2851 573 2891 atis
612 2850 803 2903 (quosvis
842 2851 1089 2905 alloquitur)
1127 2852 1311 2895 Jesum
1340 2869 1458 2897 esse
1487 2842 1781 2907 Christum,

246 2921 296 2960 et
338 2919 622 2962 credentes
662 2923 830 2964 vitam
873 2925 1148 2965 aeternam
1183 2924 1438 2967 habeatis
1475 2926 1530 2967 in
1567 2924 1783 2967 nomine

248 2990 373 3041 ejus.
403 2989 551 3032 Petrus
578 2992 614 3032 2.
644 2992 764 3046 epist.
796 3007 829 3035 c.
861 2993 896 3035 1.
926 2993 1039 3047 dicit,
1079 3009 1144 3047 qu
1155 3009 1179 3037 o
1193 2995 1219 3037 d
1246 3010 1267 3036 r
1278 3010 1299 3037 e
1312 2998 1394 3038 cte
1423 2995 1635 3038 faciant
1664 2993 1783 3048 (fide-

1922 2937 1931 3054 ,ΑΛ-4....-
1924 2909 1931 2928 „-
