1931 3224
260 123 337 165 594
829 124 1074 166 D1sPUTAT10
1104 122 1254 166 XLIX.

261 247 464 288 mitana
501 246 718 300 synodo
758 246 802 287 in
841 248 1048 290 electione
1075 247 1300 301 Matthiae,
1328 248 1423 290 Act.
1453 248 1488 301 1,
1519 248 1581 291 15.
1609 248 1720 292 Item
1747 265 1821 293 se-

262 318 452 370 cunda,
492 318 535 358 in
573 316 864 360 Diaconorum
901 319 1184 373 institutione,
1224 319 1320 362 Act.
1359 319 1395 362 6.
1435 318 1546 368 Quin
1576 321 1749 363 tertia
1777 322 1822 364 in

260 389 571 432 controversiae
601 389 650 431 de
680 390 953 433 observantia
983 390 1188 433 Judaicae
1216 390 1343 444 Legis
1376 390 1599 444 decisione,
1631 391 1727 445 Act,
1758 392 1822 435 15.

258 460 344 502 Ubi
383 461 508 513 plena
538 460 711 513 Synodi,
740 462 990 504 universalis
1022 477 1204 515 quoque,
1236 465 1387 516 utpote
1422 477 1517 504 cum
1546 465 1716 516 praeter
1744 462 1822 505 Ju-

259 532 384 573 daeos
427 534 469 573 et
513 530 712 574 Gentium
752 533 884 586 legati
929 533 1154 586 adfuerint,
1204 534 1314 575 ratio
1359 536 1526 576 servata
1570 536 1654 576 est:
1694 536 1822 588 atque

259 603 551 656 archetypum,
592 605 633 645 et
673 604 913 658 exemplum
953 607 1147 647 exactum
1178 607 1254 657 est,
1285 606 1337 647 ad
1367 606 1485 659 cujus
1515 605 1695 648 formam
1723 606 1823 648 reli-

258 690 361 727 quas
391 676 660 718 succedentes
689 676 855 718 institui
886 679 927 718 et
956 677 1214 719 conformari
1245 677 1448 731 oportuit.
1475 677 1680 727 Quarta
1705 677 1822 719 deni-

257 761 337 799 que
375 747 617 800 assignatur
653 747 698 788 in
735 762 860 790 causa
897 747 1032 801 Pauli,
1071 748 1167 790 Act.
1197 748 1260 790 21.
1290 749 1475 791 accusati
1503 751 1722 802 tamquam
1751 749 1822 791 de-

256 818 429 860 sertoris
459 833 483 859 a
512 817 634 871 Lege.

249 889 252 892 ’
308 887 423 930 XIII.
464 888 587 939 Quod
626 892 667 931 et
706 889 904 944 deinceps
933 891 977 932 in
1005 890 1194 933 Ecclesia
1224 890 1382 933 Christi
1412 891 1490 933 sub
1519 906 1642 934 cruce
1671 894 1714 933 et
1743 892 1820 934 sub

257 961 496 1013 patrocinio
541 962 711 1016 piorum
753 962 1067 1016 Imperatorum
1110 963 1380 1005 observatum
1418 963 1821 1017 frequentatumque

258 1034 334 1074 est.
376 1031 576 1081 Quamvis
617 1034 693 1075 sub
730 1033 922 1088 Regibus
959 1034 1189 1087 Francicis,
1228 1034 1433 1087 Gothicis,
1475 1035 1652 1088 aliisque
1690 1050 1822 1089 usque

259 1104 357 1145 duni
396 1104 567 1160 Papalis
605 1106 800 1158 tyrannis
840 1106 982 1148 omnia
1009 1107 1179 1159 invasit,
1211 1107 1263 1148 ad
1292 1107 1476 1149 mixtum
1503 1107 1625 1149 illum
1654 1121 1822 1150 conses-

260 1190 352 1217 sum
388 1191 629 1230 regressum
668 1179 743 1219 est.
782 1176 849 1219 Ita
888 1181 935 1219 ut
964 1177 1152 1220 Concilia
1183 1193 1328 1220 eorum
1355 1194 1441 1220 non
1469 1180 1637 1221 tantum
1664 1177 1823 1221 fuerint

261 1246 653 1290 Ecclesiastici
692 1252 1016 1302 conventus,
1048 1251 1121 1292 sed
1151 1253 1192 1293 et
1219 1250 1449 1305 Imperii
1477 1251 1712 1293 comitia.

312 1318 427 1360 XIV.
468 1319 585 1372 Ergo
627 1319 1035 1363 Consistorium
1072 1321 1251 1375 Papae
1290 1337 1404 1364 011111
1433 1321 1823 1364 Cardinalibus

263 1390 393 1442 suis,
422 1392 466 1432 in
496 1406 579 1444 quo
605 1391 755 1444 judicii
786 1392 981 1433 absoluta
1010 1392 1066 1434 sit
1094 1395 1300 1446 potestas,
1327 1392 1393 1445 (ut
1419 1395 1460 1435 et
1483 1394 1601 1435 totus
1624 1393 1695 1434 hic
1719 1393 1821 1434 ordo

260 1460 402 1514 Papae
443 1464 483 1503 et
523 1462 828 1515 Cardinalium)
867 1463 1056 1515 humani,
1095 1463 1181 1506 imo
1222 1463 1553 1506 Antichristiani
1589 1463 1752 1505 inventi
1783 1464 1824 1504 et

259 1532 447 1574 instituti
479 1535 562 1583 est3
595 1548 763 1576 omnem
792 1549 937 1576 revera
968 1534 1255 1577 Conciliorum
1284 1535 1494 1577 rationem
1526 1536 1729 1576 evertens.

308 1602 401 1645 XV.
442 1603 504 1646 Ut
544 1608 688 1647 autem
725 1608 862 1647 totam
899 1606 1110 1648 rationem
1141 1606 1397 1660 Synodicam
1426 1605 1613 1661 pressius
1642 1605 1825 1659 accipia-

256 1689 360 1727 mus,
416 1676 722 1718 consideranda
774 1692 825 1718 ex
878 1677 1023 1719 ordine
1075 1680 1185 1729 sunt,
1229 1676 1526 1729 Personae,
1569 1676 1740 1719 Locus
1783 1678 1825 1718 et

256 1745 506 1800 Tempus,
551 1747 675 1800 Res,
720 1748 1101 1802 Actionesque
1140 1749 1467 1803 Synodales,
1508 1748 1682 1800 ejusque
1719 1745 1824 1789 Mo—

257 1817 369 1869 dus,
400 1817 610 1871 Forma,
640 1819 795 1860 Finis
827 1822 868 1862 et
896 1820 1236 1863 Auctoritas.

311 1887 425 1930 XVI.
464 1889 707 1932 Persona
744 1891 811 1932 vel
850 1894 949 1933 sunt
987 1891 1277 1934 Convocantes
1307 1894 1436 1944 atque
1466 1891 1727 1944 ablegantes,
1755 1888 1824 1931 vel

257 1959 523 2003 Convocatae
552 1961 803 2015 missaeque,
833 1977 906 2004 seu
932 1963 1229 2005 convenientes
1257 1962 1302 2004 in
1332 1962 1564 2016 synodum.

309 2030 444 2073 XVII.
489 2031 827 2074 Indictionis
875 2035 925 2074 et
965 2033 1392 2075 convocationis
1427 2034 1512 2086 jus
1552 2034 1604 2074 et
1642 2035 1822 2073 aucto-

256 2102 397 2143 ritas
427 2105 489 2144 est
518 2119 646 2156 penes
676 2104 922 2156 Ecclesiam,
952 2104 1252 2158 Ecclesiaeque
1279 2105 1470 2147 membra
1501 2104 1682 2157 (nullum
1710 2103 1822 2145 enim

252 2174 321 2225 jus
362 2175 403 2215 in
435 2175 643 2228 regimine
671 2175 886 2218 Ecclesiae
917 2175 1059 2228 habet,
1090 2177 1163 2229 qui
1192 2177 1242 2218 de
1270 2176 1462 2219 Ecclesia
1490 2190 1576 2218 nou
1603 2174 1750 2227 fuerit)
1781 2176 1822 2216 et

259 2244 428 2296 quidem
467 2246 813 2289 Ecclesiasticum
852 2262 1107 2300 consessum,
1147 2248 1214 2290 cui
1244 2247 1459 2290 Ecclesiae
1489 2247 1680 2300 regimen
1708 2260 1822 2288 com-

256 2315 432 2358 missum
463 2319 536 2358 est.

310 2385 469 2429 XVIII.
507 2387 573 2429 Ita
610 2389 661 2430 ab
698 2389 823 2431 initio
862 2389 906 2431 in
939 2390 1070 2432 arduo
1102 2391 1245 2444 aliquo
1275 2392 1319 2432 in
1348 2390 1538 2433 Ecclesia
1568 2392 1717 2432 exorto
1747 2404 1820 2432 ne-

257 2458 389 2510 gotio,
429 2459 613 2501 maxime
644 2460 693 2502 de
722 2461 942 2514 religione,
974 2463 1147 2516 ejusque
1177 2477 1254 2516 per
1282 2462 1437 2504 falsam
1465 2461 1720 2504 sententiam
1748 2476 1819 2503 seu

256 2527 451 2571 haeresin
498 2530 743 2584 violatione,
781 2532 989 2587 Episcopi
1028 2537 1069 2575 et
1109 2534 1355 2587 Presbyteri
1395 2533 1593 2587 proximi,
1634 2533 1819 2586 aliquo

257 2604 582 2654 praeeunte,
623 2605 697 2645 aut
733 2618 823 2646 sese
862 2607 1011 2646 mutuo
1052 2605 1376 2647 admonentibus
1415 2608 1568 2659 sponte
1598 2603 1820 2647 convenie-

255 2670 380 2713 bant:
424 2674 471 2714 ut
515 2673 637 2716 docet
675 2673 872 2729 Synodus
908 2676 1241 2730 Apostolica
1279 2676 1819 2731 Hierosolymitana,

255 2741 402 2784 Actor.
440 2744 501 2796 15,
541 2745 576 2786 2.
617 2748 657 2787 et
696 2747 732 2787 6.
772 2748 813 2788 013
850 2748 913 2800 21,
954 2748 1016 2789 18.
1056 2748 1357 2802 Ephesina,
1388 2749 1534 2790 Actor.
1564 2747 1628 2799 20,
1658 2747 1721 2789 17.
1750 2745 1820 2789 Sic

257 2812 608 2856 Antiochena
644 2818 838 2870 tempore
876 2818 1098 2860 Aureliani
1135 2818 1338 2873 Caesaris,
1375 2820 1420 2861 in
1457 2833 1542 2873 qua
1578 2817 1713 2860 Paulo
1743 2816 1819 2860 Sa-

259 2885 476 2925 mosateno
517 2885 733 2939 Episcopo
765 2887 1036 2931 Antiocheno
1067 2890 1347 2932 contendente
1376 2889 1592 2932 Christum
1622 2904 1713 2932 esse
1740 2904 1819 2931 nu-

260 2952 359 2993 dum
406 2953 635 3008 hominem,
683 2958 989 3002 advocantibus
1026 2961 1115 3013 ejus
1153 2960 1366 3003 Ecclesiae
1403 2959 1684 3014 Presbyteris,
1714 2959 1820 3013 Epi-

1927 1586 1931 1603 1

1926 2716 1931 2742 ..Α
1922 2545 1931 2709 ..-s.--‹.-.
1927 2517 1931 2537 -.
1927 2476 1931 2504 r«
1926 2440 1931 2468 ΛΑ.
