1931 3224
402 157 465 201 DE
496 158 527 200 J
533 172 824 202 usr1r1cAT10NE
851 157 1027 199 HOMINIS
1056 172 1183 200 coRAM
1214 157 1313 199 ΠΕΟ.
1568 157 1644 198 337

90 282 176 324 imo
206 283 258 324 ab
286 283 439 336 Apost.
464 283 605 326 fides
633 284 898 338 imputari
928 283 1082 325 dicitur
1111 283 1170 324 ad
1195 282 1498 335 justitiam,
1524 280 1645 322 Rom.

90 355 128 405 4,
152 355 189 395 3.
214 355 250 396 5.
274 355 310 396 6.
336 355 372 396 9.
399 356 460 397 11.
485 356 549 398 22.
575 357 637 398 23.
661 356 724 398 24.
749 355 849 398 Non
880 356 1037 409 πρώτως
1065 354 1131 397 καὶ
1159 363 1251 396 κατ’
1279 353 1388 402 αὐτὸ,
1419 353 1446 394 1.
1474 353 1612 406 prim
1628 367 1651 394 0

93 427 143 466 et
177 440 269 478 per
296 441 367 478 se,
397 429 453 468 ut
483 427 727 479 qualitas
757 428 943 481 proprie,
975 430 1047 469 aut
1075 429 1229 479 motus,
1261 425 1370 468 actio
1400 423 1466 467 vel
1494 424 1652 479 passio,

92 499 166 539 aut
196 512 303 552 opus
332 498 508 551 aliquod
535 499 695 541 bonum
724 502 766 541 et
795 500 938 541 eximii
967 499 1108 553 pretii,
1135 498 1256 551 quasi
1280 497 1372 552 ipsa
1395 497 1450 538 sit
1471 496 1649 550 justitia,

93 573 166 611 aut
203 570 291 623 ejus
327 584 440 623 pars,
477 572 551 611 aut
589 571 717 612 etiam
750 571 941 624 justitiae
977 571 1086 622 1000,
1125 585 1175 612 ex
1213 584 1340 612 censu
1379 570 1420 610 et
1455 568 1651 610 aestima-

93 642 210 684 tione
234 640 326 692 Dei,
353 642 425 683 sed
451 641 637 694 δευτέρως
668 642 736 684 m.)
768 652 860 685 nom-⁹
893 641 1012 691 ἄλλο,
1043 641 1362 684 secundario
1394 641 1443 680 et
1469 653 1652 680 secun-

95 714 213 756 dum
249 712 417 765 aliud,
456 729 608 768 nempe
646 717 704 756 ut
741 714 949 765 modus,
986 713 1216 755 medium
1245 714 1295 754 et
1323 711 1653 752 instrumen-

93 787 223 837 tum,
265 799 340 827 ceu
377 785 523 827 oculus
564 788 606 827 et
643 800 805 837 manus,
835 800 918 838 qua
947 783 1107 826 Christi
1134 785 1307 837 ejusque
1333 783 1526 836 justitiae
1555 797 1653 836 par-

94 857 246 910 ticipes
287 857 515 910 reddimur,
560 845 749 910 adeoque
790 856 1030 898 relative
1072 855 1134 897 ad
1179 855 1453 907 objectum
1494 853 1654 906 Jesum,

94 928 228 982 ipsius
252 930 466 981 justitiam
496 932 537 971 et
565 929 868 983 promissiones
897 927 1073 981 gratiae,
1103 926 1215 967 Phil.
1244 927 1280 978 3,
1311 927 1347 967 9.

148 999 347 1041 XXVIII.
385 999 459 1041 Ea
497 1000 615 1042 sola
648 998 1052 1053 justificamur,
1093 998 1191 1050 quia
1230 997 1354 1038 aliter
1392 996 1654 1052 apprehendi

96 1072 399 1125 promissiones
437 1071 531 1123 Dei,
568 1069 761 1112 remissio
794 1072 1068 1123 peccatorum
1106 1071 1148 1110 et
1177 1069 1313 1110 aliena
1336 1069 1517 1122 justitia,
1547 1068 1656 1110 vita-

97 1158 178 1197 que
216 1143 313 1185 inde
351 1144 522 1184 aeterna
558 1157 644 1184 non
681 1142 844 1194 potest3
873 1154 1010 1192 neque
1035 1139 1148 1180 aliud
1176 1139 1506 1181 instrumentum
1534 1153 1655 1181 mon-

97 1216 236 1266 strari,
274 1214 340 1256 vel
378 1228 429 1255 ex
464 1215 559 1255 tota
595 1212 828 1265 Scriptura,
867 1211 933 1253 vel
971 1213 1065 1252 tota
1102 1210 1163 1252 rei
1200 1212 1364 1253 natura.
1403 1209 1503 1252 Non
1547 1210 1657 1252 enim

96 1286 272 1328 caritate
309 1288 382 1327 aut
418 1285 541 1327 bonis
580 1284 781 1338 operibus
820 1283 924 1325 haec
962 1282 1055 1336 ipsa
1093 1282 1371 1335 accipiuntur,
1411 1282 1484 1324 sed
1522 1282 1656 1324 solam

96 1359 222 1401 fidem
251 1357 367 1400 Deus
395 1357 447 1400 ad
475 1357 580 1399 haec
608 1355 831 1398 ordinavit.

150 1429 305 1472 XXIX.
338 1431 544 1471 Attamen
572 1429 667 1482 ipsa
694 1443 781 1470 non
811 1430 873 1469 est
903 1427 1180 1477 solitaria,
1213 1429 1254 1468 01
1285 1427 1373 1468 81110
1402 1426 1654 1478 obedientia,

96 1502 220 1544 bonis
264 1501 460 1557 operibus
503 1515 575 1542 8011
612 1501 789 1541 03111310
826 1513 926 1540 vera
964 1501 1006 1540 01
1043 1498 1138 1539 viva
1174 1497 1289 1548 fides,
1329 1496 1419 1538 Gal.
1459 1498 1496 1548 5,
1534 1499 1571 1539 6.
1610 1500 1658 1538 ut

98 1588 205 1626 quae
235 1588 285 1615 ex
313 1573 646 1626 regeneratione,
678 1586 784 1624 quae
812 1570 937 1612 fidem
967 1571 1008 1611 et
1033 1568 1369 1622 resipiscentiam
1393 1569 1518 1610 simul
1542 1584 1657 1610 00111-

97 1644 337 1698 prehendit,
377 1644 532 1696 existit,
570 1646 612 1685 et
643 1658 736 1685 cum
764 1641 1058 1695 resipiscentia
1087 1640 1303 1691 coexistit;
1334 1654 1465 1692 eaque
1495 1639 1657 1681 corda

98 1716 346 1758 mundari
385 1716 592 1767 dicuntur,
631 1714 727 1756 Act.
767 1714 829 1765 15,
868 1715 904 1755 9.
943 1712 1043 1766 Ipsa
1080 1712 1225 1765 itaque
1248 1712 1542 1765 justificamur,
1573 1726 1658 1753 non

98 1802 206 1840 quae
236 1787 291 1828 sit
319 1787 478 1839 absque
507 1786 719 1840 operibus,
749 1787 937 1827 attamen
961 1784 1120 1837 absque
1145 1784 1345 1837 operibus
1363 1783 1657 1836 justificamur.

151 1857 287 1899 XXX.
326 1857 478 1899 Omnia
508 1872 608 1910 ergo
639 1857 754 1909 haec,
785 1855 926 1897 Deus
949 1856 1299 1909 justificans,
1330 1871 1422 1897 sua
1451 1856 1655 1909 gratia,

100 1930 298 1984 gratis,
329 1929 600 1983 gratiose3
632 1931 673 1970 et
701 1931 954 1982 propter,
983 1928 1037 1969 in
1061 1930 1102 1969 et
1127 1943 1220 1981 per
1246 1927 1523 1969 Christum
1548 1928 1658 1980 ejus-

101 2016 182 2054 que
221 2000 591 2042 obedientiam
631 2002 671 2041 et
696 1999 1000 2052 justitiam,
1026 1999 1402 2052 justitiaeque
1430 1999 1659 2052 imputa-

99 2074 253 2115 tione
305 2074 346 2114 et
383 2071 515 2123 fide,
560 2071 718 2125 optime
761 2070 873 2112 inter
915 2085 958 2112 se
1007 2070 1248 2112 cohaerent.
1291 2070 1435 2114 Unum
1477 2069 1659 2112 alterum

100 2145 236 2198 ponit,
273 2143 458 2198 praefert
495 2144 569 2184 aut
595 2142 735 2184 infert.
765 2142 928 2192 Quibus
957 2157 1009 2184 ex
1037 2156 1187 2195 aequo,
1215 2141 1287 2183 sed
1314 2144 1457 2183 tamen
1486 2155 1560 2183 800
1591 2155 1658 2182 or-

102 2215 210 2265 dine,
248 2215 423 2257 adversa
459 2216 569 2266 sunt,
608 2213 758 2256 salvari
796 2229 870 2256 seu
894 2213 1119 2266 justificari
1144 2228 1194 2255 ex
1223 2212 1403 2264 nobis,
1433 2226 1484 2254 ex
1513 2211 1658 2265 lege,

103 2289 145 2328 et
183 2302 261 2340 per
288 2286 485 2340 legem,
515 2285 797 2339 operibus,
822 2284 1049 2338 justitia
1076 2286 1267 2325 nostra
1296 2284 1655 2338 propriaque,

104 2374 154 2401 ex
191 2358 377 2400 debito
415 2372 464 2399 30
498 2356 693 2398 merito
731 2358 933 2398 nostro.
970 2355 1178 2408 Adeoque
1210 2369 1296 2397 non
1324 2356 1520 2408 pugnant
1546 2355 1657 2396 inter

104 2444 146 2472 se
186 2429 376 2483 gratuita
411 2427 494 2470 Dei
526 2427 775 2481 justificatio
815 2442 909 2469 cum
946 2426 1104 2468 Christi
1140 2426 1306 2478 merito,
1343 2428 1385 2467 et
1413 2425 1495 2467 Dei
1521 2426 1661 2479 impu-

102 2502 276 2551 tatione,
320 2502 395 2542 aut
436 2515 530 2542 eum
569 2499 635 2541 his
676 2499 792 2541 fides.
832 2498 1086 2541 Subalterna
1125 2499 1236 2540 enim
1277 2500 1388 2549 sunt,
1428 2497 1538 2539 unde
1574 2511 1662 2539 non

104 2572 248 2615 obstat
286 2586 370 2625 quo
399 2571 538 2613 minus
567 2571 756 2624 gratuita
784 2570 840 2612 sit
866 2569 1052 2611 hominis
1076 2569 1326 2622 justificatio
1357 2583 1408 2610 ex
1436 2583 1552 2610 mera
1580 2567 1660 2610 Dei

103 2643 405 2695 misericordia,
445 2645 486 2685 et
522 2642 778 2684 interveniat
814 2640 972 2683 Christi
1009 2641 1220 2683 meritum.
1260 2639 1412 2692 Neque
1440 2654 1515 2694 per
1541 2639 1660 2681 illam

106 2715 221 2757 aliud
257 2714 498 2766 secluditur,
537 2728 663 2766 quam
702 2727 832 2767 opera
866 2715 1026 2765 nostra,
1065 2727 1152 2755 non
1179 2711 1282 2753 item
1311 2711 1480 2754 Christi.
1509 2709 1661 2764 Neque

103 2787 332 2841 imputatio
360 2785 442 2828 Dei
472 2785 661 2839 gratuita
689 2784 884 2826 absoluta
914 2786 989 2835 est,
1020 2783 1091 2826 sed
1116 2783 1324 2836 justitiae,
1353 2785 1459 2837 puta
1489 2781 1659 2824 Christi.

104 2856 256 2910 Neque
295 2857 423 2899 etiam
459 2856 600 2898 fides
636 2870 731 2897 sua
769 2855 1047 2911 dignitate
1085 2856 1291 2905 censetur,
1331 2853 1404 2907 sed
1433 2852 1660 2906 objecti3

106 2931 180 2970 aut
217 2928 331 2971 aliud
369 2943 394 2969 a
428 2927 582 2971 merito
621 2926 776 2969 Christi
814 2926 929 2978 dicit,
959 2925 1030 2968 sed
1059 2924 1347 2979 perceptionis
1379 2925 1467 2977 ejus
1495 2926 1663 2966 tantum

105 3000 289 3043 modum.

1488 3071 1521 3095 22
