<?xml version="1.0" encoding="UTF-8"?>
<!DOCTYPE html PUBLIC "-//W3C//DTD XHTML 1.0 Transitional//EN"
    "http://www.w3.org/TR/xhtml1/DTD/xhtml1-transitional.dtd">
<html xmlns="http://www.w3.org/1999/xhtml" xml:lang="en" lang="en">
 <head>
  <title>
</title>
<meta http-equiv="Content-Type" content="text/html;charset=utf-8" />
  <meta name='ocr-system' content='tesseract 3.04.00' />
  <meta name='ocr-capabilities' content='ocr_page ocr_carea ocr_par ocr_line ocrx_word'/>
</head>
<body>
  <div class='ocr_page' id='page_1' title='image "./synopsispurioris00poly_0030.png"; bbox 0 0 1931 3224; ppageno 0'>
   <div class='ocr_carea' id='block_1_1' title="bbox 242 127 1186 181">
    <p class='ocr_par' dir='ltr' id='par_1_1' title="bbox 242 127 1186 181">
     <span class='ocr_line' id='line_1_1' title="bbox 242 127 1186 181; baseline -0.007 -5"><span class='ocrx_word' id='word_1_1' title='bbox 242 141 267 181; x_wconf 89' lang='grc'>8</span> <span class='ocrx_word' id='word_1_2' title='bbox 850 129 1093 172; x_wconf 73' lang='lat' dir='ltr'>strurArm</span> <span class='ocrx_word' id='word_1_3' title='bbox 1133 127 1186 170; x_wconf 92' lang='lat' dir='ltr'>II.</span> 
     </span>
    </p>
   </div>
   <div class='ocr_carea' id='block_1_2' title="bbox 214 251 1824 3023">
    <p class='ocr_par' dir='ltr' id='par_1_2' title="bbox 242 251 1806 662">
     <span class='ocr_line' id='line_1_2' title="bbox 244 251 1802 310; baseline -0.008 -4"><span class='ocrx_word' id='word_1_4' title='bbox 244 263 356 306; x_wconf 89' lang='lat' dir='ltr'>culto</span> <span class='ocrx_word' id='word_1_5' title='bbox 384 261 600 310; x_wconf 84' lang='lat' dir='ltr'>instinctu,</span> <span class='ocrx_word' id='word_1_6' title='bbox 630 259 679 298; x_wconf 91' lang='lat' dir='ltr'>ut</span> <span class='ocrx_word' id='word_1_7' title='bbox 705 254 984 298; x_wconf 71' lang='lat' dir='ltr'>revelationes</span> <span class='ocrx_word' id='word_1_8' title='bbox 1012 267 1107 294; x_wconf 86' lang='lat' dir='ltr'>suas</span> <span class='ocrx_word' id='word_1_9' title='bbox 1138 251 1297 305; x_wconf 87' lang='lat' dir='ltr'>scripto</span> <span class='ocrx_word' id='word_1_10' title='bbox 1329 251 1541 294; x_wconf 79' lang='lat' dir='ltr'>Ecclesiae</span> <span class='ocrx_word' id='word_1_11' title='bbox 1571 253 1802 305; x_wconf 86' lang='lat' dir='ltr'>traderent,</span> 
     </span>
     <span class='ocr_line' id='line_1_3' title="bbox 242 322 1803 388; baseline -0.008 -12"><span class='ocrx_word' id='word_1_12' title='bbox 242 332 473 388; x_wconf 86' lang='lat' dir='ltr'>praecepit.</span> <span class='ocrx_word' id='word_1_13' title='bbox 526 329 657 371; x_wconf 89' lang='lat' dir='ltr'>Nam</span> <span class='ocrx_word' id='word_1_14' title='bbox 698 328 818 368; x_wconf 87' lang='lat' dir='ltr'>tota</span> <span class='ocrx_word' id='word_1_15' title='bbox 859 323 1152 377; x_wconf 70' lang='lat' dir='ltr'>Scriptura</span> <span class='ocrx_word' id='word_1_16' title='bbox 1194 322 1471 363; x_wconf 85' lang='lat' dir='ltr'>divinitus</span> <span class='ocrx_word' id='word_1_17' title='bbox 1514 325 1595 364; x_wconf 90' lang='lat' dir='ltr'>est</span> <span class='ocrx_word' id='word_1_18' title='bbox 1635 322 1803 376; x_wconf 89' lang='lat' dir='ltr'>inspi-</span> 
     </span>
     <span class='ocr_line' id='line_1_4' title="bbox 242 392 1803 454; baseline -0.008 -7"><span class='ocrx_word' id='word_1_19' title='bbox 242 407 384 454; x_wconf 87' lang='lat' dir='ltr'>rata,</span> <span class='ocrx_word' id='word_1_20' title='bbox 423 403 448 443; x_wconf 86' lang='lat'>2</span> <span class='ocrx_word' id='word_1_21' title='bbox 477 400 602 442; x_wconf 87' lang='lat' dir='ltr'><strong>Tim.</strong></span> <span class='ocrx_word' id='word_1_22' title='bbox 640 399 677 440; x_wconf 85' lang='lat'>3.</span> <span class='ocrx_word' id='word_1_23' title='bbox 712 411 817 438; x_wconf 77' lang='lat' dir='ltr'>vei-S.</span> <span class='ocrx_word' id='word_1_24' title='bbox 847 396 910 437; x_wconf 83' lang='lat'>16.</span> <span class='ocrx_word' id='word_1_25' title='bbox 941 397 982 436; x_wconf 90' lang='lat' dir='ltr'>et</span> <span class='ocrx_word' id='word_1_26' title='bbox 1011 393 1176 444; x_wconf 82' lang='lat' dir='ltr'>Petrus,</span> <span class='ocrx_word' id='word_1_27' title='bbox 1207 394 1232 434; x_wconf 86' lang='lat'><strong>2</strong></span> <span class='ocrx_word' id='word_1_28' title='bbox 1260 392 1436 446; x_wconf 88' lang='lat' dir='ltr'>Epist.</span> <span class='ocrx_word' id='word_1_29' title='bbox 1466 408 1499 435; x_wconf 93' lang='lat' dir='ltr'>c.</span> <span class='ocrx_word' id='word_1_30' title='bbox 1530 394 1566 435; x_wconf 89' lang='lat'>1.</span> <span class='ocrx_word' id='word_1_31' title='bbox 1595 408 1724 448; x_wconf 86' lang='lat' dir='ltr'>agens</span> <span class='ocrx_word' id='word_1_32' title='bbox 1753 394 1803 436; x_wconf 88' lang='lat' dir='ltr'>de</span> 
     </span>
     <span class='ocr_line' id='line_1_5' title="bbox 243 463 1805 528; baseline -0.008 -10"><span class='ocrx_word' id='word_1_33' title='bbox 243 473 421 528; x_wconf 72' lang='lat' dir='ltr'>Scriptis</span> <span class='ocrx_word' id='word_1_34' title='bbox 445 468 724 526; x_wconf 81' lang='lat' dir='ltr'>Propheticis,</span> <span class='ocrx_word' id='word_1_35' title='bbox 744 468 946 508; x_wconf 92' lang='lat' dir='ltr'>testatur:</span> <span class='ocrx_word' id='word_1_36' title='bbox 973 463 1121 513; x_wconf 81' lang='lat' dir='ltr'>Quod</span> <span class='ocrx_word' id='word_1_37' title='bbox 1146 463 1453 516; x_wconf 88' lang='lat' dir='ltr'>Prophetia</span> <span class='ocrx_word' id='word_1_38' title='bbox 1480 463 1611 505; x_wconf 90' lang='lat' dir='ltr'>olim</span> <span class='ocrx_word' id='word_1_39' title='bbox 1634 463 1805 505; x_wconf 89' lang='lat' dir='ltr'>libitu</span> 
     </span>
     <span class='ocr_line' id='line_1_6' title="bbox 242 533 1806 589; baseline -0.009 0"><span class='ocrx_word' id='word_1_40' title='bbox 242 544 480 589; x_wconf 89' lang='lat' dir='ltr'>hominis</span> <span class='ocrx_word' id='word_1_41' title='bbox 514 542 689 584; x_wconf 88' lang='lat' dir='ltr'>allata</span> <span class='ocrx_word' id='word_1_42' title='bbox 722 552 825 580; x_wconf 89' lang='lat' dir='ltr'>non</span> <span class='ocrx_word' id='word_1_43' title='bbox 859 535 951 587; x_wconf 86' lang='lat' dir='ltr'>sit,</span> <span class='ocrx_word' id='word_1_44' title='bbox 987 535 1076 576; x_wconf 88' lang='lat' dir='ltr'>sed</span> <span class='ocrx_word' id='word_1_45' title='bbox 1111 534 1222 576; x_wconf 88' lang='lat' dir='ltr'>acti</span> <span class='ocrx_word' id='word_1_46' title='bbox 1254 549 1278 575; x_wconf 91' lang='lat' dir='ltr'>a</span> <span class='ocrx_word' id='word_1_47' title='bbox 1312 533 1529 587; x_wconf 84' lang='lat' dir='ltr'>Spiritu</span> <span class='ocrx_word' id='word_1_48' title='bbox 1562 533 1602 576; x_wconf 90' lang='lat' dir='ltr'>S.</span> <span class='ocrx_word' id='word_1_49' title='bbox 1629 534 1806 576; x_wconf 91' lang='lat' dir='ltr'>locuti</span> 
     </span>
     <span class='ocr_line' id='line_1_7' title="bbox 246 606 990 662; baseline -0.022 0"><span class='ocrx_word' id='word_1_50' title='bbox 246 620 356 662; x_wconf 89' lang='lat' dir='ltr'>sint</span> <span class='ocrx_word' id='word_1_51' title='bbox 385 612 571 659; x_wconf 91' lang='lat' dir='ltr'>Sancti</span> <span class='ocrx_word' id='word_1_52' title='bbox 602 610 703 653; x_wconf 86' lang='lat' dir='ltr'>Dei</span> <span class='ocrx_word' id='word_1_53' title='bbox 731 606 990 650; x_wconf 88' lang='lat' dir='ltr'>homines.</span> 
     </span>
    </p>

    <p class='ocr_par' dir='ltr' id='par_1_3' title="bbox 245 674 1810 1165">
     <span class='ocr_line' id='line_1_8' title="bbox 296 674 1806 738; baseline -0.009 -6"><span class='ocrx_word' id='word_1_54' title='bbox 296 688 372 732; x_wconf 86' lang='lat' dir='ltr'>VI.</span> <span class='ocrx_word' id='word_1_55' title='bbox 410 686 477 729; x_wconf 85' lang='lat' dir='ltr'>Ex</span> <span class='ocrx_word' id='word_1_56' title='bbox 516 698 599 738; x_wconf 91' lang='lat' dir='ltr'>quo</span> <span class='ocrx_word' id='word_1_57' title='bbox 637 679 910 724; x_wconf 83' lang='lat' dir='ltr'>manifestum</span> <span class='ocrx_word' id='word_1_58' title='bbox 947 676 1016 729; x_wconf 88' lang='lat' dir='ltr'>sit,</span> <span class='ocrx_word' id='word_1_59' title='bbox 1055 690 1183 729; x_wconf 88' lang='lat' dir='ltr'>quam</span> <span class='ocrx_word' id='word_1_60' title='bbox 1220 674 1327 717; x_wconf 86' lang='lat' dir='ltr'>falso</span> <span class='ocrx_word' id='word_1_61' title='bbox 1357 674 1572 717; x_wconf 89' lang='lat' dir='ltr'>Pontificii</span> <span class='ocrx_word' id='word_1_62' title='bbox 1600 675 1806 718; x_wconf 88' lang='lat' dir='ltr'>Doctores</span> 
     </span>
     <span class='ocr_line' id='line_1_9' title="bbox 246 746 1806 808; baseline -0.011 -4"><span class='ocrx_word' id='word_1_63' title='bbox 246 759 495 808; x_wconf 73' lang='lat' dir='ltr'>asseverent,</span> <span class='ocrx_word' id='word_1_64' title='bbox 520 754 697 797; x_wconf 87' lang='lat' dir='ltr'>verbum</span> <span class='ocrx_word' id='word_1_65' title='bbox 718 750 800 793; x_wconf 89' lang='lat' dir='ltr'>Dei</span> <span class='ocrx_word' id='word_1_66' title='bbox 824 748 1029 802; x_wconf 89' lang='lat' dir='ltr'>scriptum</span> <span class='ocrx_word' id='word_1_67' title='bbox 1054 746 1267 789; x_wconf 79' lang='lat' dir='ltr'>Ecclesiae</span> <span class='ocrx_word' id='word_1_68' title='bbox 1290 761 1376 788; x_wconf 91' lang='lat' dir='ltr'>non</span> <span class='ocrx_word' id='word_1_69' title='bbox 1401 761 1488 788; x_wconf 88' lang='lat' dir='ltr'>esse</span> <span class='ocrx_word' id='word_1_70' title='bbox 1512 747 1806 799; x_wconf 86' lang='lat' dir='ltr'>necessarium,</span> 
     </span>
     <span class='ocr_line' id='line_1_10' title="bbox 247 818 1807 875; baseline -0.01 0"><span class='ocrx_word' id='word_1_71' title='bbox 247 836 289 875; x_wconf 92' lang='lat' dir='ltr'>et</span> <span class='ocrx_word' id='word_1_72' title='bbox 320 845 406 873; x_wconf 90' lang='lat' dir='ltr'>non</span> <span class='ocrx_word' id='word_1_73' title='bbox 433 831 522 870; x_wconf 90' lang='lat' dir='ltr'>tam</span> <span class='ocrx_word' id='word_1_74' title='bbox 551 826 603 867; x_wconf 89' lang='lat' dir='ltr'>ad</span> <span class='ocrx_word' id='word_1_75' title='bbox 631 837 758 874; x_wconf 85' lang='lat' dir='ltr'>esse,</span> <span class='ocrx_word' id='word_1_76' title='bbox 790 834 918 874; x_wconf 90' lang='lat' dir='ltr'>quam</span> <span class='ocrx_word' id='word_1_77' title='bbox 946 819 999 861; x_wconf 89' lang='lat' dir='ltr'>ad</span> <span class='ocrx_word' id='word_1_78' title='bbox 1026 819 1158 860; x_wconf 89' lang='lat' dir='ltr'>bene</span> <span class='ocrx_word' id='word_1_79' title='bbox 1189 832 1303 860; x_wconf 87' lang='lat' dir='ltr'>esse</span> <span class='ocrx_word' id='word_1_80' title='bbox 1332 818 1545 860; x_wconf 85' lang='lat' dir='ltr'>Ecclesiae</span> <span class='ocrx_word' id='word_1_81' title='bbox 1573 818 1807 872; x_wconf 82' lang='lat' dir='ltr'>pertinere3</span> 
     </span>
     <span class='ocr_line' id='line_1_11' title="bbox 245 890 1810 947; baseline -0.011 0"><span class='ocrx_word' id='word_1_82' title='bbox 245 906 331 947; x_wconf 88' lang='lat' dir='ltr'>imo</span> <span class='ocrx_word' id='word_1_83' title='bbox 370 905 411 944; x_wconf 93' lang='lat' dir='ltr'>et</span> <span class='ocrx_word' id='word_1_84' title='bbox 447 897 681 942; x_wconf 86' lang='lat' dir='ltr'>Ecclesiam</span> <span class='ocrx_word' id='word_1_85' title='bbox 708 893 928 946; x_wconf 83' lang='lat' dir='ltr'>Scriptura</span> <span class='ocrx_word' id='word_1_86' title='bbox 957 890 1085 932; x_wconf 85' lang='lat' dir='ltr'>Sacra</span> <span class='ocrx_word' id='word_1_87' title='bbox 1114 905 1256 932; x_wconf 85' lang='lat' dir='ltr'>carere</span> <span class='ocrx_word' id='word_1_88' title='bbox 1287 904 1423 943; x_wconf 79' lang='lat' dir='ltr'>posse,</span> <span class='ocrx_word' id='word_1_89' title='bbox 1454 890 1810 942; x_wconf 86' lang='lat' dir='ltr'>quemadmodum</span> 
     </span>
     <span class='ocr_line' id='line_1_12' title="bbox 248 960 1810 1023; baseline -0.012 -4"><span class='ocrx_word' id='word_1_90' title='bbox 248 991 296 1019; x_wconf 89' lang='lat' dir='ltr'>ea</span> <span class='ocrx_word' id='word_1_91' title='bbox 333 975 430 1018; x_wconf 89' lang='lat' dir='ltr'>ante</span> <span class='ocrx_word' id='word_1_92' title='bbox 466 970 622 1023; x_wconf 84' lang='lat' dir='ltr'>Legem</span> <span class='ocrx_word' id='word_1_93' title='bbox 658 967 789 1008; x_wconf 82' lang='lat' dir='ltr'>latam</span> <span class='ocrx_word' id='word_1_94' title='bbox 827 962 984 1013; x_wconf 79' lang='lat' dir='ltr'>caruit3</span> <span class='ocrx_word' id='word_1_95' title='bbox 1015 964 1057 1004; x_wconf 91' lang='lat' dir='ltr'>et</span> <span class='ocrx_word' id='word_1_96' title='bbox 1089 960 1445 1015; x_wconf 87' lang='lat' dir='ltr'>quemadmodum</span> <span class='ocrx_word' id='word_1_97' title='bbox 1472 960 1517 1002; x_wconf 90' lang='lat' dir='ltr'>in</span> <span class='ocrx_word' id='word_1_98' title='bbox 1546 961 1632 1002; x_wconf 88' lang='lat' dir='ltr'>suis</span> <span class='ocrx_word' id='word_1_99' title='bbox 1661 960 1810 1002; x_wconf 88' lang='lat' dir='ltr'>Tradi-</span> 
     </span>
     <span class='ocr_line' id='line_1_13' title="bbox 245 1031 1810 1091; baseline -0.01 -2"><span class='ocrx_word' id='word_1_100' title='bbox 245 1045 434 1089; x_wconf 90' lang='lat' dir='ltr'>tionibus</span> <span class='ocrx_word' id='word_1_101' title='bbox 477 1056 564 1084; x_wconf 90' lang='lat' dir='ltr'>non</span> <span class='ocrx_word' id='word_1_102' title='bbox 607 1036 777 1091; x_wconf 90' lang='lat' dir='ltr'>scriptis</span> <span class='ocrx_word' id='word_1_103' title='bbox 813 1048 1015 1091; x_wconf 85' lang='lat' dir='ltr'>magnam</span> <span class='ocrx_word' id='word_1_104' title='bbox 1051 1033 1217 1075; x_wconf 88' lang='lat' dir='ltr'>divinae</span> <span class='ocrx_word' id='word_1_105' title='bbox 1254 1032 1447 1075; x_wconf 88' lang='lat' dir='ltr'>veritatis</span> <span class='ocrx_word' id='word_1_106' title='bbox 1483 1034 1648 1088; x_wconf 88' lang='lat' dir='ltr'>partem</span> <span class='ocrx_word' id='word_1_107' title='bbox 1684 1031 1810 1074; x_wconf 89' lang='lat' dir='ltr'>hodie</span> 
     </span>
     <span class='ocr_line' id='line_1_14' title="bbox 247 1106 1015 1165; baseline -0.018 -4"><span class='ocrx_word' id='word_1_108' title='bbox 247 1113 502 1165; x_wconf 87' lang='lat' dir='ltr'>conservari,</span> <span class='ocrx_word' id='word_1_109' title='bbox 531 1110 714 1154; x_wconf 81' lang='lat' dir='ltr'>inaniter</span> <span class='ocrx_word' id='word_1_110' title='bbox 742 1106 1015 1149; x_wconf 87' lang='lat' dir='ltr'>contendunt.</span> 
     </span>
    </p>

    <p class='ocr_par' dir='ltr' id='par_1_4' title="bbox 247 1174 1820 2027">
     <span class='ocr_line' id='line_1_15' title="bbox 299 1174 1813 1231; baseline -0.01 -1"><span class='ocrx_word' id='word_1_111' title='bbox 299 1187 396 1231; x_wconf 84' lang='lat' dir='ltr'>VH.</span> <span class='ocrx_word' id='word_1_112' title='bbox 432 1184 526 1227; x_wconf 89' lang='lat' dir='ltr'>Etsi</span> <span class='ocrx_word' id='word_1_113' title='bbox 564 1182 676 1224; x_wconf 89' lang='lat' dir='ltr'>enim</span> <span class='ocrx_word' id='word_1_114' title='bbox 711 1180 931 1230; x_wconf 75' lang='lat' dir='ltr'>fateamur,</span> <span class='ocrx_word' id='word_1_115' title='bbox 970 1177 1108 1220; x_wconf 85' lang='lat' dir='ltr'>Deum</span> <span class='ocrx_word' id='word_1_116' title='bbox 1147 1176 1276 1218; x_wconf 87' lang='lat' dir='ltr'>etiam</span> <span class='ocrx_word' id='word_1_117' title='bbox 1312 1175 1439 1217; x_wconf 88' lang='lat' dir='ltr'>hodie</span> <span class='ocrx_word' id='word_1_118' title='bbox 1474 1174 1563 1217; x_wconf 86' lang='lat' dir='ltr'>sine</span> <span class='ocrx_word' id='word_1_119' title='bbox 1593 1174 1813 1229; x_wconf 88' lang='lat' dir='ltr'>Scriptura</span> 
     </span>
     <span class='ocr_line' id='line_1_16' title="bbox 247 1247 1814 1305; baseline -0.01 -2"><span class='ocrx_word' id='word_1_120' title='bbox 247 1258 480 1304; x_wconf 87' lang='lat' dir='ltr'>Ecclesiam</span> <span class='ocrx_word' id='word_1_121' title='bbox 522 1270 641 1297; x_wconf 87' lang='lat' dir='ltr'>suam</span> <span class='ocrx_word' id='word_1_122' title='bbox 677 1251 876 1305; x_wconf 82' lang='lat' dir='ltr'>colligere</span> <span class='ocrx_word' id='word_1_123' title='bbox 914 1251 955 1291; x_wconf 87' lang='lat' dir='ltr'>et</span> <span class='ocrx_word' id='word_1_124' title='bbox 990 1248 1103 1290; x_wconf 90' lang='lat' dir='ltr'>tueri</span> <span class='ocrx_word' id='word_1_125' title='bbox 1140 1263 1277 1301; x_wconf 90' lang='lat' dir='ltr'>posse,</span> <span class='ocrx_word' id='word_1_126' title='bbox 1317 1247 1673 1300; x_wconf 86' lang='lat' dir='ltr'>quemadmodum</span> <span class='ocrx_word' id='word_1_127' title='bbox 1713 1247 1814 1289; x_wconf 90' lang='lat' dir='ltr'>olim</span> 
     </span>
     <span class='ocr_line' id='line_1_17' title="bbox 248 1318 1812 1381; baseline -0.01 -6"><span class='ocrx_word' id='word_1_128' title='bbox 248 1332 368 1381; x_wconf 85' lang='lat' dir='ltr'>fecit3</span> <span class='ocrx_word' id='word_1_129' title='bbox 397 1332 540 1372; x_wconf 87' lang='lat' dir='ltr'>tamen</span> <span class='ocrx_word' id='word_1_130' title='bbox 568 1340 664 1368; x_wconf 88' lang='lat' dir='ltr'>cum</span> <span class='ocrx_word' id='word_1_131' title='bbox 689 1323 881 1366; x_wconf 89' lang='lat' dir='ltr'>Verbum</span> <span class='ocrx_word' id='word_1_132' title='bbox 908 1335 1032 1362; x_wconf 91' lang='lat' dir='ltr'>suum</span> <span class='ocrx_word' id='word_1_133' title='bbox 1051 1321 1141 1373; x_wconf 89' lang='lat' dir='ltr'>jam</span> <span class='ocrx_word' id='word_1_134' title='bbox 1165 1319 1324 1372; x_wconf 90' lang='lat' dir='ltr'>scripto</span> <span class='ocrx_word' id='word_1_135' title='bbox 1350 1318 1593 1372; x_wconf 84' lang='lat' dir='ltr'>consignari</span> <span class='ocrx_word' id='word_1_136' title='bbox 1617 1319 1812 1371; x_wconf 84' lang='lat' dir='ltr'>voluerit,</span> 
     </span>
     <span class='ocr_line' id='line_1_18' title="bbox 250 1384 1816 1452; baseline -0.008 -6"><span class='ocrx_word' id='word_1_137' title='bbox 250 1406 291 1446; x_wconf 90' lang='lat' dir='ltr'>et</span> <span class='ocrx_word' id='word_1_138' title='bbox 348 1401 389 1444; x_wconf 88' lang='lat' dir='ltr'>S.</span> <span class='ocrx_word' id='word_1_139' title='bbox 445 1398 666 1452; x_wconf 88' lang='lat' dir='ltr'>Scriptura</span> <span class='ocrx_word' id='word_1_140' title='bbox 718 1395 913 1444; x_wconf 85' lang='lat' dir='ltr'>testetur,</span> <span class='ocrx_word' id='word_1_141' title='bbox 965 1392 1009 1433; x_wconf 87' lang='lat' dir='ltr'>id</span> <span class='ocrx_word' id='word_1_142' title='bbox 1062 1406 1150 1433; x_wconf 90' lang='lat' dir='ltr'>esse</span> <span class='ocrx_word' id='word_1_143' title='bbox 1206 1391 1623 1432; x_wconf 85' lang='lat' dir='ltr'>fundamentum</span> <span class='ocrx_word' id='word_1_144' title='bbox 1678 1384 1816 1433; x_wconf 82' lang='lat' dir='ltr'>fidei</span> 
     </span>
     <span class='ocr_line' id='line_1_19' title="bbox 249 1461 1815 1522; baseline -0.008 -5"><span class='ocrx_word' id='word_1_145' title='bbox 249 1475 486 1522; x_wconf 87' lang='lat' dir='ltr'>nostrae,</span> <span class='ocrx_word' id='word_1_146' title='bbox 526 1468 658 1522; x_wconf 88' lang='lat' dir='ltr'>Eph.</span> <span class='ocrx_word' id='word_1_147' title='bbox 697 1467 735 1518; x_wconf 84' lang='lat'>2,</span> <span class='ocrx_word' id='word_1_148' title='bbox 773 1465 835 1507; x_wconf 85' lang='lat'>20.</span> <span class='ocrx_word' id='word_1_149' title='bbox 864 1464 950 1505; x_wconf 88' lang='lat' dir='ltr'>imo</span> <span class='ocrx_word' id='word_1_150' title='bbox 980 1465 1022 1505; x_wconf 87' lang='lat' dir='ltr'>et</span> <span class='ocrx_word' id='word_1_151' title='bbox 1051 1462 1243 1504; x_wconf 86' lang='lat' dir='ltr'>Christus</span> <span class='ocrx_word' id='word_1_152' title='bbox 1272 1462 1363 1515; x_wconf 86' lang='lat' dir='ltr'>ipse</span> <span class='ocrx_word' id='word_1_153' title='bbox 1392 1461 1606 1504; x_wconf 87' lang='lat' dir='ltr'>auditores</span> <span class='ocrx_word' id='word_1_154' title='bbox 1634 1477 1732 1504; x_wconf 90' lang='lat' dir='ltr'>suos</span> <span class='ocrx_word' id='word_1_155' title='bbox 1762 1462 1815 1504; x_wconf 89' lang='lat' dir='ltr'>ad</span> 
     </span>
     <span class='ocr_line' id='line_1_20' title="bbox 251 1533 1815 1599; baseline -0.008 -11"><span class='ocrx_word' id='word_1_156' title='bbox 251 1544 514 1599; x_wconf 88' lang='lat' dir='ltr'>Scripturam</span> <span class='ocrx_word' id='word_1_157' title='bbox 537 1539 634 1582; x_wconf 87' lang='lat' dir='ltr'>Vet.</span> <span class='ocrx_word' id='word_1_158' title='bbox 660 1537 772 1579; x_wconf 86' lang='lat' dir='ltr'>Test.</span> <span class='ocrx_word' id='word_1_159' title='bbox 797 1538 846 1577; x_wconf 92' lang='lat' dir='ltr'>ut</span> <span class='ocrx_word' id='word_1_160' title='bbox 871 1535 1049 1577; x_wconf 86' lang='lat' dir='ltr'>salutem</span> <span class='ocrx_word' id='word_1_161' title='bbox 1072 1534 1170 1576; x_wconf 84' lang='lat' dir='ltr'>inde</span> <span class='ocrx_word' id='word_1_162' title='bbox 1195 1536 1564 1586; x_wconf 84' lang='lat' dir='ltr'>consequerentur,</span> <span class='ocrx_word' id='word_1_163' title='bbox 1590 1533 1815 1587; x_wconf 86' lang='lat' dir='ltr'>remiserit,</span> 
     </span>
     <span class='ocr_line' id='line_1_21' title="bbox 251 1604 1816 1661; baseline -0.007 -2"><span class='ocrx_word' id='word_1_164' title='bbox 251 1616 365 1660; x_wconf 84' lang='lat' dir='ltr'>Luc.</span> <span class='ocrx_word' id='word_1_165' title='bbox 396 1614 457 1656; x_wconf 83' lang='lat'>16.</span> <span class='ocrx_word' id='word_1_166' title='bbox 491 1610 609 1654; x_wconf 81' lang='lat' dir='ltr'>Joh.</span> <span class='ocrx_word' id='word_1_167' title='bbox 637 1609 674 1651; x_wconf 87' lang='lat'>5.</span> <span class='ocrx_word' id='word_1_168' title='bbox 705 1610 746 1651; x_wconf 92' lang='lat' dir='ltr'>et</span> <span class='ocrx_word' id='word_1_169' title='bbox 773 1606 1083 1661; x_wconf 89' lang='lat' dir='ltr'>Apostolus</span> <span class='ocrx_word' id='word_1_170' title='bbox 1111 1604 1419 1656; x_wconf 80' lang='lat' dir='ltr'>Johannes‚</span> <span class='ocrx_word' id='word_1_171' title='bbox 1450 1620 1559 1659; x_wconf 88' lang='lat' dir='ltr'>cap.</span> <span class='ocrx_word' id='word_1_172' title='bbox 1590 1606 1653 1647; x_wconf 82' lang='lat'>20.</span> <span class='ocrx_word' id='word_1_173' title='bbox 1684 1621 1816 1648; x_wconf 87' lang='lat' dir='ltr'>vers.</span> 
     </span>
     <span class='ocr_line' id='line_1_22' title="bbox 251 1676 1820 1732; baseline -0.008 -1"><span class='ocrx_word' id='word_1_174' title='bbox 251 1689 315 1731; x_wconf 84' lang='lat'>31.</span> <span class='ocrx_word' id='word_1_175' title='bbox 339 1686 518 1729; x_wconf 86' lang='lat' dir='ltr'>asserat:</span> <span class='ocrx_word' id='word_1_176' title='bbox 542 1682 675 1724; x_wconf 89' lang='lat' dir='ltr'>haec</span> <span class='ocrx_word' id='word_1_177' title='bbox 702 1678 914 1732; x_wconf 88' lang='lat' dir='ltr'>scripta</span> <span class='ocrx_word' id='word_1_178' title='bbox 943 1692 1072 1729; x_wconf 88' lang='lat' dir='ltr'>esse,</span> <span class='ocrx_word' id='word_1_179' title='bbox 1098 1679 1158 1719; x_wconf 91' lang='lat' dir='ltr'>ut</span> <span class='ocrx_word' id='word_1_180' title='bbox 1183 1676 1468 1719; x_wconf 87' lang='lat' dir='ltr'>credamus</span> <span class='ocrx_word' id='word_1_181' title='bbox 1495 1677 1635 1730; x_wconf 89' lang='lat' dir='ltr'>quod</span> <span class='ocrx_word' id='word_1_182' title='bbox 1660 1676 1820 1719; x_wconf 72' lang='lat' dir='ltr'>-Jesus</span> 
     </span>
     <span class='ocr_line' id='line_1_23' title="bbox 252 1748 1820 1804; baseline -0.008 -2"><span class='ocrx_word' id='word_1_183' title='bbox 252 1759 326 1803; x_wconf 88' lang='lat' dir='ltr'>sit</span> <span class='ocrx_word' id='word_1_184' title='bbox 377 1755 644 1804; x_wconf 87' lang='lat' dir='ltr'>Christus,</span> <span class='ocrx_word' id='word_1_185' title='bbox 697 1754 746 1794; x_wconf 88' lang='lat' dir='ltr'>et</span> <span class='ocrx_word' id='word_1_186' title='bbox 797 1750 1088 1792; x_wconf 85' lang='lat' dir='ltr'>credentes</span> <span class='ocrx_word' id='word_1_187' title='bbox 1130 1748 1299 1790; x_wconf 89' lang='lat' dir='ltr'>vitam</span> <span class='ocrx_word' id='word_1_188' title='bbox 1341 1750 1621 1790; x_wconf 89' lang='lat' dir='ltr'>aeternam</span> <span class='ocrx_word' id='word_1_189' title='bbox 1660 1748 1820 1790; x_wconf 90' lang='lat' dir='ltr'>habe-</span> 
     </span>
     <span class='ocr_line' id='line_1_24' title="bbox 253 1819 1819 1875; baseline -0.006 -3"><span class='ocrx_word' id='word_1_190' title='bbox 253 1843 399 1873; x_wconf 89' lang='lat' dir='ltr'>amus</span> <span class='ocrx_word' id='word_1_191' title='bbox 428 1828 481 1869; x_wconf 91' lang='lat' dir='ltr'>in</span> <span class='ocrx_word' id='word_1_192' title='bbox 509 1823 726 1867; x_wconf 86' lang='lat' dir='ltr'>nomine</span> <span class='ocrx_word' id='word_1_193' title='bbox 755 1823 893 1875; x_wconf 88' lang='lat' dir='ltr'>ejus;</span> <span class='ocrx_word' id='word_1_194' title='bbox 924 1821 1095 1863; x_wconf 90' lang='lat' dir='ltr'>omnino</span> <span class='ocrx_word' id='word_1_195' title='bbox 1127 1819 1167 1862; x_wconf 88' lang='lat' dir='ltr'>S.</span> <span class='ocrx_word' id='word_1_196' title='bbox 1197 1819 1463 1872; x_wconf 89' lang='lat' dir='ltr'>Scripturam</span> <span class='ocrx_word' id='word_1_197' title='bbox 1492 1834 1543 1861; x_wconf 81' lang='lat' dir='ltr'>ex</span> <span class='ocrx_word' id='word_1_198' title='bbox 1572 1820 1652 1861; x_wconf 90' lang='lat' dir='ltr'>hac</span> <span class='ocrx_word' id='word_1_199' title='bbox 1679 1820 1819 1874; x_wconf 84' lang='lat' dir='ltr'>hypo-</span> 
     </span>
     <span class='ocr_line' id='line_1_25' title="bbox 251 1890 1819 1953; baseline -0.007 -9"><span class='ocrx_word' id='word_1_200' title='bbox 251 1901 364 1944; x_wconf 88' lang='lat' dir='ltr'>thesi</span> <span class='ocrx_word' id='word_1_201' title='bbox 388 1901 478 1953; x_wconf 84' lang='lat' dir='ltr'>jam</span> <span class='ocrx_word' id='word_1_202' title='bbox 507 1911 595 1940; x_wconf 87' lang='lat' dir='ltr'>esse</span> <span class='ocrx_word' id='word_1_203' title='bbox 621 1893 914 1944; x_wconf 87' lang='lat' dir='ltr'>necessariam,</span> <span class='ocrx_word' id='word_1_204' title='bbox 946 1894 987 1934; x_wconf 89' lang='lat' dir='ltr'>et</span> <span class='ocrx_word' id='word_1_205' title='bbox 1015 1890 1250 1933; x_wconf 89' lang='lat' dir='ltr'>Ecclesiam</span> <span class='ocrx_word' id='word_1_206' title='bbox 1280 1890 1369 1932; x_wconf 88' lang='lat' dir='ltr'>sine</span> <span class='ocrx_word' id='word_1_207' title='bbox 1397 1905 1446 1932; x_wconf 89' lang='lat' dir='ltr'>ea</span> <span class='ocrx_word' id='word_1_208' title='bbox 1474 1890 1703 1932; x_wconf 88' lang='lat' dir='ltr'>consistere</span> <span class='ocrx_word' id='word_1_209' title='bbox 1732 1905 1819 1933; x_wconf 91' lang='lat' dir='ltr'>non</span> 
     </span>
     <span class='ocr_line' id='line_1_26' title="bbox 253 1964 927 2027; baseline -0.015 -12"><span class='ocrx_word' id='word_1_210' title='bbox 253 1986 389 2027; x_wconf 88' lang='lat' dir='ltr'>posse,</span> <span class='ocrx_word' id='word_1_211' title='bbox 419 1969 662 2012; x_wconf 88' lang='lat' dir='ltr'>constanter</span> <span class='ocrx_word' id='word_1_212' title='bbox 691 1964 927 2008; x_wconf 88' lang='lat' dir='ltr'>asserimus.</span> 
     </span>
    </p>

    <p class='ocr_par' dir='ltr' id='par_1_5' title="bbox 214 2032 1824 2806">
     <span class='ocr_line' id='line_1_27' title="bbox 306 2032 1821 2089; baseline -0.006 -4"><span class='ocrx_word' id='word_1_213' title='bbox 306 2041 424 2085; x_wconf 85' lang='lat' dir='ltr'>VIII.</span> <span class='ocrx_word' id='word_1_214' title='bbox 464 2040 576 2082; x_wconf 92' lang='lat' dir='ltr'>Hinc</span> <span class='ocrx_word' id='word_1_215' title='bbox 612 2038 740 2080; x_wconf 87' lang='lat' dir='ltr'>etiam</span> <span class='ocrx_word' id='word_1_216' title='bbox 777 2036 957 2089; x_wconf 88' lang='lat' dir='ltr'>apparet</span> <span class='ocrx_word' id='word_1_217' title='bbox 996 2033 1194 2087; x_wconf 89' lang='lat' dir='ltr'>impietas</span> <span class='ocrx_word' id='word_1_218' title='bbox 1232 2033 1466 2075; x_wconf 87' lang='lat' dir='ltr'>sententiae</span> <span class='ocrx_word' id='word_1_219' title='bbox 1507 2032 1821 2076; x_wconf 86' lang='lat' dir='ltr'>Libertinorum</span> 
     </span>
     <span class='ocr_line' id='line_1_28' title="bbox 253 2104 1819 2164; baseline -0.006 -7"><span class='ocrx_word' id='word_1_220' title='bbox 253 2113 390 2158; x_wconf 83' lang='lat' dir='ltr'>nostri</span> <span class='ocrx_word' id='word_1_221' title='bbox 425 2109 643 2164; x_wconf 72' lang='lat' dir='ltr'>temporis,</span> <span class='ocrx_word' id='word_1_222' title='bbox 678 2107 752 2161; x_wconf 89' lang='lat' dir='ltr'>qui</span> <span class='ocrx_word' id='word_1_223' title='bbox 776 2122 819 2148; x_wconf 88' lang='lat' dir='ltr'>se</span> <span class='ocrx_word' id='word_1_224' title='bbox 846 2106 1014 2148; x_wconf 83' lang='lat' dir='ltr'>Zelotas</span> <span class='ocrx_word' id='word_1_225' title='bbox 1044 2104 1229 2159; x_wconf 88' lang='lat' dir='ltr'>Spiritus</span> <span class='ocrx_word' id='word_1_226' title='bbox 1259 2105 1490 2158; x_wconf 87' lang='lat' dir='ltr'>appellant.</span> <span class='ocrx_word' id='word_1_227' title='bbox 1523 2104 1713 2154; x_wconf 81' lang='lat' dir='ltr'>Quorum</span> <span class='ocrx_word' id='word_1_228' title='bbox 1742 2106 1819 2148; x_wconf 88' lang='lat' dir='ltr'>ali-</span> 
     </span>
     <span class='ocr_line' id='line_1_29' title="bbox 257 2176 1822 2240; baseline -0.004 -14"><span class='ocrx_word' id='word_1_229' title='bbox 257 2185 330 2240; x_wconf 89' lang='lat' dir='ltr'>qui</span> <span class='ocrx_word' id='word_1_230' title='bbox 366 2182 611 2236; x_wconf 89' lang='lat' dir='ltr'>Scripturae</span> <span class='ocrx_word' id='word_1_231' title='bbox 649 2179 689 2222; x_wconf 90' lang='lat' dir='ltr'>S.</span> <span class='ocrx_word' id='word_1_232' title='bbox 720 2177 1045 2233; x_wconf 84' lang='lat' dir='ltr'>grammaticum</span> <span class='ocrx_word' id='word_1_233' title='bbox 1074 2178 1115 2218; x_wconf 90' lang='lat' dir='ltr'>et</span> <span class='ocrx_word' id='word_1_234' title='bbox 1143 2176 1377 2230; x_wconf 82' lang='lat' dir='ltr'>genuinum</span> <span class='ocrx_word' id='word_1_235' title='bbox 1405 2191 1573 2218; x_wconf 88' lang='lat' dir='ltr'>sensum</span> <span class='ocrx_word' id='word_1_236' title='bbox 1601 2179 1822 2230; x_wconf 87' lang='lat' dir='ltr'>tamquam</span> 
     </span>
     <span class='ocr_line' id='line_1_30' title="bbox 254 2246 1822 2299; baseline -0.004 -1"><span class='ocrx_word' id='word_1_237' title='bbox 254 2256 423 2298; x_wconf 88' lang='lat' dir='ltr'>literam</span> <span class='ocrx_word' id='word_1_238' title='bbox 452 2252 711 2295; x_wconf 88' lang='lat' dir='ltr'>occidentem</span> <span class='ocrx_word' id='word_1_239' title='bbox 739 2248 951 2291; x_wconf 87' lang='lat' dir='ltr'>Ecclesiae</span> <span class='ocrx_word' id='word_1_240' title='bbox 978 2246 1095 2289; x_wconf 85' lang='lat' dir='ltr'>Novi</span> <span class='ocrx_word' id='word_1_241' title='bbox 1124 2246 1237 2289; x_wconf 87' lang='lat' dir='ltr'>Test.</span> <span class='ocrx_word' id='word_1_242' title='bbox 1262 2247 1457 2289; x_wconf 88' lang='lat' dir='ltr'>inutilem</span> <span class='ocrx_word' id='word_1_243' title='bbox 1481 2248 1754 2299; x_wconf 81' lang='lat' dir='ltr'>contendunt,</span> <span class='ocrx_word' id='word_1_244' title='bbox 1780 2251 1822 2291; x_wconf 90' lang='lat' dir='ltr'>et</span> 
     </span>
     <span class='ocr_line' id='line_1_31' title="bbox 256 2316 1821 2378; baseline -0.006 -8"><span class='ocrx_word' id='word_1_245' title='bbox 256 2326 396 2371; x_wconf 90' lang='lat' dir='ltr'>nescio</span> <span class='ocrx_word' id='word_1_246' title='bbox 439 2339 547 2378; x_wconf 88' lang='lat' dir='ltr'>quae</span> <span class='ocrx_word' id='word_1_247' title='bbox 589 2321 818 2378; x_wconf 89' lang='lat' dir='ltr'>phanatica</span> <span class='ocrx_word' id='word_1_248' title='bbox 861 2320 926 2362; x_wconf 90' lang='lat' dir='ltr'>sui</span> <span class='ocrx_word' id='word_1_249' title='bbox 965 2319 1126 2362; x_wconf 87' lang='lat' dir='ltr'>cerebri</span> <span class='ocrx_word' id='word_1_250' title='bbox 1165 2318 1327 2362; x_wconf 88' lang='lat' dir='ltr'>somnia</span> <span class='ocrx_word' id='word_1_251' title='bbox 1365 2317 1442 2358; x_wconf 87' lang='lat' dir='ltr'>sub</span> <span class='ocrx_word' id='word_1_252' title='bbox 1481 2316 1667 2371; x_wconf 89' lang='lat' dir='ltr'>Spiritus</span> <span class='ocrx_word' id='word_1_253' title='bbox 1694 2318 1821 2360; x_wconf 89' lang='lat' dir='ltr'>titulo</span> 
     </span>
     <span class='ocr_line' id='line_1_32' title="bbox 256 2388 1824 2442; baseline -0.006 -2"><span class='ocrx_word' id='word_1_254' title='bbox 256 2397 501 2441; x_wconf 87' lang='lat' dir='ltr'>hominibus</span> <span class='ocrx_word' id='word_1_255' title='bbox 533 2396 739 2436; x_wconf 88' lang='lat' dir='ltr'>conantur</span> <span class='ocrx_word' id='word_1_256' title='bbox 769 2391 1009 2434; x_wconf 88' lang='lat' dir='ltr'>obtrudere.</span> <span class='ocrx_word' id='word_1_257' title='bbox 1039 2390 1126 2432; x_wconf 89' lang='lat' dir='ltr'>Alii</span> <span class='ocrx_word' id='word_1_258' title='bbox 1154 2404 1254 2432; x_wconf 89' lang='lat' dir='ltr'>vero</span> <span class='ocrx_word' id='word_1_259' title='bbox 1284 2403 1408 2430; x_wconf 92' lang='lat' dir='ltr'>usum</span> <span class='ocrx_word' id='word_1_260' title='bbox 1439 2388 1609 2441; x_wconf 90' lang='lat' dir='ltr'>quidem</span> <span class='ocrx_word' id='word_1_261' title='bbox 1637 2389 1824 2442; x_wconf 89' lang='lat' dir='ltr'>aliquem</span> 
     </span>
     <span class='ocr_line' id='line_1_33' title="bbox 259 2459 1823 2524; baseline -0.006 -12"><span class='ocrx_word' id='word_1_262' title='bbox 259 2471 348 2524; x_wconf 88' lang='lat' dir='ltr'>ejus</span> <span class='ocrx_word' id='word_1_263' title='bbox 383 2469 428 2511; x_wconf 91' lang='lat' dir='ltr'>in</span> <span class='ocrx_word' id='word_1_264' title='bbox 465 2465 652 2509; x_wconf 88' lang='lat' dir='ltr'>Ecclesia</span> <span class='ocrx_word' id='word_1_265' title='bbox 690 2478 778 2506; x_wconf 89' lang='lat' dir='ltr'>esse</span> <span class='ocrx_word' id='word_1_266' title='bbox 819 2462 1065 2514; x_wconf 89' lang='lat' dir='ltr'>concedunt,</span> <span class='ocrx_word' id='word_1_267' title='bbox 1100 2461 1172 2503; x_wconf 90' lang='lat' dir='ltr'>sed</span> <span class='ocrx_word' id='word_1_268' title='bbox 1202 2460 1255 2502; x_wconf 91' lang='lat' dir='ltr'>ad</span> <span class='ocrx_word' id='word_1_269' title='bbox 1282 2459 1421 2513; x_wconf 89' lang='lat' dir='ltr'>prima</span> <span class='ocrx_word' id='word_1_270' title='bbox 1449 2462 1617 2501; x_wconf 88' lang='lat' dir='ltr'>tantum</span> <span class='ocrx_word' id='word_1_271' title='bbox 1646 2459 1823 2502; x_wconf 86' lang='lat' dir='ltr'>Christi-</span> 
     </span>
     <span class='ocr_line' id='line_1_34' title="bbox 258 2530 1823 2588; baseline -0.007 -5"><span class='ocrx_word' id='word_1_272' title='bbox 258 2539 413 2583; x_wconf 88' lang='lat' dir='ltr'>anismi</span> <span class='ocrx_word' id='word_1_273' title='bbox 448 2537 709 2586; x_wconf 84' lang='lat' dir='ltr'>rudimenta3</span> <span class='ocrx_word' id='word_1_274' title='bbox 750 2549 881 2588; x_wconf 90' lang='lat' dir='ltr'>quum</span> <span class='ocrx_word' id='word_1_275' title='bbox 917 2547 1016 2575; x_wconf 90' lang='lat' dir='ltr'>vero</span> <span class='ocrx_word' id='word_1_276' title='bbox 1055 2532 1183 2574; x_wconf 86' lang='lat' dir='ltr'>iidem</span> <span class='ocrx_word' id='word_1_277' title='bbox 1217 2532 1305 2585; x_wconf 88' lang='lat' dir='ltr'>jam</span> <span class='ocrx_word' id='word_1_278' title='bbox 1334 2530 1620 2583; x_wconf 88' lang='lat' dir='ltr'>adoleverunt,</span> <span class='ocrx_word' id='word_1_279' title='bbox 1651 2545 1699 2573; x_wconf 88' lang='lat' dir='ltr'>ac</span> <span class='ocrx_word' id='word_1_280' title='bbox 1725 2545 1823 2584; x_wconf 86' lang='lat' dir='ltr'>per-</span> 
     </span>
     <span class='ocr_line' id='line_1_35' title="bbox 214 2600 1823 2663; baseline -0.008 -7"><span class='ocrx_word' id='word_1_281' title='bbox 214 2638 216 2640; x_wconf 37' lang='lat'>*</span> <span class='ocrx_word' id='word_1_282' title='bbox 259 2612 361 2656; x_wconf 78' lang='lat' dir='ltr'>fecti</span> <span class='ocrx_word' id='word_1_283' title='bbox 403 2613 444 2653; x_wconf 85' lang='lat' dir='ltr'>et</span> <span class='ocrx_word' id='word_1_284' title='bbox 485 2608 667 2663; x_wconf 87' lang='lat' dir='ltr'>regeniti</span> <span class='ocrx_word' id='word_1_285' title='bbox 712 2608 821 2658; x_wconf 82' lang='lat' dir='ltr'>sunt,</span> <span class='ocrx_word' id='word_1_286' title='bbox 863 2608 968 2656; x_wconf 89' lang='lat' dir='ltr'>tum,</span> <span class='ocrx_word' id='word_1_287' title='bbox 1009 2602 1337 2653; x_wconf 80' lang='lat' dir='ltr'>rudimentariis‚</span> <span class='ocrx_word' id='word_1_288' title='bbox 1383 2600 1604 2655; x_wconf 87' lang='lat' dir='ltr'>Scriptura</span> <span class='ocrx_word' id='word_1_289' title='bbox 1649 2605 1823 2644; x_wconf 84' lang='lat' dir='ltr'>externa</span> 
     </span>
     <span class='ocr_line' id='line_1_36' title="bbox 261 2673 1824 2736; baseline -0.009 -9"><span class='ocrx_word' id='word_1_290' title='bbox 261 2684 421 2736; x_wconf 84' lang='lat' dir='ltr'>relicta,</span> <span class='ocrx_word' id='word_1_291' title='bbox 451 2682 581 2724; x_wconf 90' lang='lat' dir='ltr'>solius</span> <span class='ocrx_word' id='word_1_292' title='bbox 610 2679 796 2734; x_wconf 88' lang='lat' dir='ltr'>Spiritus</span> <span class='ocrx_word' id='word_1_293' title='bbox 823 2676 1027 2719; x_wconf 87' lang='lat' dir='ltr'>instinctu</span> <span class='ocrx_word' id='word_1_294' title='bbox 1056 2689 1144 2717; x_wconf 89' lang='lat' dir='ltr'>esse</span> <span class='ocrx_word' id='word_1_295' title='bbox 1173 2673 1494 2728; x_wconf 88' lang='lat' dir='ltr'>proficiendum,</span> <span class='ocrx_word' id='word_1_296' title='bbox 1525 2675 1566 2715; x_wconf 91' lang='lat' dir='ltr'>et</span> <span class='ocrx_word' id='word_1_297' title='bbox 1597 2673 1710 2715; x_wconf 86' lang='lat' dir='ltr'>illius</span> <span class='ocrx_word' id='word_1_298' title='bbox 1737 2673 1824 2715; x_wconf 87' lang='lat' dir='ltr'>dic-</span> 
     </span>
     <span class='ocr_line' id='line_1_37' title="bbox 262 2744 1823 2806; baseline -0.007 -8"><span class='ocrx_word' id='word_1_299' title='bbox 262 2758 417 2806; x_wconf 89' lang='lat' dir='ltr'>tamen,</span> <span class='ocrx_word' id='word_1_300' title='bbox 455 2756 545 2795; x_wconf 90' lang='lat' dir='ltr'>tam</span> <span class='ocrx_word' id='word_1_301' title='bbox 581 2752 626 2794; x_wconf 92' lang='lat' dir='ltr'>in</span> <span class='ocrx_word' id='word_1_302' title='bbox 652 2751 746 2803; x_wconf 82' lang='lat' dir='ltr'>fide,</span> <span class='ocrx_word' id='word_1_303' title='bbox 778 2763 907 2803; x_wconf 89' lang='lat' dir='ltr'>quam</span> <span class='ocrx_word' id='word_1_304' title='bbox 930 2747 975 2789; x_wconf 90' lang='lat' dir='ltr'>in</span> <span class='ocrx_word' id='word_1_305' title='bbox 999 2746 1200 2797; x_wconf 80' lang='lat' dir='ltr'>moribus,</span> <span class='ocrx_word' id='word_1_306' title='bbox 1227 2744 1524 2787; x_wconf 88' lang='lat' dir='ltr'>tantummodo</span> <span class='ocrx_word' id='word_1_307' title='bbox 1551 2744 1823 2797; x_wconf 88' lang='lat' dir='ltr'>sequendum.</span> 
     </span>
    </p>

    <p class='ocr_par' dir='ltr' id='par_1_6' title="bbox 264 2814 1824 3023">
     <span class='ocr_line' id='line_1_38' title="bbox 315 2814 1824 2871; baseline -0.008 -3"><span class='ocrx_word' id='word_1_308' title='bbox 315 2825 389 2868; x_wconf 90' lang='lat' dir='ltr'>IX.</span> <span class='ocrx_word' id='word_1_309' title='bbox 427 2824 543 2866; x_wconf 85' lang='lat' dir='ltr'>Haec</span> <span class='ocrx_word' id='word_1_310' title='bbox 575 2821 783 2865; x_wconf 87' lang='lat' dir='ltr'>sententia</span> <span class='ocrx_word' id='word_1_311' title='bbox 818 2821 925 2862; x_wconf 87' lang='lat' dir='ltr'>falsa</span> <span class='ocrx_word' id='word_1_312' title='bbox 962 2821 1025 2862; x_wconf 90' lang='lat' dir='ltr'>est</span> <span class='ocrx_word' id='word_1_313' title='bbox 1055 2820 1097 2860; x_wconf 88' lang='lat' dir='ltr'>et</span> <span class='ocrx_word' id='word_1_314' title='bbox 1124 2817 1374 2871; x_wconf 86' lang='lat' dir='ltr'>perniciosa,</span> <span class='ocrx_word' id='word_1_315' title='bbox 1404 2815 1503 2869; x_wconf 88' lang='lat' dir='ltr'>quia</span> <span class='ocrx_word' id='word_1_316' title='bbox 1532 2814 1574 2858; x_wconf 84' lang='lat' dir='ltr'>S.</span> <span class='ocrx_word' id='word_1_317' title='bbox 1603 2814 1824 2869; x_wconf 87' lang='lat' dir='ltr'>Scriptura</span> 
     </span>
     <span class='ocr_line' id='line_1_39' title="bbox 264 2887 1823 2951; baseline -0.006 -12"><span class='ocrx_word' id='word_1_318' title='bbox 264 2897 469 2951; x_wconf 82' lang='lat' dir='ltr'>neglecta,</span> <span class='ocrx_word' id='word_1_319' title='bbox 510 2894 617 2951; x_wconf 88' lang='lat' dir='ltr'>nihil</span> <span class='ocrx_word' id='word_1_320' title='bbox 658 2893 763 2935; x_wconf 87' lang='lat' dir='ltr'>certi</span> <span class='ocrx_word' id='word_1_321' title='bbox 802 2892 847 2934; x_wconf 89' lang='lat' dir='ltr'>in</span> <span class='ocrx_word' id='word_1_322' title='bbox 887 2891 1110 2945; x_wconf 86' lang='lat' dir='ltr'>Religione</span> <span class='ocrx_word' id='word_1_323' title='bbox 1151 2888 1391 2931; x_wconf 84' lang='lat' dir='ltr'>Christiana</span> <span class='ocrx_word' id='word_1_324' title='bbox 1429 2887 1632 2929; x_wconf 88' lang='lat' dir='ltr'>constitui</span> <span class='ocrx_word' id='word_1_325' title='bbox 1668 2889 1823 2941; x_wconf 87' lang='lat' dir='ltr'>potest,</span> 
     </span>
     <span class='ocr_line' id='line_1_40' title="bbox 268 2958 1824 3023; baseline -0.004 -15"><span class='ocrx_word' id='word_1_326' title='bbox 268 2982 398 3023; x_wconf 91' lang='lat' dir='ltr'>quum</span> <span class='ocrx_word' id='word_1_327' title='bbox 423 2965 588 3008; x_wconf 91' lang='lat' dir='ltr'>nullum</span> <span class='ocrx_word' id='word_1_328' title='bbox 620 2963 802 3017; x_wconf 71' lang='grc' dir='ltr'><em>κριτήριον</em></span> <span class='ocrx_word' id='word_1_329' title='bbox 842 2966 916 3006; x_wconf 87' lang='lat' dir='ltr'>aut</span> <span class='ocrx_word' id='word_1_330' title='bbox 951 2977 1101 3006; x_wconf 88' lang='lat' dir='ltr'>norma</span> <span class='ocrx_word' id='word_1_331' title='bbox 1138 2963 1260 3004; x_wconf 85' lang='lat' dir='ltr'>extra</span> <span class='ocrx_word' id='word_1_332' title='bbox 1297 2974 1390 3003; x_wconf 90' lang='lat' dir='ltr'>eam</span> <span class='ocrx_word' id='word_1_333' title='bbox 1423 2958 1513 3001; x_wconf 85' lang='lat' dir='ltr'>dari</span> <span class='ocrx_word' id='word_1_334' title='bbox 1540 2958 1687 3014; x_wconf 87' lang='lat' dir='ltr'>possit,</span> <span class='ocrx_word' id='word_1_335' title='bbox 1716 2973 1824 3012; x_wconf 85' lang='lat' dir='ltr'>quae</span> 
     </span>
    </p>
   </div>
  </div>
 </body>
</html>
