1931 3224
292 140 372 182 484
865 138 1105 180 D1spnm10
1133 137 1283 180 XLIII.

293 264 344 306 de
382 263 535 317 Nysse.
574 262 715 303 Resol.
757 261 903 303 Theol.
933 261 1074 304 Tract.
1104 262 1141 303 6.
1171 263 1282 315 part.
1312 262 1350 302 1.
1379 263 1524 315 punct.
1553 262 1591 304 3.
1621 276 1690 314 qu.
1721 261 1757 303 1.
1788 263 1861 302 aut

294 335 509 388 quomodo
551 333 645 386 plu
662 333 870 375 mbeum
912 333 1127 387 signum
1170 348 1194 375 a
1236 332 1383 386 Rege
1423 332 1770 382 institutum,
1806 334 1861 373 ut

292 407 606 459 quicunque
647 404 787 446 illud
830 404 1059 457 afferat,
1103 404 1345 458 accipiat
1384 420 1405 446 c
1420 407 1603 446 entum
1645 418 1859 455 aureos,

292 477 402 518 dici
430 479 618 530 potest
648 477 902 529 generali
930 477 1083 518 modo
1115 491 1275 518 causa
1303 476 1460 518 illius
1490 474 1861 529 acceptionis,

291 550 368 588 etc.
400 546 446 588 G.
477 547 624 588 Estius
653 547 698 588 in
726 546 817 588 Lib.
847 547 885 588 4.
916 546 1107 589 Sentent.
1139 547 1234 588 dist.
1264 548 1285 588 I
1294 581 1302 589 .
1335 549 1436 589 sect.
1467 547 1503 588 5.

342 617 497 660 XXVI.
528 617 623 659 Etsi
653 620 795 660 autem
823 618 1108 661 Bellarminus
1139 619 1325 660 diversas
1354 619 1467 661 inter
1495 633 1594 660 suos
1625 617 1860 671 opiniones,

290 690 340 732 de
368 690 495 732 modo
525 705 609 743 quo
640 689 914 732 Sacramenta
943 693 1041 732 sunt
1073 705 1222 732 causae
1252 690 1430 744 gratiae,
1459 690 1521 731 ita
1546 690 1708 731 elevare
1735 703 1859 731 cone-

288 764 371 814 tur,
400 764 448 803 ut
475 761 573 803 inde
601 761 768 803 nullum
798 761 1103 803 detrimentum
1126 762 1282 804 sentiat
1309 776 1445 804 comm
1452 761 1546 803 unis
1569 761 1741 803 illorum
1765 775 1859 803 sen-

287 833 436 885 tentia,
473 833 523 874 de
559 848 582 875 o
595 848 622 886 p
636 848 657 875 e
667 848 688 874 r
700 848 742 886 e,
784 834 898 886 quod
935 833 1116 876 barbare
1159 848 1182 875 o
1195 849 1222 887 p
1237 849 1258 875 e
1268 848 1289 875 r
1300 835 1391 875 atu
1403 848 1443 874 m
1473 834 1640 885 vocant,
1673 846 1756 885 quo
1787 831 1861 874 do-

289 907 384 946 cent
423 904 590 945 solam
628 905 899 946 actionem
939 907 1243 958 externam,
1284 905 1487 956 active,
1525 903 1773 957 proxime
1811 905 1862 945 et
1919 917 1931 922 ⁴

289 976 824 1028 instrumentaliter,
867 976 1099 1019 efficere
1132 977 1371 1031 gratiam
1396 975 1860 1031 justificationis:

290 1046 407 1088 aliud
435 1049 578 1089 tamen
602 1047 812 1100 judicavit
843 1047 968 1103 Greg.
999 1050 1049 1091 de
1078 1048 1248 1091 Valent.
1278 1048 1368 1091 Lib.
1401 1049 1461 1091 de
1491 1047 1748 1091 efficacia
1776 1046 1861 1089 Sa-

291 1133 432 1159 cram
446 1121 546 1160 ent.
587 1133 620 1160 6.
656 1120 692 1160 2.
730 1119 804 1160 ubi
843 1122 1074 1173 postquam
1111 1121 1312 1162 recitavit
1356 1120 1614 1162 sententiam
1642 1118 1861 1161 Bonaven-

290 1192 423 1242 turae,
462 1188 592 1241 Scoti,
629 1189 835 1242 Durandi,
876 1190 1061 1244 Occami,
1092 1190 1316 1244 Gabrielis,
1348 1191 1567 1243 Richardi,
1598 1192 1676 1232 etc.
1707 1190 1861 1232 docen-

289 1261 410 1313 tium,
450 1260 726 1305 Sacramenta
763 1262 947 1316 gratiam
985 1263 1187 1315 conferre,
1229 1278 1316 1305 non
1344 1263 1458 1315 quod
1488 1278 1580 1305 eam
1608 1262 1860 1316 producant,

291 1333 364 1375 sed
402 1333 502 1385 quia
539 1333 654 1375 Deus
694 1349 745 1375 ex
781 1336 907 1388 pacto
945 1335 989 1376 in
1018 1350 1097 1376 usu
1127 1334 1511 1387 Sacramentorum,
1541 1349 1633 1376 eam
1662 1333 1862 1387 producit

293 1406 335 1445 et
374 1404 510 1457 offert,
549 1407 684 1456 notat,
713 1405 849 1446 hanc
879 1405 1201 1459 opinionem
1229 1406 1376 1447 nihil
1404 1406 1641 1459 amplius
1671 1404 1699 1448 S
1716 1420 1861 1447 acra-

288 1476 491 1517 mentis
518 1476 770 1518 tribuere
800 1492 826 1530 q
842 1492 957 1519 uam
980 1477 1311 1520 haereticos.
1337 1477 1394 1519 Et
1415 1478 1542 1533 paulo
1565 1480 1662 1519 ante
1685 1477 1868 1531 dixerat,

289 1561 392 1588 non
427 1546 702 1589 immerito
740 1548 920 1590 videri
960 1564 1050 1591 eos
1089 1549 1293 1591 tollere
1333 1549 1385 1591 id
1415 1549 1591 1603 ipsum
1621 1547 1761 1601 quod
1790 1562 1860 1589 se-

290 1618 516 1660 cundum
545 1619 709 1661 fidem
738 1620 956 1662 dixerat
986 1636 1103 1663 esse
1133 1624 1357 1674 certum,
1390 1619 1601 1664 Sacram
1618 1622 1739 1662 enta
1765 1619 1861 1661 sci-

288 1689 422 1732 licet
452 1704 565 1732 esse
594 1705 749 1733 veras
780 1707 970 1734 causas
1000 1694 1226 1747 gratiae.

342 1760 522 1803 XXVII.
551 1762 610 1803 Hi
639 1764 886 1816 concedunt,
918 1763 1191 1807 Sacramenta
1220 1780 1378 1819 magna
1407 1780 1457 1807 ex
1481 1767 1604 1819 parte
1629 1763 1858 1807 consistere

289 1831 333 1872 in
370 1846 446 1873 sua
485 1833 812 1887 significatione,
844 1837 885 1876 et
915 1835 1192 1889 significando
1223 1852 1296 1878 seu
1327 1838 1486 1879 virtute
1516 1851 1615 1878 suae
1644 1836 1858 1889 significa-

288 1902 419 1944 tionis
458 1918 605 1957 agere3
647 1905 746 1957 quia
785 1906 821 1947 si
858 1905 967 1947 nihil
995 1907 1297 1960 significarent,
1329 1908 1438 1949 nihil
1466 1909 1655 1961 agerent.
1684 1906 1858 1960 Signifi-

289 1974 500 2015 cationem
539 1977 693 2026 autem,
733 1991 827 2018 cum
866 1977 921 2018 sit
958 1979 1128 2019 tantum
1158 1993 1230 2020 ens
1258 1979 1433 2031 morale,
1462 1994 1548 2020 non
1576 1993 1700 2033 posse
1730 1993 1857 2031 agere

287 2044 478 2098 physice,
509 2060 611 2099 ergo
640 2062 717 2089 nec
747 2047 1034 2101 Sacramenta,
1073 2064 1149 2091 nec
1181 2050 1398 2092 continere
1423 2050 1619 2103 gratiam,
1646 2050 1729 2091 nisi
1753 2065 1857 2102 qua-

287 2117 410 2157 tenus
438 2116 522 2158 ilh's
550 2118 685 2160 virtus
715 2118 856 2161 divina
886 2120 1069 2171 assistit3
1099 2136 1258 2177 negare
1291 2121 1452 2174 Patres,
1482 2137 1649 2175 aquam,
1677 2121 1858 2175 physica

289 2188 468 2240 actione,
507 2203 758 2242 regenerare
796 2194 869 2233 aut
909 2192 1007 2234 dare
1048 2192 1258 2246 Spiritum
1288 2192 1503 2235 Sanctum.
1536 2193 1856 2236 Sacramentum

287 2261 521 2312 praeterea,
547 2262 688 2313 quoad
712 2263 800 2303 vim
824 2265 865 2304 et
888 2263 1063 2306 modum
1086 2265 1349 2319 producendi
1374 2265 1582 2317 effectum,
1607 2267 1721 2307 recte
1742 2279 1856 2307 com-

287 2331 431 2385 parari
469 2332 584 2382 voci3
625 2348 731 2386 quae
768 2334 867 2376 dum
897 2338 1021 2377 sonat
1050 2335 1094 2377 in
1125 2351 1232 2388 aere,
1262 2336 1462 2378 immutat
1490 2336 1753 2378 intellectum
1783 2350 1857 2377 au-

289 2401 456 2454 dientis,
496 2405 544 2444 ut
581 2404 724 2457 aliqua
761 2405 987 2460 intelligat,
1018 2410 1066 2449 ut
1094 2408 1426 2450 instrumentum
1453 2409 1688 2450 humanum
1718 2423 1769 2450 ex
1795 2408 1857 2450 in-

288 2473 441 2515 stituto
481 2474 749 2528 significans,
787 2476 1053 2520 intellectum
1082 2482 1226 2521 autem
1257 2494 1343 2521 non
1372 2495 1555 2532 movere,
1584 2480 1666 2522 nisi
1694 2479 1856 2534 signifi-

290 2545 456 2588 catione
480 2546 705 2599 mediante,
734 2563 843 2601 quae
868 2552 932 2591 est
956 2551 1117 2604 aliquid
1141 2552 1313 2594 morale.
1334 2552 1520 2606 Aegid.
1543 2552 1601 2593 de
1624 2551 1854 2604 Koning,

287 2616 529 2671 Jesuita,
559 2617 697 2660 Tom.
728 2620 763 2661 1.
793 2620 852 2661 de
881 2620 1112 2664 Sacram.
1144 2625 1351 2675 quaest.
1382 2624 1456 2665 62.
1486 2622 1642 2664 artic.
1671 2623 1708 2663 4.
1738 2622 1852 2663 dub.

288 2704 317 2742 p
329 2705 350 2731 r
360 2690 374 2731 i
386 2705 427 2731 m
439 2705 476 2732 o.

341 2760 540 2803 XXVIII.
572 2762 774 2812 Quamvis
803 2767 946 2807 autem
975 2765 1019 2807 in
1049 2781 1097 2808 eo
1128 2766 1213 2807 sint
1238 2765 1448 2819 culpandi,
1473 2765 1586 2818 quod
1609 2765 1854 2807 ὑποτυπώσει

289 2847 489 2875 sanorum
526 2835 753 2878 verborum
794 2838 962 2890 rejecta,
996 2838 1246 2891 Κενοφωνίοις
1273 2837 1560 2887 introducant,
1590 2835 1642 2876 ad
1671 2850 1761 2877 rem
1788 2835 1854 2877 ni-

288 2902 521 2947 hilominus
560 2905 673 2959 quod
712 2909 890 2961 spectat,
930 2909 1082 2951 melius
1120 2910 1276 2952 sentire
1314 2910 1522 2961 videntur,
1563 2923 1690 2962 quam
1728 2907 1801 2961 qui
1830 2922 1855 2950 a

287 2973 490 3028 Luthero,
528 2978 673 3031 potius
713 2993 841 3031 quam
878 2995 903 3021 a
941 2980 1124 3035 Christo,
1164 2997 1319 3025 nomen
1357 2997 1479 3024 suum
1508 2980 1773 3033 deducentes,
1806 2979 1856 3020 de
