1931 3224
554 305 1030 353 DISPUTATIO
1074 304 1255 352 XVIII.

881 413 927 435 »Β

694 487 898 574 Lege
962 487 1118 554 Dei

421 614 620 656 Praeside
649 614 700 656 D.
730 613 1011 656 JOHANNE
1041 612 1411 656 POLYANDRO.

434 706 708 756 Respondente
739 706 994 744 ARNOLDO
1026 705 1385 745 SCHOMANTIO.

780 810 972 852 T11Es1s
1010 809 1042 851 I.

284 913 411 941 UANTA
440 899 569 942 homo
599 900 643 940 in
673 901 895 952 peccatum
922 899 1161 952 prolapsus,
1191 899 1345 941 virium
1373 900 1497 942 liberi
1526 900 1694 942 arbitrii

169 907 266 1040 Q
284 969 449 1011 laboret
479 969 724 1021 defectione,
751 972 993 1022 quantaque
1019 971 1107 1023 ejus
1131 970 1187 1011 sit
1210 970 1392 1022 miseria,
1420 986 1470 1012 ex
1497 971 1591 1024 lege
1614 970 1693 1012 Dei

130 1041 331 1095 cognosci
360 1043 514 1094 potest.

181 1111 234 1154 II.
274 1111 359 1153 Lex
397 1110 558 1153 Latinis
597 1112 656 1153 sic
683 1111 808 1163 dicta,
839 1111 952 1164 quod
980 1111 1147 1164 publice
1177 1111 1261 1165 legi
1292 1112 1436 1163 soleat,
1470 1127 1494 1153 a
1525 1111 1694 1154 Graecis

129 1183 246 1236 νόμος
278 1183 531 1237 appellatur,
563 1183 677 1236 quod
706 1198 828 1224 suum
858 1183 1010 1235 cuique
1038 1182 1214 1233 tribuat,
1240 1182 1292 1224 ab
1317 1182 1526 1224 Hebraeis
1556 1184 1694 1234 num,

129 1258 172 1300 id
210 1261 285 1311 est,
316 1256 520 1307 doctrina,
553 1256 666 1309 quod
693 1270 770 1297 nos
800 1255 849 1297 de
879 1255 1098 1297 voluntate
1126 1254 1208 1297 Dei
1235 1257 1468 1308 nostroque
1499 1269 1600 1308 erga
1630 1255 1696 1308 ip-

130 1344 224 1372 sum
252 1343 300 1370 ac
329 1327 572 1382 proximum
599 1329 793 1369 nostrum
823 1325 963 1368 officio
994 1325 1156 1367 doceat.

186 1399 261 1442 III.
289 1399 339 1441 In
368 1398 495 1441 Sacra
524 1398 746 1452 Scriptura
776 1398 843 1439 lex
867 1397 1043 1439 diversis
1068 1397 1452 1451 significationibus
1476 1397 1696 1451 accipitur,

131 1473 316 1526 primum
344 1486 423 1524 pro
455 1470 646 1523 qualibet
674 1469 755 1511 Dei
784 1469 1064 1521 institutione,
1094 1468 1162 1509 Ps.
1193 1469 1229 1520 1,
1259 1470 1294 1510 2.
1326 1471 1367 1511 et
1397 1470 1459 1520 19,
1489 1469 1525 1510 8.

185 1543 258 1585 IV.
296 1541 410 1584 Hinc
446 1556 601 1583 nomen
640 1541 760 1594 legis,
798 1543 887 1582 tam
924 1539 1052 1591 Novi,
1083 1555 1210 1593 quam
1239 1539 1407 1582 Veteris
1437 1540 1697 1582 Testamenti

133 1613 351 1656 doctrinae
380 1612 640 1664 attribuitur,
671 1612 741 1653 Es.
771 1612 807 1663 2,
840 1612 877 1653 3.
908 1610 996 1653 Jer.
1024 1612 1087 1664 31,
1117 1612 1181 1652 33.
1211 1611 1333 1652 Rom.
1362 1612 1399 1663 3,
1431 1612 1493 1653 27.

185 1685 238 1727 V.
277 1684 469 1726 Secundo
508 1682 729 1737 speciatim
767 1683 959 1734 sumitur,
998 1685 1071 1724 aut
1103 1697 1181 1736 pro
1211 1682 1304 1736 lege
1332 1683 1495 1734 morali,
1525 1684 1572 1723 ut
1600 1681 1697 1723 Luc.

134 1757 196 1808 10,
235 1756 312 1807 26.,
343 1757 416 1796 aut
444 1768 522 1807 pro
550 1753 832 1806 ceremoniali‚
862 1755 909 1795 ut
939 1752 1036 1795 Luc.
1066 1754 1102 1806 2,
1133 1754 1210 1805 22.,
1242 1755 1316 1795 aut
1343 1768 1422 1807 pro
1450 1752 1621 1805 forensi,
1652 1755 1700 1794 ut

133 1826 232 1869 Joh.
265 1827 325 1877 19,
358 1826 394 1867 7.

188 1896 262 1939 VI.
287 1897 432 1939 Tertio
456 1910 531 1951 per
556 1896 864 1949 metonymiam
890 1895 1071 1948 subjecti
1096 1895 1304 1948 accipitur
1327 1910 1405 1948 pro
1430 1894 1550 1936 libris
1568 1893 1700 1935 Mosis

136 1969 373 2012 doctrinam
403 1969 510 2022 legis
539 1967 931 2021 complectentibus,
964 1970 1012 2008 ut
1040 1966 1137 2008 Luc.
1167 1967 1230 2019 24,
1260 1967 1325 2008 44.

191 2040 285 2083 VII.
324 2040 483 2091 Quarto
523 2040 703 2081 sumitur
744 2038 1060 2092 synecdochice,
1089 2053 1167 2092 pro
1200 2038 1395 2080 omnibus
1424 2037 1544 2079 libris
1569 2036 1701 2078 Vete-

137 2112 195 2154 ris
226 2111 501 2163 Testamenti,
532 2114 580 2153 ut
608 2110 707 2153 Joh.
740 2111 802 2163 10,
834 2111 898 2152 34.

191 2182 307 2226 VIII.
348 2182 508 2232 Quinto
546 2197 622 2236 per
661 2182 968 2236 metonymiam
1005 2181 1207 2235 adjuncti,
1247 2181 1313 2224 vel
1352 2196 1431 2235 pro
1460 2180 1699 2222 Ministerio

138 2255 339 2307 Levitico,
369 2256 418 2295 ut
446 2253 555 2295 Heb.
584 2254 620 2305 7,
651 2254 727 2306 12.,
758 2253 824 2295 vel
853 2268 931 2307 pro
957 2253 1064 2306 legis
1089 2253 1231 2307 rigore
1257 2255 1298 2294 et
1319 2252 1628 2303 maledictione,
1654 2254 1701 2293 ut

138 2327 262 2368 Rom.
292 2327 329 2377 6,
359 2325 421 2367 14.

192 2397 265 2439 IX.
303 2397 448 2449 Sexto,
485 2397 775 2451 metaphorice
809 2411 887 2450 pro
917 2396 1103 2438 naturali
1134 2395 1313 2438 rationis
1341 2395 1552 2437 humanae
1580 2408 1704 2447 prae-

142 2470 348 2523 ceptione,
378 2468 501 2511 Rom.
530 2470 567 2520 2,
598 2468 660 2510 14.

194 2539 247 2582 X.
285 2540 351 2581 Ex
389 2539 542 2592 quibus
572 2542 764 2593 apparet,
794 2540 933 2594 legem
966 2541 1010 2582 in
1040 2540 1168 2582 sacris
1200 2538 1335 2580 literis
1358 2552 1445 2579 non
1469 2537 1602 2590 accipi
1625 2551 1703 2591 pro

142 2615 312 2654 aeterna
340 2611 444 2665 lege,
474 2611 541 2653 vel
569 2611 747 2654 rationis
776 2612 927 2663 forma,
963 2626 1071 2664 quae
1101 2612 1144 2652 in
1176 2611 1382 2663 conceptu
1411 2608 1566 2659 divino,
1595 2610 1704 2649 tam-

143 2698 272 2737 quam
301 2683 346 2724 in
375 2682 595 2735 οέρχετύπῳ
625 2682 803 2735 exsistit,
834 2682 906 2724 sed
931 2697 1010 2735 pro
1035 2682 1230 2735 legitima
1256 2679 1522 2722 ordinatione
1550 2693 1574 2720 a
1598 2677 1702 2730 Deo,

142 2759 364 2807 tamquam
406 2768 430 2794 a
471 2753 781 2806 perfectissimo
825 2753 1069 2806 exemplari,
1114 2752 1167 2793 ad
1211 2766 1344 2805 genus
1384 2750 1620 2792 humanum
1662 2751 1707 2792 in

143 2829 336 2879 tempore
359 2824 561 2876 derivata,
583 2824 767 2878 huicque
791 2825 919 2866 variis
939 2824 1075 2866 modis
1092 2822 1402 2865 communicata
1417 2837 1466 2864 ac
1481 2821 1704 2864 declarata.

196 2896 270 2939 XI.
306 2896 399 2939 Nos
430 2910 532 2950 ergo
562 2896 676 2938 intra
703 2896 860 2938 limites
890 2895 1115 2939 Sacrorum
1144 2894 1384 2936 Bibliorum
1414 2893 1704 2944 consistentes,

143 2969 282 3021 legem
323 2968 526 3010 sumimus
567 2982 645 3020 pro
683 2966 985 3009 informatione
1024 2981 1071 3007 ac
1100 2965 1402 3018 praeceptione
1430 2964 1704 3017 temporaria,
