1931 3224
273 138 349 178 110
459 188 462 191 Ι
857 137 1098 180 ΒῙΞΡΗΤΑΤΙΟ
1125 137 1242 179 XIII.

271 263 410 302 creata
436 261 651 313 factaque;
677 275 824 303 verum
849 275 907 302 ex
931 260 1108 302 nihilo
1131 260 1269 315 primo
1302 260 1465 302 homini
1479 260 1524 301 in
1538 259 1700 312 faciem,
1720 275 1765 302 os
1782 264 1824 303 et

269 332 539 385 singulariter
554 346 675 374 nares
690 331 915 382 insufflata,
931 333 972 373 et
982 331 1237 373 insufflando
1250 333 1404 383 creata,
1415 333 1463 372 ut
1474 330 1534 372 ait
1544 332 1824 385 Augustinus.

321 402 413 445 XX.
457 403 727 445 Afflatum
769 418 843 444 seu
884 402 1287 444 inhalationem
1334 402 1506 455 quidam
1548 404 1734 456 proprie,
1776 407 1825 446 ut

268 473 593 526 plasmationem
630 474 884 527 intelligunt,
924 488 1001 527 pro
1042 488 1247 527 corporea-
1285 473 1369 515 oris
1407 473 1573 516 actione
1604 478 1822 528 assumpto

269 561 445 599 corpore
473 546 605 596 facta;
636 546 958 599 symbolumque
987 548 1207 587 externum
1235 546 1365 587 fuisse
1393 546 1542 587 volunt
1569 546 1702 600 ipsius
1733 547 1823 588 ani—

268 632 360 659 mae
398 620 573 668 creatae,
612 618 826 659 hominem
865 617 1112 668 animantis3
1142 618 1213 659 alii
1240 617 1477 671 improprie
1505 633 1584 671 pro
1618 618 1824 672 singulari

268 690 309 729 et
338 688 584 741 simpliciter
612 688 857 730 immediata
885 688 966 730 Dei
994 689 1036 729 vi
1066 691 1107 730 et
1136 689 1302 730 actione
1330 689 1375 730 in
1399 689 1615 739 condenda
1638 690 1824 732 hominis

266 759 416 800 anima.
445 758 555 800 Huic
583 759 816 801 sententiae
846 762 887 801 et
915 773 992 800 nos
1021 759 1270 801 accedimus.
1298 760 1357 802 Et
1385 776 1485 803 sane
1514 761 1596 803 duo
1626 761 1696 803 hic
1724 776 1823 804 con-

266 830 497 882 sideranda,
537 830 649 882 quod
686 830 826 872 anima
861 831 1044 872 exterius
1075 831 1305 883 advenerit,
1336 834 1378 873 et
1406 831 1627 887 analogice
1656 833 1822 875 divinae

266 901 471 942 essentiae
500 901 767 953 respondeat.

317 971 430 1013 XXI.
454 971 517 1013 De
547 973 669 1014 sede
699 973 819 1025 ejus
850 975 891 1014 et
915 974 1137 1026 speciatim
1166 975 1384 1027 mentis,
1415 975 1530 1017 varie
1559 975 1822 1030 disputatum

266 1046 339 1085 est.
378 1043 486 1086 Sunt
525 1044 598 1097 qui
633 1045 975 1098 inexplicabilem
1013 1046 1124 1088 hanc
1162 1047 1455 1100 quaestionem
1492 1047 1695 1089 fecerunt.
1735 1046 1823 1088 Alii

264 1130 340 1168 per
377 1118 517 1158 totum
555 1131 707 1170 corpus
739 1118 972 1171 aequaliter
1002 1118 1196 1160 diffusam
1226 1120 1387 1172 volunt,
1417 1122 1555 1162 totam
1584 1119 1628 1161 in
1656 1121 1750 1161 toto
1781 1121 1823 1161 et

264 1187 308 1228 in
348 1188 535 1240 qualibet
573 1191 695 1241 parte
732 1191 880 1241 totam,
916 1190 987 1232 sed
1015 1190 1059 1231 in
1089 1193 1203 1232 certa
1234 1191 1416 1243 quadam
1444 1193 1567 1245 parte
1595 1191 1731 1244 magis
1760 1190 1822 1232 vi-

265 1258 353 1299 deri
389 1259 536 1310 inesse,
577 1260 691 1311 quod
728 1260 788 1302 ibi
816 1261 870 1302 sit
901 1262 989 1314 ejus
1017 1262 1231 1304 facultatis
1259 1263 1537 1317 praecipuum
1565 1262 1822 1304 instrumen-

262 1332 368 1381 tum,
406 1333 453 1372 ut
488 1333 585 1385 post
621 1332 895 1374 Ambrosium
924 1336 965 1374 et
994 1333 1284 1387 Augustinum
1313 1334 1580 1377 Scholastici.
1609 1334 1697 1375 Alii
1725 1348 1820 1387 spe-

264 1401 410 1443 cialem
448 1402 510 1443 illi
547 1404 688 1445 sedem
727 1405 979 1457 attribuunt,
1020 1408 1061 1448 et
1100 1406 1343 1449 Academici
1381 1406 1551 1460 quidem
1589 1408 1718 1459 caput
1747 1421 1820 1448 seu

265 1473 494 1524 cerebrum,
524 1473 798 1528 Peripatetici
827 1491 875 1517 ac
904 1475 1038 1518 Stoici
1066 1479 1215 1530 pectus
1245 1492 1318 1520 seu
1349 1492 1432 1519 cor.

315 1543 449 1585 XXII.
502 1543 593 1587 Nos
643 1549 902 1600 postremam
945 1549 1214 1601 sententiam,
1258 1548 1523 1603 Scripturam
1565 1549 1737 1592 Sacram
1779 1551 1820 1590 et

263 1614 438 1657 Veteres
462 1616 548 1659 fere
572 1616 723 1660 Patres
748 1620 891 1670 secuti,
918 1620 1226 1672 amplectimur,
1254 1635 1301 1662 ac
1325 1621 1369 1662 in
1394 1621 1518 1663 corde
1541 1622 1590 1661 ut
1613 1620 1657 1661 in
1673 1622 1819 1662 centro

263 1702 311 1728 ac
348 1702 511 1730 recessu
551 1688 734 1730 animam
773 1704 861 1731 esse
891 1691 1121 1733 secundum
1149 1692 1376 1734 essentiam
1406 1691 1534 1745 (unde
1558 1693 1611 1750 *et
1641 1706 1713 1733 cor
1740 1706 1818 1745 pro

264 1759 457 1800 omnibus
510 1760 672 1802 animae
717 1760 1001 1814 facultatibus,
1054 1777 1208 1816 nempe
1251 1763 1471 1817 sapientia,
1513 1763 1735 1805 voluntate
1778 1765 1819 1804 et

263 1829 415 1870 affectu
451 1830 643 1883 ponitur)
683 1832 929 1883 statuimus3
969 1848 1164 1875 exercere
1202 1836 1345 1876 autem
1385 1849 1481 1875 suas
1522 1834 1738 1887 potentias
1775 1833 1820 1874 in

263 1915 451 1954 corpore,
492 1905 533 1943 et
570 1902 738 1954 quidem
774 1918 850 1956 per
887 1905 1064 1958 propria
1103 1907 1193 1958 ejus
1232 1905 1524 1957 instrumenta,
1564 1907 1716 1958 utpote
1745 1919 1820 1959 per

262 1971 480 2012 cerebrum
517 1973 766 2030 intelligere.
796 1975 862 2017 Ita
890 1979 937 2018 ut
968 1977 1286 2019 essentialiter'
1275 1993 1320 2018 in
1349 1979 1464 2019 certa
1490 1977 1570 2018 hac
1598 1979 1722 2030 parte
1751 1976 1818 2028 sit,

260 2042 498 2084 virtualiter
534 2044 577 2085 in
613 2046 705 2086 toto
744 2060 932 2100 corpore,
971 2047 1098 2090 Deut
1136 2049 1200 2093 29
1238 2049 1275 2090 4.
1305 2048 1428 2091 Rom.
1460 2050 1494 2101 1,
1525 2049 1589 2090 21.
1619 2047 1723 2089 Mat.
1754 2048 1817 2100 15,

262 2113 325 2154 19.
356 2116 397 2154 et
424 2114 487 2166 22,
517 2115 580 2156 37.

314 2183 469 2225 XXIII.
509 2184 628 2234 Quod
665 2201 764 2228 vero
803 2188 903 2229 alibi
933 2190 1073 2231 anima
1102 2189 1238 2231 omnis
1268 2190 1418 2242 carnis,
1449 2190 1640 2242 adeoque
1669 2192 1710 2232 et
1738 2189 1817 2231 ho-

261 2253 398 2306 minis,
437 2254 480 2295 in
519 2256 721 2309 sanguine
751 2258 925 2311 dicatur,
954 2261 1040 2302 imo
1069 2261 1160 2314 ipse
1190 2261 1362 2315 sanguis
1393 2262 1545 2315 anima,
1575 2261 1677 2303 Gen.
1707 2262 1743 2303 9.
1775 2263 1817 2302 et

261 2324 357 2366 Lev.
388 2326 462 2377 17„
494 2327 606 2378 quod
636 2330 677 2368 et
701 2328 980 2382 Empedocles
1005 2332 1162 2385 aliique
1187 2332 1467 2385 affirmarunt,
1490 2332 1815 2386 intelligendum

261 2398 324 2437 est
342 2411 427 2438 non
450 2397 499 2439 de
516 2398 655 2439 anima
673 2400 966 2454 ratiocinante,
988 2403 1060 2444 sed
1081 2403 1201 2445 vitali
1224 2405 1314 2457 ejus
1330 2404 1533 2447 facultate
1549 2406 1590 2445 et
1605 2403 1695 2445 vita
1709 2403 1814 2457 ipsa.

313 2467 467 2509 XXIV.
497 2468 640 2511 Habet
670 2486 717 2512 ea
744 2473 981 2514 naturalem
1011 2477 1052 2515 et
1080 2475 1302 2517 immotam
1331 2475 1597 2518 affectionem
1627 2477 1669 2517 et
1702 2489 1815 2529 sym·
1864 2531 1871 2535 ¹

260 2539 453 2592 pathiam
482 2541 534 2581 ad
564 2555 729 2594 corpus,
759 2545 806 2583 ut
835 2543 886 2584 ad
916 2544 1093 2586 alteram
1123 2546 1346 2601 compositi
1375 2548 1555 2600 partem,
1586 2560 1814 2599 organum-

261 2626 341 2663 que
371 2613 459 2664 ejus
489 2613 853 2655 accommodatum
883 2617 924 2656 et
952 2617 1194 2669 proprium3
1223 2617 1400 2671 ipsaque
1429 2617 1599 2670 corpori
1633 2631 1812 2668 sensum,

263 2682 392 2724 vitam
430 2698 478 2724 ac
515 2685 678 2725 motum
717 2684 881 2737 tribuit,
920 2688 962 2726 et
998 2687 1042 2727 in
1080 2702 1128 2729 eo
1165 2687 1453 2742 principatum
1490 2690 1667 2740 exercet,
1709 2687 1814 2729 illud

259 2754 370 2807 regit
398 2769 446 2796 ac
473 2755 726 2797 moderatur.
756 2754 857 2797 Non
884 2758 1027 2798 tamen
1055 2757 1108 2798 ab
1138 2773 1187 2799 eo
1217 2759 1466 2812 simpliciter
1494 2759 1714 2812 dependet,
1740 2760 1813 2800 aut

261 2825 462 2877 organica
499 2828 573 2878 est,
603 2829 649 2868 ut
678 2841 784 2879 quae
812 2827 864 2869 ab
893 2842 941 2868 eo
971 2830 1171 2882 separari,
1201 2845 1277 2883 per
1305 2845 1348 2872 se
1377 2830 1617 2882 subsistere,
1646 2831 1813 2885 privata

260 2896 402 2936 munia
440 2896 555 2938 obire
594 2897 681 2939 sine
720 2899 808 2950 ejus
846 2898 1100 2940 adminiculo
1138 2901 1284 2954 possit,
1317 2902 1571 2954 corporique
1599 2904 1812 2955 superstes

260 2969 440 3008 maneat.
483 2966 772 3010 Nihilominus
813 2969 902 3011 sine
943 2985 992 3011 6ο
1034 2971 1156 3023 plene
1198 2971 1323 3014 beata
1365 2987 1452 3014 non
1494 2975 1569 3025 est,
1607 2974 1678 3016 sed
1720 2976 1811 3016 tum
