1931 3224
261 166 310 206 76
858 156 1097 197 Dlspumrro
1126 153 1196 194 lX.

313 285 506 328 XXXIV.
535 283 829 327 Concludimus
858 293 957 332 ergo
981 278 1179 320 adversus
1203 275 1337 317 omnis
1362 274 1529 330 generis
1552 273 1802 315 Haereticos

259 359 445 399 recentes
483 358 524 397 et
562 354 770 406 antiquos,
810 351 880 403 qui
909 350 1177 401 impegerunt
1204 347 1248 387 in
1276 346 1389 387 hunc
1417 345 1664 398 angularem
1691 343 1802 397 lapi-

260 429 365 473 dem.
402 426 445 467 in
483 440 565 478 quo
604 427 693 465 tota
731 423 876 464 domus
906 420 1080 460 fundata
1111 421 1152 460 et
1179 418 1345 458 firmata
1376 418 1452 467 est,
1481 415 1630 457 Jesum
1660 414 1803 456 Chris-

258 502 350 539 tum
377 497 455 539 Dei
483 495 745 548 unigenitum
774 492 941 541 Filium,
972 505 1059 532 esse
1088 504 1218 530 unum
1247 490 1288 529 et
1313 490 1530 529 aeternum
1556 502 1649 528 cum
1674 486 1803 528 Patre

259 570 407 620 Deum,
437 569 479 609 in
509 567 651 609 eadem
680 565 819 606 divina
848 562 1029 604 essentia
1053 560 1252 601 distincto
1291 558 1493 611 ὑπάρξεως
1536 558 1663 610 τρόπῳ
1704 557 1803 599 sub—

259 641 485 690 sistentem,
525 638 589 679 cui
627 651 718 678 cum
756 634 881 676 Patre
921 635 961 674 et
998 631 1163 686 Spiritu
1202 630 1242 673 S.
1273 630 1326 671 sit
1356 629 1494 671 honor
1524 632 1565 671 et
1593 629 1732 682 gloria
1760 629 1804 674 in

258 711 405 762 secula,
433 711 581 752 Amen.

862 885 1140 892 ω

732 1031 1198 1081 DISPUTATIO
1239 1030 1323 1076 IX.

1006 1140 1052 1161 DE

498 1219 843 1284 Persona
891 1215 1231 1302 Spiritus
1282 1212 1564 1280 Sancti.

622 1344 817 1386 Praeside
846 1343 897 1384 D.
926 1340 1188 1384 ANTONIO
1219 1339 1441 1382 THYSIO.

636 1433 908 1483 Respondente
939 1431 1232 1470 FRANGISCO
1262 1430 1420 1470 JOSIO.

900 1537 1089 1579 ΤΗΕΞΙΞ
1129 1535 1161 1578 Ι.

410 1643 491 1670 UUM
530 1629 579 1670 de
616 1628 750 1670 tribus
788 1627 1038 1669 Divinitatis
1074 1625 1284 1678 Personis,
1314 1627 1501 1680 primum
1531 1625 1805 1679 conjunctim,

409 1699 505 1742 inde
543 1699 763 1752 sigillatim
799 1699 849 1740 de
886 1698 1013 1740 Patre
1050 1697 1248 1750 Filioque
1279 1698 1335 1738 sit
1363 1700 1515 1749 actum,
1549 1711 1808 1750 consequens

259 1773 322 1812 est
358 1773 405 1812 ut
431 1770 511 1812 hac
539 1769 746 1822 συζητήσει
779 1769 829 1811 de
857 1768 1069 1822 Spiritu
1098 1768 1298 1810 Sancto
1329 1768 1524 1810 similiter
1553 1782 1742 1822 agamus.

309 1840 361 1882 II.
406 1840 604 1889 Quamvis
640 1840 882 1893 Spiritus
919 1839 988 1881 hic
1024 1854 1118 1891 vox,
1158 1854 1182 1880 a
1221 1842 1436 1881 creaturae
1468 1839 1643 1881 notione
1681 1839 1808 1892 plane

258 1912 541 1953 submovenda
568 1913 635 1962 sit,
664 1914 804 1953 tamen
833 1914 1009 1964 propter
1037 1911 1280 1965 analogiam
1307 1911 1495 1964 aliquam
1525 1926 1654 1964 quam
1680 1910 1811 1952 habet

260 1985 450 2025 creatura
489 1983 540 2024 ad
577 1983 724 2034 Deum,
756 1984 1032 2025 communiter
1063 1983 1266 2037 explicari
1294 1998 1380 2025 non
1411 1983 1485 2024 abs
1516 1997 1560 2024 re
1590 1983 1682 2024 erit.
1713 1982 1810 2036 Sig-

260 2054 403 2096 nificat
431 2069 531 2107 ergo
567 2057 652 2097 ΠἹἿ
694 2057 865 2105 πνεῦμκ,
907 2054 1094 2107 spiritus,
1134 2054 1307 2107 proprie
1335 2053 1497 2106 flatum,
1528 2054 1717 2106 adeoque
1746 2068 1810 2096 es-

260 2125 437 2166 sentiam
474 2125 673 2167 subtilem
710 2128 751 2167 et
787 2129 1017 2179 potentem,
1055 2127 1143 2169 sive
1182 2127 1218 2168 is
1259 2127 1316 2168 sit
1354 2129 1515 2177 ventuS,
1557 2125 1676 2168 Gen.
1707 2126 1744 2177 8,
1775 2126 1810 2168 1.
1848 2178 1849 2181 Ἴ

259 2194 286 2236 J
299 2195 373 2236 oh.
428 2196 463 2247 3,
519 2196 554 2236 8.
612 2196 697 2238 sive
750 2197 975 2239 animantis
1023 2198 1194 2250 halitus,
1253 2198 1334 2240 Es.
1369 2199 1405 2250 2,
1446 2199 1509 2239 22.
1550 2199 1678 2250 atque
1715 2197 1812 2239 inde

260 2266 548 2319 metaphorice
591 2267 774 2309 hominis
817 2269 1014 2321 animum,
1056 2270 1260 2312 Eccles.
1305 2270 1368 2322 12,
1412 2269 1448 2311 7.
1493 2268 1607 2311 Luc.
1646 2269 1708 2321 23,
1747 2269 1812 2311 46.

262 2336 281 2377 1
314 2335 422 2378 Cor.
451 2339 487 2389 2,
513 2338 574 2378 11.
601 2341 642 2380 εὴ
666 2339 876 2392 angelum,
905 2340 1029 2382 Heb.
1062 2342 1096 2392 1,
1127 2342 1163 2382 7.
1189 2341 1250 2383 14.
1277 2342 1380 2394 quin
1405 2343 1447 2383 et
1473 2342 1691 2383 creaturae
1713 2340 1812 2391 vim,

262 2406 541 2458 affectionem,
572 2411 818 2461 motumque
846 2410 1147 2462 vehementem,
1177 2412 1306 2466 Agg.
1339 2413 1374 2464 1,
1406 2412 1467 2453 14.
1521 2419 1524 2422 ’

314 2476 386 2518 III.
425 2477 586 2520 Deinde
626 2481 844 2521 commoda
881 2481 1077 2534 analogia
1115 2483 1166 2524 ad
1194 2482 1333 2525 Deum
1363 2483 1582 2534 translata,
1611 2482 1678 2524 vel
1707 2481 1813 2523 divi-

260 2563 358 2590 nam
395 2550 619 2591 essentiam
656 2551 846 2593 absolute
885 2555 926 2593 et
965 2554 1245 2596 communiter
1275 2557 1504 2609 acceptam,
1535 2554 1651 2597 Joh.
1681 2553 1812 2605 4,.24.

262 2620 547 2672 essentiaeque
584 2622 907 2676 proprietatem,
945 2624 1146 2666 virtutem
1183 2628 1224 2667 et
1252 2626 1491 2679 potentiam
1519 2626 1565 2668 in
1592 2625 1684 2668 Deo
1714 2625 1814 2667 resi-

263 2688 440 2741 dentem,
471 2693 543 2732 aut
566 2691 618 2732 ad
646 2694 859 2734 creaturas
887 2696 1106 2746 exsertam,
1133 2695 1318 2748 denotat,
1344 2697 1412 2739 vel
1435 2697 1568 2739 relate
1589 2710 1815 2751 personam
1892 2695 1895 2697 ’

262 2759 306 2801 in
344 2760 493 2803 divinis
530 2763 718 2814 tertia1n3
758 2765 831 2817 qui
869 2764 1052 2818 Spiritus
1082 2766 1173 2819 Dei,
1205 2767 1324 2810 Gen.
1358 2770 1393 2821 1,
1424 2771 1458 2810 2.
1491 2770 1511 2810 1
1545 2768 1655 2812 Cor.
1683 2769 1718 2820 2,
1750 2761 1814 2809 11.

265 2831 306 2871 et
342 2829 526 2883 Domini,
562 2832 640 2875 Es.
669 2835 731 2885 61,
764 2836 797 2876 1.
829 2838 870 2876 et
900 2835 1165 2890 spiraculum
1194 2840 1510 2893 omnipotentis,
1540 2839 1569 2882 J
1580 2840 1656 2882 ob.
1687 2840 1751 2892 33,
1775 2840 1813 2881 4.

264 2914 413 2953 nempe
447 2903 651 2945 relatione
690 2904 837 2947 habita
876 2906 928 2947 ad
965 2907 1197 2960 spirantem
1235 2909 1386 2962 Deum,
1426 2904 1752 2964 Spiritusss'cil.
1790 2926 1815 2953 a

264 2969 354 3012 Deo
393 2973 596 3025 spiratus3
639 2976 709 3026 qui
747 2979 789 3017 et
827 2976 963 3030 Spir.
1003 2977 1256 3031 Sanctus,
1294 2981 1374 3023 Es.
1411 2982 1475 3033 63,
1515 2983 1576 3023 10.
1606 2984 1649 3024 εὴ
1677 2981 1814 3035 Spir.

1693 3084 1715 3094 «-
1734 3056 1861 3096 ,ιζβςκί
1895 3082 1931 3093 1¹

1924 3115 1931 3130 ,ἐ
