1931 3224
232 165 283 207 44
835 154 1073 197 DISPUTATIO
1100 150 1151 192 V.

233 290 343 331 recte
380 285 621 339 explicetur,
661 281 856 323 dicimus:
895 276 1161 330 Scripturam
1189 286 1277 314 esse
1307 270 1372 313 5111
1400 269 1534 324 ipsius
1563 267 1778 322 Interpre-

233 362 329 408 tem,
369 356 433 398 vel
471 354 613 408 potius
651 352 787 393 Deum
824 350 867 390 in
896 345 1127 399 801111111115
1158 346 1200 385 01
1227 357 1302 396 per
1332 340 1573 395 Scripturas
1601 339 1778 393 loquen-

233 433 330 479 tem,
377 427 449 479 qui
486 426 530 466 in
567 423 669 465 locis
708 419 955 463 clarioribus
994 419 1035 458 et
1071 413 1318 457 necessariis
1356 412 1622 453 voluntatem
1660 424 1780 451 suam

233 498 423 540 fidelibus
466 496 608 548 aperte
649 492 816 542 indicat,
860 491 907 530 ut
944 490 1068 529 antea
1107 488 1170 528 est
1208 485 1556 534 demonstratum,
1594 482 1638 523 in
1674 481 1779 524 10015

233 584 330 610 vero
369 565 679 608 obscurioribus
716 577 790 615 per
829 559 1190 613 comparationem
1227 570 1373 598 eorum
1406 568 1501 596 cum
1529 553 1780 595 clarioribus

234 640 403 682 eandem
431 637 692 679 voluntatem
720 648 837 674 5110111
864 632 916 672 115
944 630 1080 683 magis
1110 643 1158 670 ac
1184 627 1321 680 magis
1351 625 1585 668 confirmat.

284 708 436 750 XXIV.
496 704 854 755 Quemadmodum
909 701 1021 742 enim
1074 699 1312 752 Imperator
1364 696 1517 749 aliquis
1561 697 1635 736 aut
1675 693 1779 747 Rex,

232 796 316 822 non
354 781 519 820 tantum
556 773 936 818 controversiarum
973 770 1159 812 civilium
1189 771 1252 810 est
1279 766 1417 809 Judex
1446 768 1519 807 aut
1547 765 1782 807 voluntatis

233 866 330 893 suae
358 849 580 902 Interpres,
613 845 779 899 quando
809 857 1008 898 praesens
1038 856 1132 883 cum
1159 839 1454 894 praesentibus
1478 836 1682 890 loquitur,
1711 835 1783 878 sed

233 922 359 964 etiam
397 934 489 961 cum
518 933 592 972 per
621 916 828 969 rescripta
856 916 928 955 aut
956 912 1122 954 libellos
1150 911 1233 952 hoc
1261 910 1385 951 facit:
1417 909 1476 950 sic
1505 908 1634 950 etiam
1667 906 1782 949 Deus

231 1007 316 1034 11011
351 992 517 1032 tantum
555 1002 739 1030 summus
769 984 1153 1028 controversiarum
1182 981 1321 1023 Judex
1349 983 1391 1022 et
1419 979 1654 1022 Voluntatis
1683 994 1783 1021 suae

231 1061 444 1115 Interpres
483 1062 556 1112 est,
596 1057 762 1112 quando
803 1070 896 1097 cum
933 1053 1066 1105 Mose,
1108 1052 1338 1106 Prophetis
1382 1053 1424 1093 et
1461 1050 1698 1104 Apostolis,
1741 1053 1784 1092 et

232 1148 308 1188 per
345 1147 415 1175 005
454 1131 505 1173 ad
537 1129 768 1172 Ecclesiam
794 1129 857 1169 est
883 1126 1062 1178 locutus,
1092 1124 1163 1166 sed
1192 1123 1322 1165 etiam
1350 1136 1445 1164 cum
1471 1135 1548 1175 per
1576 1121 1785 1175 rescripta

233 1219 307 1247 sua
350 1206 391 1246 et
432 1202 605 1245 verbum
646 1200 779 1242 literis
816 1197 1074 1249 mandatum,
1117 1195 1382 1238 voluntatem
1425 1208 1545 1235 suam
1581 1192 1784 1235 Ecclesiis

235 1275 422 1329 exponit.

286 1343 418 1386 XXV.
448 1343 618 1386 Etenim
646 1342 865 1396 Scriptura
889 1339 1017 1384 Sacra
1044 1353 1130 1380 non
1160 1339 1223 1380 est
1250 1351 1316 1378 105
1345 1338 1475 1389 muta,
1502 1338 1576 1378 aut
1601 1337 1784 1389 mortua,

234 1418 307 1458 aut
344 1430 449 1468 quae
487 1414 739 1457 sententiam
776 1427 893 1454 suam
931 1411 982 1452 ab
1021 1410 1242 1452 hominum
1278 1407 1531 1462 corruptelis
1572 1407 1786 1449 vindicare

234 1502 318 1529 11011
348 1487 495 1540 possit,
535 1485 624 1527 sed
664 1499 834 1526 sermo
864 1483 961 1524 Dei
991 1484 1072 1524 est
1098 1482 1254 1523 vivus
1284 1482 1335 1522 et
1364 1479 1590 1531 efficax,
1624 1481 1674 1521 et
1702 1493 1786 1533 pe-

234 1557 580 1600 netrant1·ior
611 1556 803 1609 quovis
832 1554 1019 1608 gladio
1050 1552 1310 1607 ancipiti,
1340 1551 1785 1606 pertingensque

234 1644 401 1682 usque
453 1628 514 1670 ad
566 1628 894 1669 divisionem
950 1625 1157 1667 animae
1209 1624 1369 1666 simul
1422 1638 1478 1665 ac
1525 1623 1784 1677 spiritus,

236 1713 657 1754 compagumque
709 1712 765 1740 ac
807 1697 1188 1748 medullarum,
1233 1697 1284 1738 01
1326 1695 1603 1749 dijudicat
1645 1693 1785 1747 cogi-

235 1772 481 1813 tationes
524 1772 574 1811 et
617 1769 1012 1823 conceptiones
1056 1767 1260 1820 cordis,
1303 1769 1352 1809 ut
1394 1766 1552 1808 Paulus
1590 1768 1787 1818 testatur,

236 1843 364 1884 Hebr.
412 1843 449 1894 4,
498 1842 559 1883 12.
608 1843 649 1883 et
695 1844 921 1895 propterea
950 1841 1078 1882 etiam
1115 1840 1488 1882 ministerium
1520 1838 1788 1892 justitiae

238 1917 287 1956 et
333 1913 576 1967 Spiritus
625 1913 874 1967 appellatur,
925 1915 946 1951 2
994 1911 1087 1954 Cor.
1137 1912 1174 1963 3,
1214 1911 1250 1952 8.
1290 1912 1326 1953 9,
1366 1911 1465 1964 quia
1511 1909 1698 1963 Spiritus
1745 1908 1787 1951 8.

237 2000 311 2039 per
353 1985 455 2026 illud
492 1985 535 2025 111
574 1984 767 2026 cordibus
806 1984 1026 2025 hominum
1065 1983 1117 2025 ad
1153 1983 1379 2025 veritatem
1416 1984 1458 2024 01
1482 1981 1696 2034 justitiam
1725 1982 1789 2022 051

239 2046 395 2098 efficax.

291 2126 444 2169 XXVI.
487 2127 598 2168 Hinc
640 2129 703 2169 est
745 2127 857 2180 quod
898 2127 966 2169 Ps.
1010 2127 1073 2179 50,
1103 2126 1139 2168 4.
1182 2125 1221 2167 D
1237 2140 1328 2168 eus
1372 2125 1637 2167 inclamat
1677 2137 1790 2166 coe-

239 2199 320 2241 los
364 2214 595 2252 superne
638 2201 687 2240 et
730 2201 953 2250 terrani,
991 2197 1087 2240 ε105
1131 2197 1337 2252 populo
1381 2211 1474 2239 suo
1515 2196 1790 2247 dicturus;

242 2272 283 2311 et
306 2269 454 2311 Esaias
481 2285 570 2323 cap.
600 2270 635 2310 8.
664 2269 922 2323 populum
949 2269 1232 2311 Israeliticum
1261 2267 1322 2310 ad
1350 2268 1525 2322 legem
1555 2269 1605 2309 et
1633 2266 1792 2309 testi-

240 2341 472 2382 monium
513 2341 691 2382 remittit
733 2340 794 2382 ad
836 2340 1226 2382 consulendum
1267 2339 1433 2381 Deum
1475 2353 1637 2381 suum.
1679 2336 1792 2380 Hinc

241 2411 308 2452 Ps.
339 2411 400 2452 25.
430 2412 566 2465 aperit
594 2410 759 2453 Jehova
797 2426 1053 2453 arcanum
1089 2410 1478 2453 reverentibus
1512 2410 1711 2464 ipsum,
1741 2411 1793 2451 et

241 2481 431 2524 foedus
482 2497 649 2534 suum,
700 2485 756 2524 ut
808 2483 1189 2536 experimento
1240 2484 1485 2524 testetur
1543 2481 1627 2523 iis.
1680 2479 1793 2523 Hinc

244 2567 384 2594 omnes
414 2553 486 2606 qui
514 2553 566 2595 ad
595 2553 808 2595 Christum
835 2554 1022 2606 veniunt,
1054 2555 1152 2595 sunt
1180 2568 1204 2595 a
1231 2553 1341 2595 Deo
1381 2552 1587 2605 edocti,
1620 2550 1719 2594 Joh.
1754 2551 1792 2593 6.

245 2625 286 2664 et
314 2624 357 2665 si
386 2625 504 2676 quis
534 2624 682 2666 aliud
714 2627 943 2679 sentiat,
974 2626 1116 2668 Deus
1146 2625 1198 2668 id
1225 2625 1314 2667 illi
1343 2638 1558 2678 quoque
1586 2623 1793 2666 revela-

244 2693 347 2745 bit,
381 2693 489 2737 Phil.
514 2696 550 2747 3,
581 2697 655 2748 13„
685 2697 728 2738 in
757 2697 910 2749 quibus
940 2697 1134 2739 omnibus
1164 2699 1206 2740 et
1233 2697 1379 2739 multis
1409 2695 1503 2738 aliis
1531 2695 1648 2748 locis,
1677 2693 1793 2736 Deus

246 2763 335 2816 ipse
373 2779 494 2819 agere
532 2767 696 2820 dicitur,
736 2783 843 2821 quae
871 2783 947 2822 per
975 2769 1150 2811 verbum
1178 2769 1438 2819 efficiuntur;
1468 2768 1568 2821 quia
1596 2781 1673 2820 per
1700 2780 1794 2807 ver-

246 2833 347 2875 bum
383 2837 423 2876 et
461 2850 553 2878 cum
589 2838 716 2880 verbo
756 2854 831 2881 suo
869 2839 1070 2882 Ecclesiis
1109 2840 1194 2882 suis
1233 2855 1399 2895 semper
1434 2853 1647 2894 praesens,
1690 2837 1796 2879 haec

251 2906 389 2946 onmia
417 2907 459 2947 in
487 2908 669 2950 fidelium
698 2910 848 2952 animis
879 2913 920 2952 et
949 2911 1139 2953 coetibus
1170 2913 1384 2965 operatur.

300 2975 474 3017 XXVII.
514 2977 620 3026 Quia
656 2995 753 3022 vero
793 2980 919 3033 Deus,
959 2982 1038 3024 etsi
1075 2982 1127 3024 ab
1167 2997 1215 3024 eo
1255 2983 1346 3025 solo
1385 2983 1441 3024 sit
1473 2982 1794 3032 incrementum,
1815 3010 1818 3012 -
