1931 3224
257 138 336 179 496
829 137 1073 179 DisPUTATIO
1101 136 1250 179 XLIV.

260 262 468 315 agnoscit,
508 262 635 302 etiam
673 261 736 302 illi
773 261 854 315 ipsi
890 262 987 314 loci,
1023 261 1147 303 Rom.
1186 263 1222 303 6.
1262 261 1352 303 Gal.
1390 262 1428 303 3.
1466 261 1577 314 Eph.
1607 261 1643 302 5.
1673 261 1757 302 Tit.
1785 262 1822 304 3.

260 335 337 375 etc.
381 348 486 386 quos
529 347 607 385 pro
650 332 731 374 hac
773 347 848 374 sua
890 333 1101 374 sententia
1140 332 1372 386 proferunt,
1412 332 1462 374 de
1500 332 1552 373 iis
1580 332 1754 386 proprie
1783 335 1824 374 et

259 405 503 446 immediate
545 406 692 457 agunt,
737 404 810 456 qui
847 404 937 457 jam
979 404 1114 445 adulti
1156 406 1289 455 erant,
1329 405 1370 445 et
1410 403 1455 444 in
1484 403 1627 445 adulta
1657 404 1825 446 demum

260 478 398 518 aetate
436 475 605 517 fuerant
634 474 855 528 baptizati,
886 475 1241 527 quemadmodum
1271 475 1314 517 id
1345 490 1395 517 ex
1423 475 1527 528 ipsis
1557 475 1660 517 locis
1688 476 1834 526 manif

260 546 418 587 festum
446 548 520 587 est.

313 614 469 657 XXIX.
509 615 579 656 Ef
584 615 605 656 f
610 617 623 657 i
638 617 836 658 caciam
878 631 979 671 ergo
1018 616 1233 670 Baptismi
1273 631 1359 659 non
1397 616 1624 671 alligamus
1654 617 1707 658 ad
1733 631 1825 659 mo-

259 689 451 729 mentum
487 688 603 741 illud,
644 704 727 742 quo
758 704 868 742 aqua
897 691 1072 731 externa
1104 704 1258 743 corpus
1288 689 1482 743 tingitur,
1513 689 1585 730 sed
1614 689 1659 730 in
1689 689 1826 750 0111111-

260 758 339 799 bus
376 759 646 813 baptizandis
684 760 810 803 fidem
840 763 882 802 et
911 761 1251 814 resipiscentiam
1282 775 1377 802 cum
1404 760 1627 813 Scriptura
1655 748 1826 813 praere-

263 829 481 883 quirimus,
525 831 676 873 saltem
718 833 948 874 secundum
990 833 1180 875 caritatis
1218 832 1447 885 judicium:
1488 831 1615 884 idque
1657 833 1746 872 tam
1782 831 1826 872 in

260 900 495 943 infantibus
530 902 773 956 foederatis,
811 903 856 945 in
895 904 1049 957 quibus
1089 919 1140 946 ex
1178 904 1221 945 vi
1250 904 1420 946 divinae
1448 901 1756 944 benedictionis
1785 904 1828 943 et

259 972 440 1015 foederis
484 973 745 1029 Evangelici,
792 991 936 1018 semen
980 978 1022 1018 et
1060 975 1268 1029 Spiritum
1308 974 1407 1016 fidei
1436 989 1484 1016 ac
1511 973 1828 1027 resipiscentiae

262 1045 533 1086 statuendum
562 1061 663 1098 esse,
696 1047 1010 1097 contendimus3
1041 1062 1168 1100 quam
1197 1047 1241 1088 in
1271 1045 1438 1097 adultiS,
1463 1046 1508 1086 in
1533 1044 1685 1098 quibus
1709 1047 1828 1086 actu—

262 1115 339 1157 alis
367 1116 465 1158 fidei
490 1119 532 1158 et
555 1118 872 1171 resipiscentiae
896 1118 1105 1172 professio
1132 1120 1195 1160 est
1220 1118 1467 1160 necessaria.
1491 1117 1655 1158 Deinde
1682 1131 1827 1170 quem-

263 1187 489 1230 admodum
541 1204 683 1231 semen
732 1190 777 1231 in
828 1193 988 1232 terram
1040 1191 1292 1243 conjectum,
1344 1203 1430 1231 non
1473 1203 1638 1243 semper
1680 1187 1828 1230 eodem

196 1318 200 1323 .
263 1262 479 1301 momento
518 1261 778 1303 incrementa
807 1262 949 1314 sumit,
980 1262 1052 1304 sed
1083 1262 1251 1314 quando
1280 1261 1426 1315 pluvia
1455 1262 1528 1302 aut
1558 1260 1672 1302 calor
1701 1259 1827 1301 coeli-

195 1325 200 1347 }
262 1333 331 1372 tus
361 1332 626 1385 supervenit3
655 1334 717 1375 ita
746 1348 824 1375 nec
852 1334 1041 1385 verbum,
1071 1348 1148 1375 nec
1176 1332 1439 1376 Sacramenti
1468 1332 1639 1385 signum
1663 1345 1828 1384 semper

265 1402 402 1455 primo
448 1403 513 1444 sui
554 1407 771 1446 momento
816 1407 879 1446 est
919 1405 1081 1456 efficax,
1121 1404 1192 1445 sed
1222 1419 1270 1446 eo
1301 1404 1469 1445 demum
1497 1406 1701 1456 tempore,
1733 1417 1828 1443 cum

264 1473 449 1526 Spiritus
478 1474 625 1517 Sancti
652 1476 892 1517 benedictio
923 1475 1096 1517 accedit.

316 1544 450 1587 XXX.
480 1545 790 1588 Demonstrant
818 1547 925 1588 illud
953 1547 1077 1588 multi
1100 1547 1144 1587 in
1169 1546 1349 1587 infantia
1372 1544 1594 1598 baptizati,
1620 1546 1662 1586 et
1685 1546 1828 1585 tamen

265 1617 318 1658 ad
354 1619 524 1671 tempus
561 1619 754 1673 improbe
791 1618 997 1669 viventes,
1036 1617 1161 1658 multi
1199 1631 1369 1670 quoque
1397 1615 1651 1670 hypocritae
1680 1615 1828 1666 adulti,

265 1689 338 1740 qui
378 1704 685 1742 nonnunquam
726 1690 855 1743 longe
896 1690 1047 1743 postea
1085 1689 1254 1730 demum
1290 1686 1399 1729 serio
1438 1685 1707 1739 resipiscunt,
1735 1684 1827 1726 Imo

264 1759 533 1814 Augustinus
576 1762 625 1803 de
661 1762 989 1804 Haereticorum
1025 1760 1249 1814 Baptismo
1287 1757 1517 1800 universim
1553 1756 1832 1812 pronunciat:

319 1830 573 1880 Quamvis
617 1833 756 1886 apud
808 1832 1135 1874 Haereticos
1185 1833 1236 1873 et
1282 1829 1646 1873 Scismaticos
1693 1828 1834 1870 idem

266 1901 338 1943 sit
403 1902 688 1958 Baptisma
751 1904 988 1956 Christi,
1045 1918 1148 1945 non
1203 1905 1381 1944 tamen
1435 1901 1513 1942 ibi
1572 1902 1834 1954 operatur

266 1965 649 2016 remissionem
687 1977 1060 2028 peccatorum,
1099 1976 1330 2027 propter
1369 1973 1687 2015 discordiae
1724 1971 1833 2014 foe-

267 2044 516 2097 ditatem,
563 2048 613 2087 et
651 2046 1020 2088 dissensionis
1059 2045 1432 2098 iniquitatem.
1474 2043 1619 2085 Tunc
1657 2045 1834 2085 autem

265 2116 472 2169 incipit
514 2118 697 2159 valere
734 2117 872 2159 idem
912 2117 1197 2170 Baptisma
1236 2117 1298 2158 ad
1344 2115 1678 2157 dimittenda
1717 2129 1833 2169 pec-

268 2190 409 2239 cata,
454 2203 611 2241 quum
653 2189 714 2230 ad
755 2188 1044 2230 Ecclesiae
1086 2202 1271 2242 pacem
1312 2187 1590 2239 venerint,
1633 2202 1739 2228 non
1775 2189 1839 2228 ut¹

265 2257 362 2300 ille
392 2258 712 2313 Baptismus
743 2259 898 2313 quasi
927 2259 1142 2301 alienus
1171 2261 1263 2301 aut
1293 2259 1434 2300 alius
1462 2258 1831 2312 improbetur,

267 2332 360 2372 aut
412 2331 553 2373 alter
603 2332 880 2384 tradatur,
936 2331 1024 2373 sed
1075 2332 1133 2372 ut
1183 2330 1322 2372 idem
1373 2331 1515 2384 ipse„
1560 2329 1652 2382 qui
1692 2328 1832 2371 foris

266 2405 499 2456 propter
550 2403 888 2446 discordiam
931 2403 1267 2456 operabatur
1310 2404 1558 2454 mortem,
1603 2402 1833 2455 propter

266 2489 449 2527 pacem
485 2475 636 2516 intus
676 2489 739 2529 op
753 2477 937 2517 eretur
967 2474 1215 2516 salutem.
1252 2473 1375 2523 Quod
1402 2487 1502 2515 vero
1530 2473 1574 2514 in
1603 2472 1832 2524 nonnullis,

266 2548 314 2587 ut
350 2545 394 2587 in
432 2545 604 2589 Simone
641 2545 784 2599 Mago,
825 2549 866 2587 et
905 2546 998 2587 aliis
1026 2546 1219 2600 reprobis
1247 2545 1362 2587 hunc
1391 2545 1586 2586 effectum
1613 2558 1828 2596 nunquam

266 2617 437 2670 habeat,
479 2618 531 2659 ad
564 2617 724 2671 judicia
761 2616 841 2659 Dei
881 2617 1042 2659 occulte
1077 2618 1194 2670 justa
1235 2619 1276 2658 et
1311 2617 1426 2669 juste
1455 2615 1619 2657 occulta
1646 2614 1832 2656 referen-

268 2689 368 2730 dum
404 2703 632 2731 censemus.
663 2689 773 2739 Quia
800 2703 888 2730 non
916 2688 992 2730 filii
1023 2689 1173 2740 carnis,
1204 2688 1275 2730 sed
1304 2688 1384 2730 filii
1412 2686 1706 2742 promissionis
1735 2701 1831 2728 cen-

269 2763 414 2802 sentur
452 2761 496 2802 in
534 2761 707 2813 semine,
744 2760 867 2802 Rom.
904 2761 942 2802 9.
982 2760 1062 2802 etsi
1092 2760 1204 2802 enim
1231 2760 1294 2801 illi
1321 2759 1488 2812 indigni
1516 2773 1603 2800 non
1632 2758 1728 2810 sint,
1759 2757 1832 2811 qui

270 2834 603 2885 praetereantur,
633 2832 787 2885 reliqui
815 2834 959 2873 tamen
986 2832 1031 2873 in
1059 2847 1102 2873 se
1131 2831 1250 2885 digni
1277 2845 1363 2873 non
1393 2833 1502 2882 sunt,
1532 2832 1579 2871 ut
1606 2843 1832 2883 regenera-

269 2902 398 2944 tionis
429 2919 536 2957 opus
564 2905 608 2945 in
636 2903 687 2945 iis
716 2903 939 2946 inchoetur
968 2918 1016 2945 ac
1043 2902 1301 2956 perficiatur.

322 2973 477 3016 XXXI.
518 2974 695 3024 Quando
734 2990 836 3029 ergo
874 2974 1095 3029 propriam
1132 2973 1344 3028 Baptismi
1374 2972 1536 3015 externi
1564 2971 1652 3014 vim
1679 2972 1724 3014 in
1755 2972 1831 3015 ob-

1928 270 1931 277 i
1903 202 1931 213 ‘i
1865 0 1931 182 ‚ssffiffl

1921 1773 1931 1907 l

1923 1910 1931 1939 ³!

1920 1946 1931 1974 7
