1931 3224
417 162 481 203 Dr:
509 161 825 203 JUSTIFIGATIONE
854 159 1028 200 Hormus
1057 172 1184 199 CORAM
1212 156 1312 199 ΠΕΟ.
1564 155 1641 195 339

84 289 195 330 enim
230 288 274 328 in
311 287 504 329 fidelibus
537 286 768 340 justitia
806 299 994 338 operum,
1034 282 1156 323 Rom.
1195 282 1231 333 3,
1270 282 1333 322 20.
1373 280 1462 321 Gal.
1500 281 1536 330 2,
1580 279 1641 319 16.

84 359 289 401 Attamen
313 361 415 400 sunt
443 359 487 399 in
516 358 567 399 iis
598 371 727 411 opera
751 356 958 410 justitiae,
989 354 1074 395 Tit.
1104 354 1142 404 3,
1172 353 1208 393 5.

137 429 335 472 XXXVI.
363 430 473 479 Quin
499 432 540 471 et
559 429 626 470 his
647 427 1018 482 justificatio,
1043 424 1191 467 salus
1217 425 1258 464 et
1284 422 1398 463 vita
1422 423 1644 463 aeterna

82 501 308 552 interdum,
351 501 451 542 licet
493 500 797 553 improprie
838 498 1055 548 tribuitur,
1101 494 1192 537 Jac.
1234 495 1271 546 2,
1314 494 1377 534 21.
1417 494 1478 534 23.
1517 491 1644 533 Matt.

85 572 145 623 12,
189 571 253 613 37.
295 571 490 613 videlicet
535 573 713 624 propter
755 569 974 621 utriusque
1015 566 1297 608 necessariam
1336 563 1643 613 cohaesionem,

85 641 183 683 fidei
218 641 565 683 testificationem
605 644 647 683 et
686 640 1024 691 declarationem,
1065 637 1228 680 scilicet
1268 651 1350 689 qua
1388 634 1645 676 Justificatio

86 712 322 754 evidentem
360 713 659 766 probationem
699 715 739 755 et
777 711 1107 754 declarationem
1137 708 1361 762 significat,
1393 706 1483 748 Jac.
1515 707 1553 757 2,
1585 705 1647 746 18.

86 783 213 836 idque
238 783 425 826 humano
456 788 714 837 externoque
740 783 912 837 judicio,
941 782 1063 824 Rom.
1092 782 1130 832 4,
1161 782 1196 822 2.
1228 781 1248 821 1
1282 779 1374 821 Cor.
1404 778 1440 830 4,
1466 777 1502 818 3.
1532 776 1570 817 4.

142 854 362 898 XXXVII.
401 855 451 898 In
490 870 666 908 summa,
704 855 845 896 Deus
882 854 1046 895 Pater
1082 867 1160 894 nos
1185 851 1404 905 justificat,
1434 852 1481 890 ut
1510 847 1650 890 Judex

90 926 272 979 quidem,
311 928 382 969 sed
419 927 566 969 sedens
603 927 648 969 in
683 926 840 967 throno
881 924 1057 980 gratiae,
1098 939 1146 965 ac
1184 924 1358 976 peccata
1395 919 1651 962 remittendo

89 999 129 1038 et
157 997 371 1050 justitiam
398 998 672 1051 imputando3
702 997 762 1039 In
792 996 1012 1038 Christo
1038 995 1330 1048 justificamur,
1363 991 1650 1034 satisfaciente

88 1084 167 1122 pro
206 1070 330 1111 nobis
369 1071 411 1111 et
449 1070 701 1111 advocatum
739 1071 913 1122 agente3
943 1067 1042 1109 Per
1072 1067 1342 1120 Spiritum
1374 1065 1647 1113 Sanctum,

92 1144 300 1194 quatenus
339 1141 466 1182 fidem
501 1141 655 1182 tribuit
693 1143 734 1182 et
763 1140 950 1193 gratiam
977 1139 1087 1180 lianc
1116 1138 1160 1179 in
1187 1137 1310 1179 nobis
1341 1136 1557 1189 obsignat3
1586 1135 1651 1176 id-

91 1227 172 1265 que
209 1212 438 1265 Evangelii
476 1212 717 1265 praeconio,
756 1214 804 1251 ut
832 1210 970 1252 medio
1001 1209 1221 1263 potentiae
1254 1207 1356 1249 Dei:
1387 1208 1518 1258 fide,
1548 1221 1655 1259 quae

89 1284 223 1337 ipsius
251 1283 332 1325 Dei
361 1283 544 1337 Filiique
568 1283 780 1336 justitiam
811 1281 1095 1335 apprehendit
1125 1283 1166 1321 et
1195 1295 1314 1321 suam
1337 1279 1460 1320 facit:
1486 1278 1653 1319 Bonis

93 1354 272 1407 denique
312 1355 591 1408 operibus,
630 1358 678 1397 ut
719 1369 825 1408 quae
863 1369 961 1396 suae
998 1353 1096 1395 fidei
1121 1351 1334 1405 justitiam
1361 1351 1655 1392 demonstrant

94 1428 135 1468 et
165 1426 392 1468 declarant.
1490 1421 1496 1429 '

639 1638 1110 1687 ANTITHESIS

411 1751 826 1795 PONTIFIOIA
862 1755 904 1794 et
938 1750 1335 1802 SOCINIANA,

364 1850 474 1899 QUAE
504 1864 526 1891 A
554 1865 664 1892 NOBIS
694 1865 742 1892 UT
772 1864 950 1891 VERITATI
979 1864 1153 1891 ADVERSA
1181 1862 1393 1890 REJIC-ITUR.

722 1966 965 2008 ANTITHESIS
995 1963 1026 2006 I.

254 2090 436 2118 ONTIFICH
474 2089 524 2116 ex
566 2073 755 2125 adverso,
795 2072 823 2114 J
834 2071 1278 2114 ustificationem
1317 2085 1403 2112 non
1442 2071 1657 2125 accipiunt

145 2086 237 2192 P
254 2147 460 2190 vocabulo
489 2145 660 2197 forensi,
690 2160 769 2199 pro
801 2144 967 2186 actione
996 2143 1072 2184 Dei
1101 2142 1279 2200 Judicis,
1308 2142 1516 2183 versantis
1548 2143 1659 2184 circa

97 2219 312 2272 objectum
347 2232 468 2260 reum
506 2216 786 2266 absolvend03
827 2215 899 2256 sed
939 2229 989 2256 ex
1020 2213 1311 2267 grammatica,
1344 2228 1478 2266 eaque
1505 2212 1658 2254 Latina

98 2290 406 2344 compositione
444 2289 629 2342 proprie,
668 2302 746 2341 pro
785 2289 906 2329 motu
949 2286 1002 2328 ad
1026 2285 1250 2339 justitiam,
1282 2300 1354 2326 seu
1384 2285 1550 2327 actione
1580 2284 1660 2326 Dei

97 2361 423 2417 hyperphysica,
469 2375 551 2412 qua
593 2358 684 2413 agit
727 2359 772 2400 in
816 2358 1050 2411 subjectum
1093 2356 1352 2398 infundendo
1398 2358 1439 2397 et
1476 2355 1657 2397 iudendo

93 2433 288 2487 justitiae
324 2431 586 2485 qualitatem,
626 2445 699 2472 seu
737 2444 821 2482 qua
851 2444 901 2471 ex
929 2429 1087 2482 injusto
1119 2428 1221 2469 facit
1251 2430 1292 2469 et
1323 2427 1546 2469 constituit
1569 2428 1659 2479 jus-

98 2508 202 2547 tum.
239 2504 384 2557 Atque
410 2503 471 2544 ita
501 2502 650 2544 volunt
677 2500 817 2542 Deum
840 2499 1167 2553 justificare
1199 2498 1483 2550 effective,
1513 2500 1661 2539 contra

98 2577 214 2619 vocis
250 2576 295 2617 in
322 2575 405 2617 hoc
431 2573 620 2627 negotio,
652 2572 804 2613 saltem
832 2572 876 2613 in
906 2571 1034 2614 Sacra
1065 2571 1298 2624 Scriptura,
1329 2584 1464 2621 usum,
1495 2568 1660 2611 Justifi-

100 2649 310 2690 cationem
361 2661 455 2688 cum
505 2643 827 2697 regeneratione
871 2645 913 2684 et
955 2642 1290 2684 sanctificatione
1334 2640 1658 2683 confundentes:

103 2719 216 2772 quod
247 2721 310 2761 est
342 2721 488 2771 πρῶτον
520 2716 679 2768 ψεῦδος.

152 2789 206 2831 Π.
235 2789 337 2832 Νο11
365 2792 508 2831 tamen
536 2788 810 2838 arbitramur,
842 2801 913 2828 eos
940 2786 1128 2840 priorem
1156 2785 1275 2826 illam
1302 2783 1662 2837 significationem

101 2861 428 2904 Justificationis
462 2861 533 2903 hic
561 2861 686 2914 plane
715 2859 938 2910 secludere,
971 2858 1043 2899 sed
1073 2872 1165 2899 eam
1193 2859 1240 2898 ut
1267 2857 1385 2898 illam
1416 2857 1664 2908 sequentem

101 2934 228 2975 etiam
268 2947 520 2986 agnoscere;
560 2931 699 2974 Deum
736 2930 937 2972 nimirum
971 2930 1059 2982 jam
1088 2929 1251 2981 justum
1280 2927 1452 2979 factum,
1483 2930 1525 2969 et
1551 2928 1665 2980 juste

101 3004 312 3046 viventem
350 3004 478 3046 etiam
502 3003 747 3057 justificare,
778 3001 821 3043 id
852 3003 927 3052 est,
957 2999 1188 3042 absolvere.
1221 2999 1356 3049 Quam
1386 2999 1557 3052 quidem
1587 2997 1662 3039 ali-
