1931 3224
266 175 344 215 404
794 170 1038 214 Β13Ρ111Α110
1066 170 1307 214 XXXVIII.

267 298 379 339 dite
427 296 669 337 Jehovae
706 295 815 337 Deo
855 298 1060 348 vestro,
1103 296 1427 349 quicumque
1466 297 1829 339 circumstant

265 368 442 418 11111111,
473 366 717 408 afferant
746 381 934 408 munus
962 367 1049 408 illi
1080 366 1442 408 formidabili.

319 439 355 478 2.
386 436 639 479 Sanctorum
669 438 921 491 exemplum,
953 437 1055 480 Gen.
1085 438 1149 490 28,
1179 438 1243 480 20.
1275 439 1296 479 1
1327 437 1438 480 Sam.
1469 438 1504 490 1,
1538 438 1600 480 11.

308 510 355 550 3.
399 508 711 550 Beneficiorum
754 524 778 549 a
820 508 912 550 Deo
956 512 1230 562 acceptorum
1270 509 1521 561 recordatio,
1566 524 1649 562 qua
1691 509 1830 552 David

267 580 488 631 excitatus,
529 579 686 631 Quid,
725 580 880 632 inquit,
913 580 1206 633 rependam
1235 579 1510 622 Jehovae‘?
1543 579 1720 622 omnia
1747 579 1831 621 be-

265 651 471 693 neficia
510 653 623 705 ejus
653 653 915 706 superant
943 666 1030 692 me.
1061 650 1202 693 Vota
1231 666 1343 693 mea
1372 650 1614 693 Jehovae
1643 666 1830 704 repen-

265 723 380 764 dam
407 738 525 765 mox
556 737 734 764 coram
763 722 968 776 populo
999 724 1125 775 ejus.

316 796 352 836 4.
396 794 502 848 Spes
544 809 701 836 novum
738 794 911 847 aliquod
949 809 997 836 ac
1034 794 1246 848 peculiare
1285 794 1537 836 beneficium
1573 794 1769 847 precibus
1808 809 1832 836 a

265 868 357 910 Deo
395 867 663 920 postulatum
692 869 820 919 atque
850 868 1144 919 exspectatum
1172 866 1441 919 impetrandi.
1474 864 1566 914 Qua
1594 864 1726 906 fultus
1757 879 1831 918 spe

264 938 399 981 Jacob
438 937 540 979 fecit
578 936 670 979 Deo
709 939 857 978 votum
895 937 1121 990 singulare,
1161 935 1263 978 Gen.
1301 937 1365 978 28.
1408 935 1762 989 quemadmodum
1791 937 1833 977 et

266 1009 392 1051 Anna
420 1011 557 1050 mater
586 1007 806 1059 Samuelis,
837 1009 858 1049 1
889 1007 1001 1051 Sam.
1032 1009 1069 1050 1.

318 1082 355 1122 5.
386 1079 580 1133 Denique
609 1080 765 1122 serium
793 1079 922 1122 animi
951 1080 1221 1134 propositum
1251 1080 1388 1122 carnis
1412 1079 1610 1121 libidines
1628 1078 1690 1120 'ab
1717 1078 1834 1120 omni

265 1151 478 1206 pravitate
517 1151 755 1193 cohibendi.
796 1151 928 1200 Quale
965 1151 1047 1192 fuit
1080 1150 1182 1193 Jobi
1213 1166 1256 1193 se
1285 1166 1381 1193 cum
1410 1150 1540 1197 0011113
1570 1150 1656 1192 31113
1684 1150 1833 1193 foedus

265 1225 480 1278 pepigisse
518 1223 757 1274 asserentis,
794 1237 847 1264 ne
877 1236 948 1264 eos
976 1222 1028 1264 ad
1056 1222 1265 1275 virginem
1294 1222 1545 1273 adverteret,
1575 1220 1674 1263 Job.
1702 1220 1765 1272 31,
1797 1221 1832 1261 1.

319 1294 475 1336 XXIV.
515 1294 669 1336 Tribus
699 1308 826 1348 porro
857 1293 1187 1335 circumstantiis
1216 1293 1387 1347 piorum
1415 1296 1516 1335 vota
1545 1293 1590 1334 in
1620 1291 1660 1334 S.
1691 1291 1834 1344 Scrip-

266 1370 364 1407 tura
394 1365 648 1416 limitantur,
679 1380 859 1418 quarum
888 1366 1028 1419 prima
1054 1367 1119 1406 est
1144 1365 1194 1406 de
1219 1364 1392 1406 illorum
1418 1364 1623 1417 subjecto,
1654 1362 1836 1406 secunda

267 1438 316 1479 de
346 1437 534 1489 materia,
565 1437 694 1478 tertia
723 1436 773 1478 de
803 1436 981 1489 objecto.

318 1507 453 1550 XXV.
493 1507 740 1561 Subjectum
778 1510 977 1549 votorum
1016 1522 1151 1561 capax
1190 1509 1252 1549 est
1290 1507 1420 1549 homo
1460 1521 1556 1548 cum
1595 1521 1678 1559 quo
1718 1505 1833 1565 Deus

264 1580 413 1622 foedus
444 1579 607 1632 gratiae
638 1594 737 1621 suae
765 1579 874 1621 iniit.

319 1650 474 1693 XXVI.
514 1650 682 1692 Foedus
719 1650 827 1692 illud
852 1650 1015 1703 gratiae
1044 1650 1156 1703 quod
1185 1650 1301 1692 Deus
1331 1665 1424 1692 cum
1454 1649 1703 1704 parentibus
1731 1649 1833 1692 fide-

265 1722 375 1764 libus
413 1723 592 1777 pepigit,
633 1722 685 1764 ad
713 1722 905 1775 ipsorum
936 1737 1105 1774 quoque
1133 1722 1317 1763 infantes
1346 1721 1546 1775 pertinet,
1576 1721 1758 1774 ideoque
1787 1721 1833 1762 hi

265 1796 484 1847 tamquam
519 1794 625 1835 rami
664 1794 708 1834 in
747 1793 842 1844 illis,
882 1795 1102 1846 tamquam
1129 1794 1171 1835 in
1202 1793 1343 1835 radice
1372 1792 1637 1844 sanctificati,
1667 1792 1720 1834 ab
1747 1792 1833 1834 illis

265 1865 479 1906 communi
509 1864 774 1906 obedientiae
801 1867 903 1906 voto
929 1864 1138 1917 implicite
1163 1864 1421 1917 obligantur.
1448 1862 1576 1916 Cujus
1599 1863 1832 1916 implicitae

266 1935 543 1989 obligationis
586 1938 897 1978 sacramentum
939 1936 1042 1977 011111
1084 1935 1166 1977 fuit
1209 1935 1496 1987 Circumcisio,
1538 1950 1649 1977 nunc
1690 1937 1831 1977 autem

266 2010 329 2049 est
357 2007 617 2060 Baptismus.

318 2077 497 2119 XXVII.
535 2077 603 2119 Ad
636 2079 753 2131 cujus
785 2077 1062 2131 obligationis
1091 2078 1366 2131 sanctionem,
1398 2079 1579 2120 alterum
1607 2077 1832 2120 Paschatis

266 2151 578 2191 sacramentum
615 2148 692 2190 sub
731 2148 899 2200 Vetere,
938 2163 985 2190 ac
1024 2163 1166 2190 sacrae
1204 2148 1369 2191 Coenae
1407 2149 1484 2191 sub
1523 2147 1648 2190 Novo
1683 2148 1832 2191 Testa-

265 2222 409 2261 mento
449 2235 472 2261 a
510 2219 600 2262 Deo
640 2219 722 2261 fuit
759 2221 1017 2272 institutum,
1056 2222 1103 2261 ut
1139 2235 1225 2262 11011
1263 2220 1402 2262 111111113
1440 2220 1624 2261 infantes
1652 2220 1832 2262 rationis

264 2306 388 2332 usum
430 2305 505 2344 per
548 2293 730 2332 aetatem
773 2292 967 2343 assecuti,
1008 2306 1135 2344 quam
1171 2291 1363 2345 ipsorum
1399 2294 1610 2346 parentes,
1646 2291 1832 2346 priorem

267 2361 532 2404 obedientiae
571 2377 669 2404 suae
707 2362 1034 2415 promissionem
1074 2363 1238 2405 solenni
1276 2363 1390 2405 1111113
1422 2363 1650 2405 iteratione
1678 2363 1832 2405 confir-

265 2435 443 2476 marent.

319 2503 518 2546 XXVIII.
560 2504 681 2563 Quod
717 2507 866 2547 votum
896 2506 1106 2559 generale,
1138 2508 1227 2547 tam
1251 2506 1504 2560 junioribus,
1535 2521 1662 2559 quam
1691 2504 1830 2548 senio-

265 2577 382 2618 ribus
425 2591 449 2617 a
492 2576 584 2618 Deo
627 2577 952 2631 praescriptum,
997 2593 1021 2619 a
1065 2578 1319 2631 quibusdam
1358 2577 1612 2632 specialibus
1649 2577 1830 2619 discerni

266 2648 402 2689 debet.
439 2647 549 2689 Illud
586 2648 734 2701 utique
770 2650 909 2690 ratuni
948 2664 1197 2702 permanere
1237 2649 1372 2701 debet,
1402 2664 1480 2691 nec
1510 2648 1740 2702 quicquam
1767 2648 1831 2690 illi

265 2734 341 2771 per
377 2719 608 2760 humanam
647 2719 947 2761 auctoritatem
985 2720 1182 2774 derogari
1217 2723 1373 2774 potest.
1413 2719 1532 2762 Haec
1569 2722 1667 2761 sunt
1694 2719 1828 2771 irrita,

265 2790 300 2830 si
337 2790 390 2830 ab
427 2790 479 2831 iis
519 2780 820 2843 suscipiuntur,
861 2791 934 2843 qui
972 2805 1058 2833 non
1096 2793 1195 2832 sunt
1234 2791 1298 2832 sui
1326 2791 1447 2844 juris,
1478 2791 1550 2832 sed
1579 2790 1647 2832 vel
1674 2791 1828 2843 patria,

267 2860 333 2901 vel
362 2861 562 2912 maritali,
590 2861 723 2903 aliave
751 2862 1005 2903 auctoritate
1029 2862 1221 2915 legitima
1239 2862 1601 2914 constringuntur,
1618 2860 1747 2903 Num.
1763 2861 1826 2902 30.

319 2930 475 2973 XXIX.
513 2932 609 2974 Hoc
641 2933 778 2986 igitur
818 2933 1003 2986 primum
1041 2933 1364 2975 Bellarmini
1400 2933 1580 2984 axioma,
1619 2932 1679 2974 In
1708 2946 1828 2985 qua-

265 3001 406 3043 libet
452 3002 728 3045 hominum
766 3006 970 3056 aetate,
1010 3004 1162 3047 modo
1202 3005 1347 3046 adsit
1386 3002 1511 3047 113113
1548 3003 1715 3045 1110611
1753 3018 1828 3045 31-
