1931 3224
633 185 696 227 DE
726 186 850 228 Boms
881 185 1091 227 OPERIBUS.
1559 187 1637 228 :353

80 311 354 364 perfectiora:
398 310 458 352 sic
499 325 576 352 nec
619 325 748 364 opera
790 310 976 364 pietatis,
1020 311 1093 351 aut
1131 309 1417 351 continentiae
1455 312 1528 350 aut
1567 324 1635 350 ca-

79 381 220 423 ritatis
248 383 300 423 ab
330 382 381 423 iis
410 382 512 424 solis
543 382 616 435 qui
647 397 694 424 ea
724 384 989 436 acceperunt,
1019 380 1287 435 praestanda,
1318 380 1486 433 uspiam
1510 393 1637 435 opera

79 453 467 506 supererogationis
505 456 734 506 nuncupat,
773 453 844 495 sed
882 452 1033 505 officia,
1071 452 1137 494 vel
1174 451 1265 493 Deo
1291 453 1415 504 juxta
1444 452 1637 506 primam,

78 523 144 565 vel
186 523 383 576 proximo
422 525 547 576 juxta
591 524 817 566 secundam
859 523 1050 577 decalogi
1088 523 1278 564 tabulam
1316 523 1470 575 debita,
1510 525 1557 563 ut
1593 524 1637 564 111

79 596 282 646 sequente
311 594 599 647 disputatione
629 595 679 636 de
707 596 818 637 votis
850 594 1131 637 ostendemus.

131 665 330 707 XXXVI.
367 665 568 719 Dignitas
606 666 817 708 bonorum
856 681 1044 719 operum,
1074 680 1160 707 11011
1190 681 1240 707 ex
1268 666 1440 707 illorum
1470 666 1636 717 merito,

78 736 142 778 uti
169 737 320 779 volunt
349 737 671 789 Pontificii,
701 738 773 779 sed
802 753 849 779 ex
878 738 969 779 sola
993 737 1075 778 Dei
1100 737 1251 790 gratia,
1277 738 1325 777 ut
1350 737 1472 778 docet
1496 737 1636 778 Evan-

79 809 252 861 gelium,
292 808 554 850 aestimanda
584 811 659 850 est.
689 807 802 850 Nam
831 809 866 850 si
895 808 1010 850 Deus
1038 808 1112 850 illa
1142 807 1372 849 secundum
1401 806 1507 860 legis
1538 821 1637 848 suae

78 879 266 932 rigorem
308 880 579 929 examinaret,
624 894 798 921 censura
839 879 983 932 potius
1022 878 1075 920 ob
1113 878 1480 931 imperfectionem
1517 892 1637 919 suam

79 950 208 1004 digna
237 952 389 1002 essent,
420 964 547 1002 quam
571 949 717 991 favore
741 964 790 992 ac
812 950 1018 991 beneficio
1043 949 1198 1002 ipsius3
1225 965 1331 1001 quae
1355 949 1470 991 Deus
1495 952 1638 990 tamen

77 1024 255 1075 propter
293 1020 510 1063 Christum
548 1020 706 1062 Filium
745 1036 866 1062 suum
905 1020 1118 1072 dilectum,
1151 1035 1295 1062 omnes
1323 1025 1492 1064 nostras
1520 1021 1637 1062 infir-

77 1093 262 1145 mitates,
303 1108 378 1134 sua
412 1092 580 1145 justitia
612 1092 802 1146 perfecta
831 1094 1140 1145 contegentem,
1170 1095 1402 1145 nostraque
1433 1107 1562 1146 opera
1591 1095 1638 1133 ut

76 1163 238 1206 fructus
262 1162 447 1217 Spiritus
475 1164 519 1205 in
546 1164 671 1205 nobis
695 1178 770 1218 per
798 1163 924 1204 fidem
949 1163 1163 1218 operantis
1187 1164 1269 1217 ipsi
1294 1167 1441 1206 nostro
1467 1164 1637 1205 nomine

78 1235 336 1287 offerentem,
361 1250 412 1277 ex
436 1235 593 1277 throno
618 1235 782 1288 gratiae
805 1249 904 1276 suae
928 1237 1132 1288 paternae
1157 1238 1389 1288 acceptare,
1416 1234 1638 1287 gloriaque

78 1310 250 1349 aeterna
279 1322 482 1349 coronare
512 1306 724 1361 dignatur.

129 1377 347 1421 XXXVII.
397 1378 704 1431 Praeterquam
751 1379 864 1431 quod
914 1393 1044 1432 opera
1081 1381 1229 1420 nostra
1268 1394 1317 1419 ex
1357 1378 1524 1419 interna
1563 1392 1637 1420 sua

77 1451 286 1504 dignitate
322 1451 431 1492 nihil
469 1451 581 1504 apud
610 1449 747 1492 Deum
775 1451 928 1492 mereri
957 1465 1082 1503 posse
1113 1465 1162 1491 ex
1191 1451 1384 1503 ipsorum
1413 1448 1637 1502 imperfec—

77 1523 194 1564 tione
231 1522 395 1575 liquido
433 1525 625 1576 apparet,
664 1522 776 1564 idem
811 1522 849 1563 4.
888 1522 1125 1562 rationibus
1156 1521 1432 1574 sequentibus
1461 1520 1636 1573 probari

77 1595 232 1647 potest.
274 1592 461 1642 Quarum
499 1595 638 1646 prima
669 1596 744 1645 est,
775 1593 888 1645 quod
917 1607 1047 1646 opera
1074 1593 1149 1634 illa
1177 1593 1230 1634 ad
1258 1593 1495 1646 praemium
1522 1592 1637 1633 futu-

76 1681 148 1707 rae
175 1666 289 1708 vitae
313 1666 583 1719 promissum,
608 1665 769 1707 nullam
794 1664 1065 1717 aequalitatis
1089 1663 1415 1717 proportionem
1438 1663 1636 1714 habeant,

78 1751 171 1778 cum
208 1737 284 1778 illa
312 1737 397 1779 sint
425 1738 547 1779 finita
578 1739 619 1778 et
648 1735 919 1790 temporaria,
950 1735 1065 1777 istud
1095 1737 1237 1777 autem
1266 1734 1480 1776 infinitum
1509 1736 1636 1787 atque

77 1810 308 1850 aeternum.

128 1877 370 1921 XXXVIII.
397 1879 604 1929 Quocirca
628 1880 662 1921 si
686 1879 923 1933 Apostolus
946 1879 1105 1922 Paulus
1126 1881 1444 1920 momentaneas
1470 1880 1637 1919 sancto-

76 1965 170 1992 rum
200 1953 451 2004 martyrum,
482 1951 535 1992 ob
564 1965 720 1993 nomen
745 1950 901 1992 Christi
925 1950 1220 2004 perpessiones
1251 1949 1444 1991 coelestis
1475 1948 1637 2002 gloriae

76 2022 416 2064 remuneratione
435 2022 572 2064 modis
592 2022 769 2063 infinitis
789 2021 1123 2075 praeponderari
1139 2024 1362 2073 asseverat,
1379 2020 1502 2062 Rom.
1519 2022 1555 2072 8,
1573 2021 1636 2061 18.

75 2094 188 2136 idem
216 2095 266 2136 de
295 2094 441 2136 eadem
470 2093 810 2135 remuneratione
839 2093 998 2135 nostris
1021 2093 1231 2146 promissa
1254 2091 1504 2142 actionibus,
1531 2104 1637 2142 quae

76 2164 266 2217 minoris,
297 2180 425 2218 quam
453 2163 493 2206 S.
522 2163 761 2219 Martyrum
789 2165 1084 2218 perpessiones
1115 2166 1214 2205 sunt
1242 2163 1470 2213 faciendae,
1500 2161 1636 2203 multo

76 2236 214 2290 magis
253 2235 456 2278 affirmari
495 2236 639 2288 debet3
679 2251 726 2277 ac
763 2238 932 2277 tantum
970 2235 1102 2287 abest,
1140 2238 1188 2276 ut
1227 2250 1277 2276 ex
1312 2235 1395 2276 isto
1436 2232 1638 2287 Apostoli

78 2308 206 2350 effato
250 2307 467 2350 distinctio
509 2306 834 2349 Pontificiorum
874 2306 985 2349 inter
1026 2307 1225 2348 meritum
1269 2306 1318 2347 de
1362 2319 1551 2358 congruo
1591 2318 1638 2344 ac

78 2380 290 2433 condigno
326 2382 441 2422 recte
479 2379 569 2420 erui
605 2379 752 2432 possit,
790 2381 838 2420 ut
876 2378 1041 2420 nullum
1079 2378 1132 2420 ad
1161 2393 1253 2420 eam
1283 2376 1553 2419 evertendam
1582 2375 1637 2415 sit

78 2451 450 2494 accommodatius.
475 2449 646 2491 Etenim
671 2451 706 2491 si
728 2450 840 2492 inter
864 2464 994 2503 opera
1019 2464 1066 2491 ac
1090 2449 1277 2502 pretium
1299 2448 1421 2501 regni
1446 2445 1638 2488 coelestis

76 2524 196 2566 nulla
238 2523 362 2565 datur
404 2521 677 2575 aequalitatis
720 2521 930 2574 analogia,
964 2535 1042 2562 nec
1077 2520 1151 2561 illa
1186 2519 1343 2570 meriti,
1381 2533 1518 2569 neque
1554 2516 1638 2560 hoc

79 2594 438 2650 compensationis
477 2609 527 2635 ex
562 2592 755 2646 justitiae
793 2591 1025 2645 aequabilis
1064 2591 1360 2633 aestimatione
1389 2588 1637 2630 tribuendae

77 2668 288 2710 rationem
314 2665 456 2707 habet.

129 2737 327 2780 XXXIX.
365 2735 557 2780 Secunda
593 2734 704 2776 ratio
735 2736 810 2786 est,
842 2733 957 2786 quod
986 2747 1116 2786 opera
1143 2732 1268 2783 bona,
1300 2733 1509 2784 quatenus
1539 2733 1637 2773 sunt

76 2811 201 2862 bona,
233 2825 256 2851 a
285 2807 450 2862 Spiritu
474 2806 630 2849 Sancto
656 2805 721 2858 (ut
746 2807 871 2847 antea
896 2804 1201 2846 declaravimus
1226 2802 1337 2844 thesi
1364 2802 1417 2855 7.)
1442 2803 1637 2856 proficis-

78 2884 239 2932 cantur,
277 2894 413 2932 eoque
449 2880 596 2919 nostra
633 2876 806 2930 proprie
835 2890 921 2917 non
950 2875 1036 2917 sint
1066 2889 1207 2928 opera,
1237 2873 1309 2915 sed
1339 2874 1528 2927 gratuita
1555 2873 1637 2915 Dei

80 2953 189 2995 dona
227 2966 336 3004 quae
374 2965 399 2991 a
435 2948 559 2991 nobis
597 2947 778 3001 prolata,
808 2947 892 3000 ipsi
919 2946 1075 2987 idcirco
1107 2947 1206 2986 sunt
1235 2947 1420 2997 accepta,
1447 2945 1560 2997 quod
1590 2960 1637 2987 ea

78 3038 165 3066 non
203 3037 253 3065 ex
289 3022 426 3072 nobis,
465 3019 538 3061 sed
567 3033 617 3060 ex
645 3019 739 3071 ipso
765 3018 1009 3067 habeamus,
1041 3031 1173 3068 eaque
1201 3018 1420 3068 tamquam
1451 3015 1636 3068 Spiritus

1461 3090 1495 3113 23
