1931 3224
284 114 361 156 592
854 115 1097 158 DISPUTATIO
1126 116 1274 159 XLIX.

284 252 363 279 usu
401 240 442 280 et
479 239 762 291 observantia,
800 239 852 282 ad
889 243 1050 283 rectam
1079 241 1167 294 ejus
1195 240 1549 294 gubernationem
1580 243 1622 283 et
1651 241 1844 283 aedifica-

284 309 458 362 tionem,
486 310 652 362 Deique
681 310 875 363 gloriam.

338 379 411 421 IV.
442 379 604 433 Estque
627 380 694 422 vel
719 381 1061 435 singularum
1084 383 1476 435 Ecclesiarum,
1501 382 1570 424 vel
1594 382 1845 436 plurium.

286 450 376 492 Sin
389 450 637 504 gularum
673 452 856 504 quidem,
896 455 959 494 est
995 469 1216 496 consessus
1253 454 1472 507 legitimus
1502 469 1549 496 ac
1576 453 1664 496 fere
1693 469 1847 508 perpe-

284 525 383 563 tuus
413 525 455 564 et
484 525 633 575 status,
664 538 714 565 ex
741 523 971 578 Episcopo,
1003 540 1076 567 8611
1105 526 1228 568 unius
1252 526 1335 568 loci
1359 526 1586 580 Episcopis
1611 525 1722 568 Phil.
1748 527 1784 578 1,
1811 526 1847 567 1.

285 594 380 635 Act.
419 594 483 647 20,
523 595 585 636 28.
617 598 658 637 61
686 596 750 647 21,
781 596 842 637 18.
872 596 954 638 Τ11.
987 597 1023 649 1,
1053 598 1090 638 5.
1121 598 1156 639 7.
1189 600 1230 639 et
1258 597 1539 651 Presbyteris,
1567 597 1611 638 id
1641 600 1704 639 est
1728 597 1848 639 Seni-

287 666 443 717 oribus,
483 680 557 707 seu
590 665 817 720 Deputatis
846 668 997 722 populi
1029 668 1094 721 (ut
1123 668 1440 722 integrantibus
1468 668 1685 711 Ecclesiae
1713 669 1848 723 parti-

284 737 382 790 bus)
421 738 691 791 constitutus,
731 739 783 780 ad
820 740 1009 793 negotia,
1050 755 1157 793 quae
1193 743 1235 782 et
1263 756 1347 794 qua
1376 741 1440 782 illi
1469 740 1672 795 singulari
1704 740 1849 782 Eccle-

286 808 372 850 siae
397 810 573 863 propria
602 812 713 863 sunt,
737 811 972 853 tractanda.
998 811 1063 853 Ac
1087 812 1241 854 dicitur
1270 811 1375 866 Syn
1388 813 1592 854 edrium
1620 827 1694 854 seu
1723 812 1849 854 Con-

286 880 597 934 sistoriuni,
638 881 760 923 Matt.
799 883 863 935 26,
903 883 966 924 59.
1005 882 1105 925 Joh.
1144 884 1205 933 11,
1237 884 1272 925 5.
1302 884 1365 926 47.
1395 884 1530 926 Paulo
1560 883 1849 938 Presbyte-

286 950 436 1004 rium,
474 952 518 994 id
547 955 622 1005 est,
653 952 885 996 Senatus
916 969 989 996 seu
1018 953 1306 998 Seniorum
1335 956 1656 1010 collegium,
1687 957 1707 997 1
1741 955 1849 997 Tim.

287 1022 324 1075 4,
357 1024 419 1065 14.
449 1023 593 1077 Atque
621 1024 692 1067 hic
721 1025 892 1079 quidem
919 1041 1138 1069 consessus
1170 1027 1334 1082 origine
1363 1027 1538 1081 primus,
1569 1029 1612 1069 at
1641 1027 1851 1081 dignitate

288 1096 330 1135 et
359 1095 614 1138 auctoritate
643 1099 885 1149 postremus
914 1100 988 1140 est.

341 1164 393 1206 V.
432 1166 678 1210 Plurium
717 1172 858 1211 autem
896 1169 1290 1224 Ecclesiarum,
1330 1175 1394 1214 est
1430 1172 1483 1214 ab
1521 1172 1722 1214 inferiore
1752 1186 1851 1213 con-

288 1251 406 1279 sessu
450 1238 502 1280 ad
545 1242 708 1282 certum
748 1241 888 1283 locum
931 1245 973 1284 61
1009 1245 1190 1297 tempus,
1230 1244 1418 1296 plurium
1456 1244 1849 1286 Ecclesiasticarum

287 1323 576 1364 personarum,
606 1312 832 1355 Pastorum
859 1314 1070 1366 videlicet,
1096 1317 1138 1356 et
1161 1315 1405 1368 Rectorum,
1431 1316 1726 1370 ablegatorum
1752 1331 1851 1358 con-

288 1397 470 1436 gressus,
511 1385 564 1426 ad
601 1385 871 1427 tractandum
911 1401 970 1437 ea,
1011 1401 1118 1439 quae
1154 1387 1295 1440 plures
1332 1387 1542 1430 Ecclesias
1572 1390 1778 1442 spectant,
1809 1389 1852 1429 et

287 1454 332 1495 in
360 1455 559 1497 inferiore
589 1456 798 1510 singulari
827 1472 1026 1500 consessu
1055 1458 1204 1500 confici
1228 1473 1315 1501 non
1339 1461 1584 1512 potuerunt.
1609 1459 1674 1501 Ac
1697 1459 1852 1500 dicitur

290 1525 546 1581 generaliter
574 1526 824 1580 synodus
855 1527 1025 1581 Graece,
1052 1528 1354 1572 Concilium
1379 1530 1541 1583 Latine,
1567 1545 1591 1572 a
1607 1530 1850 1573 conciendo.

342 1595 417 1639 VI.
455 1597 620 1651 Estque
647 1599 713 1640 vel
741 1599 933 1642 unicus
961 1600 1295 1644 Dioeceseos
1326 1617 1399 1644 seu
1428 1602 1613 1654 ditionis,
1642 1602 1710 1644 vel
1736 1602 1850 1655 plu-

288 1669 437 1711 rium.
480 1668 617 1712 Unius
662 1671 832 1724 quidem
874 1672 1030 1714 dicitur
1075 1673 1204 1726 vulgo
1244 1673 1451 1715 Classis
1490 1688 1563 1716 seu
1602 1672 1850 1727 synodus

288 1739 674 1794 Dioecesiana,
713 1757 788 1784 seu
825 1743 977 1796 τοπικὴ,
1032 1744 1246 1786 localis.
1298 1745 1544 1787 Plurium
1584 1759 1683 1787 vero
1721 1743 1850 1786 Dioe-

289 1812 449 1853 cesium‘
484 1827 559 1856 seu
586 1813 720 1854 totius
749 1813 926 1867 alicujus
955 1815 1219 1868 Provinciae,
1250 1816 1474 1870 speciatim
1502 1816 1749 1870 Synodus
1779 1830 1851 1858 seu

289 1882 606 1926 concilium.
1586 1873 1595 1881 '

343 1953 438 1996 VII.
475 1954 555 1996 Est
593 1970 693 1997 vero
731 1956 981 2010 Synodus
1019 1973 1091 2000 seu
1130 1958 1434 2001 Concilium
1463 1959 1529 2012 (ut
1558 1959 1851 2000 antecedentia

290 2027 433 2068 omnia
478 2026 746 2080 colligamus)
785 2029 982 2082 publicus
1021 2032 1063 2071 et
1097 2030 1312 2082 legitimus
1351 2030 1566 2072 Ecclesiae
1590 2032 1849 2082 conventus,

288 2097 409 2149 isque
446 2099 670 2151 augustior
698 2101 740 2140 et
769 2100 954 2152 amplior
983 2116 1007 2142 a
1036 2100 1204 2143 Christo
1233 2102 1478 2144 institutus:
1507 2104 1850 2156 repraesentatae

291 2168 457 2220 quidem
499 2184 574 2224 per
614 2169 830 2224 delegatas
868 2171 920 2212 ab
960 2171 1159 2214 inferiore
1198 2175 1410 2215 conventu
1437 2174 1490 2215 ad
1520 2175 1682 2215 certum
1709 2173 1851 2215 locum

290 2241 332 2280 et
368 2242 549 2293 tempus,
589 2256 807 2295 personas,
835 2242 1046 2296 imprimis
1075 2243 1314 2298 Episcopos
1345 2247 1386 2286 et
1413 2244 1707 2298 Presbyteros,
1737 2246 1779 2286 et
1806 2244 1851 2286 in

289 2310 370 2353 Dei
398 2326 446 2352 ac
476 2311 637 2354 Christi
664 2313 834 2355 nomine
865 2317 1161 2368 congregatae,
1193 2315 1246 2357 ad
1273 2315 1553 2368 tractandum,
1573 2315 1850 2369 judicandum

289 2397 337 2424 ac
366 2384 722 2437 constituendum,
752 2401 803 2427 ex
833 2386 963 2428 verbo
993 2385 1075 2428 Dei
1105 2401 1165 2439 ea,
1196 2401 1304 2440 quae
1334 2387 1386 2428 ad
1412 2401 1677 2429 communem
1701 2386 1851 2428 Eccle-

289 2454 448 2496 siarum
477 2458 637 2497 statum
661 2459 868 2510 spectant,
895 2460 936 2499 et
961 2473 1068 2510 quae
1091 2457 1135 2499 in
1157 2457 1430 2500 inferioribus
1457 2458 1721 2501 consessibus
1745 2457 1851 2499 clas-

291 2525 387 2567 sicis
425 2526 574 2569 confici
610 2542 698 2569 non
734 2530 982 2582 potuerunt,
1019 2529 1203 2571 maxime
1241 2544 1335 2571 cum
1363 2530 1506 2583 agitur
1534 2530 1584 2571 de
1613 2529 1711 2571 fidei
1738 2528 1847 2570 veri-

290 2598 478 2650 tatisque
529 2598 718 2652 puritate
760 2602 908 2641 contra
951 2603 1139 2642 errantes
1182 2603 1223 2642 et
1267 2600 1526 2652 haereticos;
1569 2601 1620 2642 de
1660 2599 1850 2642 moribus

293 2669 524 2723 ordineque
559 2673 706 2713 contra
735 2670 1007 2724 scismaticos,
1038 2672 1091 2714 ad
1120 2671 1334 2714 Ecclesiae
1364 2671 1712 2731 aedificationem,
1740 2669 1851 2713 inte-

290 2740 493 2793 gritatem
523 2744 565 2784 et
592 2757 752 2796 pacem.

345 2811 463 2854 VIII.
500 2812 566 2854 Ea
601 2827 731 2866 porro
770 2814 837 2856 vel
873 2813 1268 2867 Provincialis,
1307 2814 1374 2857 vel
1409 2813 1753 2866 Nationalis,
1781 2813 1850 2855 vel

295 2881 605 2934 Generalis,
648 2899 721 2926 seu
761 2884 969 2937 Plenaria,
1007 2888 1055 2927 ut
1091 2887 1258 2938 vocant,
1296 2885 1363 2927 vel
1392 2884 1749 2927 Oecumenica
1776 2899 1850 2927 seu

293 2951 665 3008 Universalis,
697 2971 805 3008 quae
835 2957 1002 3010 cogitur
1031 2972 1055 2998 a
1083 2956 1275 3010 personis
1306 2959 1347 2998 61
1371 2955 1462 3009 agit
1485 2955 1536 2997 de
1559 2956 1685 2998 rebus
1701 2955 1849 2998 Eccle-
