1931 3224
220 133 283 174 DE
311 132 592 174 MINIsTRoRUM
620 130 1017 173 Eoonnsmsricossun
1043 129 1194 172 VocAT.
1225 143 1270 170 ET
1300 127 1447 169 FUNCT.
1538 127 1616 168 463

60 257 351 309 Doctores,
382 258 444 298 ad
474 256 1011 310 coagmentationem
1040 253 1385 304 Sanctorum,
1412 254 1462 293 et
1488 266 1618 305 opus

60 328 388 380 Ministerii,
433 329 600 370 donec
643 327 929 369 evadamus
958 339 1139 368 omnes
1169 324 1223 365 in
1251 322 1521 364 unitatem
1558 321 1619 362 fi-

61 399 143 440 dei
195 401 244 440 et
297 398 638 451 cognitionis
691 398 896 439 Christi
947 397 1000 438 in
1051 396 1223 437 virum
1275 394 1518 436 adultum
1559 392 1620 434 ad

61 485 363 512 mensuram
404 469 687 522 perfectae
729 470 782 510 in
824 469 941 522 ipso
985 469 1243 509 staturae.
1288 465 1363 507 Cui
1412 465 1531 518 operi
1573 466 1620 505 ut

61 540 259 582 Pastores
298 540 558 581 commodius
595 542 808 591 vacarent,
845 540 949 593 ipsis
988 538 1182 580 Seniores
1221 536 1273 577 ad
1301 535 1514 577 Ecclesiae
1543 549 1620 587 gu-

61 611 367 662 bernationem,
398 614 439 652 et
467 611 647 653 Diaconi
675 612 727 652 ad
757 626 902 653 curam
930 624 1167 663 pauperum
1195 608 1458 659 aliorumque
1487 606 1621 647 afflic-

61 685 216 734 torum,
246 697 296 724 ex
326 682 485 723 Christi
513 682 904 736 Apostolorumque
933 681 1215 731 institutione,
1245 679 1368 721 Matt.
1393 679 1456 719 18.
1472 678 1568 719 Act.
1584 677 1621 719 6.

62 754 251 807 adjuncti
280 756 390 805 sunt,
422 754 471 795 de
501 753 654 806 quibus
684 768 758 794 suo
788 753 883 794 loco
914 752 1179 794 disseremus.

115 825 229 867 XXI.
282 825 485 879 Apostoli
538 828 658 867 erant
709 838 938 878 praecones
989 822 1215 876 Evangelii
1264 820 1520 863 universales
1574 819 1626 860 ad

61 896 273 938 Ecclesiae
317 895 562 937 Catholicae
599 895 932 946 fundamentum,
972 894 1086 946 quod
1125 896 1188 935 est
1227 892 1431 943 Christus,
1470 890 1627 943 ubique

62 970 272 1009 terrarum
313 967 567 1020 ponendum,
607 967 659 1008 ab
700 967 794 1020 ipso
839 965 1008 1006 Christo
1050 964 1294 1006 immediate
1337 966 1464 1015 atque
1508 964 1627 1003 extra

64 1038 255 1079 ordinem
290 1037 419 1089 missi,
460 1037 569 1078 dono
608 1037 768 1089 absque
798 1051 939 1077 errore
968 1036 1074 1077 alios
1105 1035 1294 1086 docendi,
1325 1034 1626 1085 doctrinaeque

64 1125 163 1151 suae
205 1109 429 1151 veritatem
470 1108 685 1149 miraculis
728 1106 1004 1148 confirmandi
1048 1121 1071 1147 a
1114 1106 1206 1167 Dep
1250 1104 1458 1155 instructi,
1502 1104 1626 1145 Matt.

64 1182 128 1233 28,
166 1181 229 1222 20.
269 1181 290 1221 1
331 1179 423 1221 Cor.
462 1181 500 1232 3,
541 1180 603 1221 10.
642 1179 705 1220 11.
743 1179 866 1220 Matt.
908 1179 970 1229 10,
1008 1178 1045 1219 1.
1083 1176 1182 1218 Joh.
1213 1177 1274 1228 16,
1308 1177 1369 1218 13.
1399 1175 1494 1217 Act.
1523 1176 1560 1226 2,
1590 1176 1626 1215 2,

65 1255 108 1294 et
137 1267 253 1305 seqq.

117 1323 252 1365 XXII.
290 1323 534 1376 Prophetae
573 1322 646 1375 qui
684 1322 762 1363 sub
800 1321 926 1363 Novo
960 1321 1234 1363 Testamento
1263 1320 1472 1371 vixerunt,
1503 1320 1627 1369 dono,

64 1398 155 1435 tum
193 1394 338 1435 futura
366 1393 648 1446 praedicendi,
678 1396 770 1434 tum
798 1393 890 1434 loca
920 1392 1166 1445 Scripturae
1196 1391 1435 1433 difficiliora
1464 1391 1629 1444 perspi-

66 1481 140 1508 cue
177 1465 488 1519 interpretandi
528 1468 570 1507 et
609 1465 660 1506 ad
698 1464 913 1506 Ecclesiae
945 1464 1284 1506 aedificationem
1313 1463 1459 1504 dextre
1491 1462 1630 1515 appli-

66 1537 199 1589 candi,
239 1552 263 1578 a
300 1536 391 1578 Deo
422 1536 605 1590 praediti
633 1536 817 1577 fuerunt.
848 1536 887 1577 A
916 1536 1059 1589 priore
1089 1536 1200 1577 dono
1231 1534 1483 1577 describitur
1512 1534 1630 1587 Aga-

66 1609 143 1650 bus
173 1609 246 1661 qui
275 1608 431 1649 famem
460 1608 537 1649 sub
567 1607 742 1649 Claudio
774 1609 815 1648 et
843 1607 965 1648 Pauli
989 1607 1159 1648 vincula
1183 1604 1517 1659 praenunciavit,
1533 1604 1629 1646 Act.

68 1680 130 1730 11,
169 1680 231 1721 28.
273 1682 314 1721 et
349 1680 412 1731 20,
449 1679 511 1721 10.
548 1679 616 1720 Ab
654 1681 849 1731 utroque,
880 1678 1112 1730 Barnabas,
1143 1678 1327 1730 Simeon,
1358 1678 1462 1718 alias
1492 1676 1630 1718 dictus

66 1750 214 1804 Niger,
258 1750 410 1792 Lucius
453 1750 704 1803 Cyrenaeus,
747 1750 958 1792 Manahen
1001 1752 1042 1791 et
1087 1749 1250 1801 Saulus,
1295 1749 1367 1801 qui
1405 1750 1631 1803 propterea

66 1821 309 1875 Prophetae
359 1824 401 1863 et
451 1821 658 1864 Doctores
711 1837 734 1863 a
785 1822 898 1863 Luca
942 1821 1224 1875 appellantur,
1267 1820 1361 1861 Act.
1406 1820 1469 1870 13,
1514 1819 1549 1860 1.
1593 1818 1632 1858 A

66 1894 315 1948 posteriore,
358 1894 421 1935 illi
465 1894 514 1935 de
557 1894 710 1946 quibus
754 1893 988 1946 Apostolus
1031 1893 1211 1943 disserit,
1255 1892 1276 1932 1
1323 1890 1415 1932 Cor.
1461 1890 1523 1942 14,
1568 1891 1630 1931 29.

40 2010 43 2012 ,
68 1967 109 2006 et
138 1980 256 2018 seqq.

120 2035 276 2078 XXIII.
316 2036 689 2089 Evangelistarum
726 2036 798 2078 alii
838 2039 958 2078 erant
988 2036 1227 2089 Scriptores
1256 2034 1462 2075 historiae
1491 2033 1632 2074 Evan-

68 2108 239 2161 gelicae,
280 2108 329 2149 de
358 2108 446 2149 vita
475 2110 517 2149 et
546 2110 696 2160 morte,
727 2108 849 2149 dictis
880 2111 920 2150 et
949 2108 1074 2149 factis
1104 2107 1336 2149 Salvatoris
1366 2106 1501 2147 nostri
1529 2103 1630 2146 Jesu

69 2178 239 2231 Christi,
269 2179 343 2221 alii
373 2179 425 2227 ab
454 2179 676 2232 Apostolis
707 2179 759 2220 ad
786 2179 1069 2232 Evangelium
1097 2194 1181 2220 una
1211 2193 1304 2219 cum
1333 2176 1436 2230 ipsis
1466 2175 1633 2229 praedi-

70 2251 249 2292 candum
294 2251 446 2303 vocati,
495 2250 675 2304 ideoque
722 2251 838 2304 ipsos
880 2254 928 2292 ut
970 2251 1156 2303 συνεργοὶ,
1197 2249 1524 2299 comitabantur,
1552 2246 1635 2288 nisi

70 2336 165 2363 cum
194 2322 246 2363 ab
275 2322 389 2375 ipsisv
411 2322 463 2363 ad
492 2324 661 2375 tempus
691 2322 815 2364 certis
845 2323 1096 2375 quibusdam
1125 2321 1326 2364 Ecclesiis
1355 2320 1634 2374 praeficeren-

69 2395 162 2444 tur;
202 2394 347 2446 quales
390 2396 509 2435 erant
545 2393 776 2446 Barnabas,
812 2393 933 2446 Silas,
963 2393 1214 2436 Timotheus
1244 2396 1285 2435 et
1315 2393 1448 2444 Titus,
1481 2392 1633 2445 quibus

69 2465 265 2506 nonnulli
303 2466 365 2506 70.
407 2465 647 2518 discipulos,
684 2481 866 2518 quorum
895 2465 1028 2508 Lucas
1057 2466 1251 2508 meminit
1280 2480 1370 2518 cap.
1401 2465 1464 2516 10,
1496 2465 1530 2506 1.
1561 2479 1635 2505 an-

70 2537 352 2579 numerandos
383 2552 472 2578 esse
503 2536 759 2579 existimant.

125 2607 280 2649 XXIV.
327 2607 527 2656 Quamvis
570 2607 801 2661 Barnabas,
846 2609 918 2662 qui
959 2609 1207 2663 plerumque
1251 2608 1463 2661 Apostolo
1502 2607 1634 2648 Paulo

72 2677 279 2720 Gentibus
321 2678 602 2732 Evangelium
645 2680 918 2722 annuncianti
955 2682 1125 2734 praesto
1164 2679 1257 2731 fuit,
1296 2678 1533 2731 Apostolus
1562 2692 1636 2719 vo-

73 2752 190 2791 cetur
227 2750 321 2792 Act.
363 2751 425 2802 14,
464 2751 526 2793 14.
555 2766 641 2793 non
669 2752 763 2793 ideo
793 2754 935 2793 tamen
964 2751 1029 2803 (ut
1058 2750 1254 2792 nonnulli
1281 2749 1453 2802 putant)
1486 2749 1637 2790 ceteris

73 2820 294 2862 duodecim
329 2821 554 2874 Apostolis
582 2821 626 2862 in
654 2821 916 2875 Apostolatu
945 2837 1028 2863 una
1059 2836 1154 2863 cum
1181 2821 1315 2862 Paulo
1346 2820 1533 2872 accessit,
1564 2820 1637 2873 qui

74 2892 127 2938 ad
168 2907 320 2934 munus
360 2890 468 2934 illud
510 2893 720 2948 singulari
762 2893 934 2935 omnino
976 2892 1142 2934 ratione
1179 2895 1306 2945 atque
1343 2891 1584 2934 immediate
1613 2907 1637 2933 a

76 2961 245 3005 Christo
275 2978 309 3005 *e
349 2963 465 3006 coelo
496 2966 672 3006 vocatus
700 2963 794 3016 fuit,
824 2964 919 3006 Act.
949 2965 986 3017 9,
1015 2964 1052 3006 5.
1081 2964 1131 3007 In
1160 2965 1233 3007 illo
1265 2964 1375 3007 enim
1399 2965 1495 3008 loco
1520 2964 1639 3018 Apo-
