1931 3224
750 78 814 121 DE
842 77 871 120 J
872 92 1092 121 URAMENTO.
1629 77 1649 118 1
1658 76 1707 118 75

139 201 482 255 obtemperantes
520 202 660 244 Patris
697 203 919 245 mandato:
958 202 1122 244 Exite
1163 216 1184 242 e
1223 200 1396 242 medio
1437 215 1618 242 eorum
1659 205 1712 242 et

139 274 495 327 separamini,
526 274 664 316 dicit
691 273 972 326 Dominus,
1002 275 1052 315 et
1081 272 1351 325 impurum
1378 287 1439 313 ne
1469 271 1710 325 attssinga-

138 345 233 396 tis3
265 348 315 387 et
345 361 441 400 ego
472 345 774 400 suscipiam
802 359 918 398 vos,
948 346 972 386 2
1003 343 1353 396 Cor.6,16.17.

607 761 1084 810 DISPUTATIO
1130 762 1238 809 XX.

898 870 945 893 DE

653 946 1187 1014 Juramento.

487 1073 688 1116 Praeside
717 1074 769 1116 D.
800 1072 1065 1116 ANTONIO
1098 1072 1363 1114 WALAEO.

545 1165 823 1216 Respondente
851 1164 1023 1203 PETRO
1054 1163 1300 1203 LAOVICO.

796 1262 985 1304 Tnsssm
1023 1261 1056 1304 Ι.

280 1358 518 1386 URAMENTUM
558 1343 692 1397 (quod
731 1343 881 1386 Graeci
918 1341 1021 1396 ὅρκον
1062 1342 1114 1384 ab
1147 1341 1263 1396 ἕρκος,
1297 1342 1396 1395 quia
1426 1340 1617 1383 veritatis
1648 1342 1710 1382 est

280 1415 605 1468 firmamentum,
630 1416 802 1468 vocant)
828 1431 851 1457 a
872 1417 966 1469 jure
993 1414 1185 1467 derivari,
1206 1413 1481 1456 manifestum
1508 1414 1582 1465 est,
1605 1427 1710 1465 quo-

140 1487 255 1528 niam
292 1487 335 1528 id
375 1487 488 1539 quod
520 1488 703 1540 juratur,
741 1486 876 1528 instar
914 1487 1021 1540 legis
1058 1485 1234 1538 alicujus
1271 1487 1413 1526 ratum
1454 1498 1541 1525 esse
1572 1482 1708 1534 debet,

142 1559 494 1612 quemadmodum
534 1559 686 1600 clarius
723 1574 772 1600 ex
809 1557 1098 1611 Jurisjurandi
1134 1572 1237 1599 voce
1275 1557 1424 1610 liquet,
1460 1570 1567 1608 quae
1595 1554 1706 1596 idem
1737 1570 1739 1572 ’

141 1631 255 1683 quod
292 1630 590 1672 Juramentum
628 1632 771 1681 notat3
802 1630 882 1672 etsi
910 1629 1106 1672 nonnulli
1135 1628 1268 1671 velint
1297 1627 1402 1670 illud
1431 1627 1484 1669 ab
1514 1627 1596 1668 hoc
1626 1626 1707 1668 dif-

140 1701 262 1754 ferre,
302 1702 416 1755 quod
452 1701 760 1755 Jusjurandum
789 1702 833 1743 in
862 1716 907 1743 re
937 1703 1211 1743 controversa
1240 1700 1553 1752 interponatur,
1582 1696 1708 1739 Jura-

139 1776 331 1816 mentum
358 1788 458 1815 vero
488 1773 726 1827 generalius
757 1773 886 1815 etiam
914 1773 958 1814 in
988 1787 1033 1814 re
1060 1787 1146 1814 non
1171 1774 1443 1813 controversa
1466 1771 1709 1822 usurpetur.

192 1844 247 1887 II.
285 1845 505 1899 Significat
545 1848 687 1887 autem
725 1844 1036 1897 Juramentum,
1076 1846 1124 1886 ut
1157 1843 1240 1886 Cic.
1272 1842 1362 1884 Lib.
1392 1843 1429 1884 3.
1461 1841 1709 1883 Officiorum

139 1920 335 1969 testatur,
373 1917 698 1971 religiosam
734 1917 996 1958 veritatis
1035 1915 1494 1966 affirmationem,
1528 1913 1638 1954 unde
1668 1914 1709 1954 et

140 1991 448 2032 sacramentum
484 1987 645 2030 Latinis
683 1991 872 2040 vocatur,
914 1988 1013 2040 quia
1050 1986 1291 2029 Juramenti
1328 1986 1572 2027 interventu
1600 1983 1709 2025 veri-

140 2060 241 2102 tatis
270 2060 550 2113 confirmatio,
580 2075 698 2103 sacra
729 2063 770 2103 et
798 2060 1000 2114 religiosa
1028 2060 1231 2102 redditur.

193 2131 269 2174 ΠΙ.
309 2131 374 2174 De
410 2132 537 2185 hujus
576 2131 817 2174 Juramenti
846 2146 925 2173 usu
954 2131 1160 2187 legitimo,
1193 2132 1265 2172 aut
1295 2129 1441 2181 abusu,
1466 2130 1555 2182 jam
1585 2127 1708 2170 nobis

141 2203 363 2257 agendum.
396 2202 518 2252 Quod
546 2205 594 2244 ut
624 2203 771 2245 ordine
801 2205 842 2245 et
873 2202 1171 2256 compendiose
1199 2201 1287 2254 fiat,
1316 2200 1456 2254 primo
1482 2200 1708 2242 Juramen-

139 2277 233 2316 tum
270 2274 521 2317 Christianis
561 2289 649 2317 esse
686 2275 852 2316 licitum
886 2273 1282 2324 demonstrabimus,
1314 2273 1462 2314 deinde
1493 2272 1708 2325 quodnam

142 2349 183 2388 et
226 2347 350 2399 quale
393 2347 499 2388 illud
542 2346 609 2398 sit,
648 2361 699 2388 ex
738 2345 959 2400 Scriptura
997 2345 1127 2388 Sacra
1163 2344 1410 2395 videbimus,
1450 2359 1496 2385 ac
1527 2343 1707 2394 denique

142 2418 409 2471 quaestiones
445 2418 685 2471 nonnullas,
724 2433 831 2472 quae
865 2418 975 2460 circa
1005 2432 1127 2459 usum
1156 2418 1229 2458 aut
1259 2416 1438 2458 abusum
1465 2413 1707 2456 Juramenti

140 2491 375 2541 versantur,
407 2490 754 2532 examinabimus.

194 2561 268 2604 IV.
298 2561 415 2604 Inter
442 2564 604 2604 veteres
633 2561 820 2604 Judaeos
849 2562 977 2615 primi
1006 2561 1196 2604 omnium
1223 2559 1375 2603 Esseni
1407 2558 1705 2601 Juramentum

143 2648 267 2675 omne
296 2648 429 2687 aeque
459 2636 587 2687 atque
611 2634 845 2688 perjurium
868 2634 1219 2685 condemnabant,
1245 2634 1292 2673 ut
1317 2631 1345 2673 J
1349 2630 1543 2684 osephus,
1560 2629 1650 2671 Lib.
1667 2630 1704 2671 2.

144 2703 194 2745 de
230 2703 351 2746 Bello
389 2704 489 2746 Jud.
520 2720 552 2747 c.
583 2705 618 2746 7.
647 2704 789 2747 refert.
818 2705 905 2747 Eos
935 2705 1037 2747 olim
1066 2704 1199 2746 secuti
1227 2705 1324 2745 sunt
1354 2701 1525 2755 quidam
1554 2700 1704 2742 Mona·-
1765 2729 1768 2732 >

143 2774 213 2817 chi
248 2774 478 2818 Humiliati
513 2777 628 2829 dicti,
667 2779 709 2818 et
744 2777 871 2819 hodie
907 2776 1232 2830 Anabaptistae.
1261 2773 1352 2816 Imo
1381 2788 1481 2815 vero
1512 2775 1554 2815 et
1580 2771 1706 2814 multi

142 2845 359 2890 Pontificii
397 2847 701 2890 abstinentiam
740 2863 764 2889 a
801 2847 1052 2889 Juramento
1087 2846 1198 2888 inter
1227 2844 1403 2887 consilia
1431 2843 1632 2896 referunt,
1663 2845 1704 2884 et

143 2919 348 2972 majorem
375 2919 682 2973 perfectionem
709 2919 754 2960 in
782 2933 831 2969 ea
859 2919 1135 2962 constituunt.
