1931 3224
257 187 333 227 114
847 180 1086 222 D1sPUrA'r1o
1114 176 1231 219 XIII.

258 307 512 358 fluminibus,
554 305 774 356 latifundo,
820 307 861 346 et
903 302 1124 344 duratione
1168 299 1470 351 disceptantur,
1515 310 1611 337 eum
1648 296 1706 346 in,
1743 294 1811 336 vel

255 381 378 431 juxta
418 377 782 432 Mesopotamiam,
811 389 955 416 versus
987 372 1205 426 Tigridem
1234 372 1275 412 et
1303 368 1572 422 Euphratem
1603 366 1813 408 collocan-

260 451 356 491 dum
389 464 613 492 censemus.

311 520 437 562 XLV.
484 520 609 562 Illum
659 534 786 575 porro
826 517 1045 560 exornavit
1084 516 1199 557 omni
1239 528 1392 568 genere
1434 511 1815 566 pulcherrimarum

258 593 484 635 herbarum
523 595 563 633 et
602 591 812 641 arborum,
852 604 958 642 quae
988 588 1040 629 ad
1071 602 1187 629 esum
1217 589 1259 628 et
1286 584 1523 639 voluptatis
1551 598 1675 626 usum
1703 582 1815 625 face-

258 667 363 705 rent.
403 663 519 704 Inter
549 678 652 714 quas
682 661 858 703 Arbor
886 661 1034 703 vitae
1065 662 1106 701 et
1141 658 1411 700 scientiae
1438 655 1569 697 boni
1598 658 1648 697 et
1675 654 1815 696 mali.

260 735 338 776 Illa
380 734 548 786 quidem
590 734 649 775 ita
693 732 817 783 dicta,
859 747 945 774 non
987 731 1099 784 quod
1136 730 1269 771 vitam
1305 729 1479 770 insitam
1517 727 1705 778 haberet,
1745 727 1817 767 aut

260 805 427 858 corpori
467 807 540 846 aut
577 803 716 845 animo
756 818 831 857 per
861 818 915 854 se,
945 805 993 844 ut
1021 816 1209 855 panacea
1239 799 1458 853 quaedam,
1489 799 1740 853 praestaret,
1770 799 1818 838 ut

259 876 509 918 Scholastici
549 877 646 928 post
674 874 823 916 Patres
854 874 1058 927 quosdam
1089 873 1364 924 arbitrantur,
1396 870 1468 912 sed
1495 870 1641 924 potius
1670 868 1818 912 Sacra—

257 946 429 988 mentali
466 946 652 988 ratione:
694 946 807 998 quod
845 944 1091 998 obsignaret
1125 946 1365 995 utramque,
1397 941 1499 995 quin
1528 941 1615 984 imo
1646 939 1818 996 spiritu-

259 1018 368 1059 alem
397 1017 712 1059 subsecuturam
741 1017 1022 1068 adumbraret,
1054 1015 1189 1070 Apoc.
1224 1016 1261 1067 2,
1292 1015 1327 1056 7.

313 1088 462 1131 XLVI.
501 1088 618 1130 Haec
656 1091 808 1141 autem,
849 1088 1118 1130 scientiae
1159 1086 1379 1130 scilicet
1417 1086 1546 1128 boni
1584 1087 1635 1127 et
1670 1084 1819 1135 mali,

262 1163 511 1215 nuncupata,
550 1175 635 1203 non
674 1161 787 1213 quod
827 1161 864 1202 ei
900 1161 1056 1202 inesset
1097 1159 1273 1202 scientia
1314 1158 1447 1212 (quod
1477 1155 1725 1210 absurdum)
1755 1156 1822 1198 vel

263 1232 469 1273 occultam
506 1232 592 1273 vim
628 1232 800 1273 insitam
836 1231 1013 1273 haberet
1051 1230 1258 1273 efficiendi
1299 1245 1402 1281 eam,
1442 1244 1514 1272 seu
1552 1228 1730 1271 acuendi
1756 1228 1821 1269 in-

263 1304 387 1357 genii,
426 1306 472 1344 ut
511 1302 538 1344 J
543 1303 722 1357 oseplius
761 1303 917 1353 voluit3
957 1302 1028 1344 sed
1057 1302 1171 1355 quod
1198 1304 1306 1344 esset
1336 1301 1475 1353 arbor,
1506 1316 1556 1343 ex
1585 1300 1727 1343 divino
1756 1300 1822 1341 in-
1864 1341 1867 1346 ,

263 1376 424 1427 stituto,
479 1374 816 1426 Sacramentalis,
862 1390 944 1427 qua
983 1374 1212 1427 jubebatur
1256 1374 1386 1415 homo
1430 1388 1518 1416 non
1561 1373 1674 1415 ultra
1715 1372 1823 1414 velle

263 1462 408 1500 sapere
449 1461 575 1499 quam
612 1447 738 1488 vellet
775 1446 902 1498 Deus,
942 1449 1014 1488 aut
1054 1447 1216 1488 bonum
1254 1446 1496 1499 malumque
1535 1459 1610 1487 suo
1649 1443 1822 1499 ingenio

263 1517 423 1568 metiri;
465 1532 630 1570 quaque
671 1518 895 1571 explorans
932 1517 1047 1559 Deus
1086 1518 1173 1571 ejus
1203 1516 1487 1559 obedientiam
1516 1515 1680 1558 fructus
1710 1530 1824 1557 com-

265 1589 435 1641 estione,
470 1604 666 1631 sensurus
701 1592 809 1632 esset
843 1592 971 1642 atque
1005 1585 1253 1644 experturus
1281 1589 1442 1631 bonum
1471 1602 1555 1641 quo
1580 1586 1823 1642 privandus,

265 1664 306 1703 et
336 1661 492 1703 malum
523 1660 566 1702 in
597 1661 709 1713 quod
739 1675 921 1703 casurus.

315 1731 484 1773 XLVII.
513 1731 688 1774 Horto
712 1732 812 1774 huic
833 1731 975 1774 Deus
999 1732 1272 1774 hominem
1295 1731 1581 1786 imposuit,
1606 1733 1825 1783 tamquam

265 1801 495 1844 Dominum
524 1803 567 1843 in
595 1802 778 1845 Basilica
805 1818 879 1844 sua
908 1803 969 1845 ad
999 1818 1111 1846 eum
1137 1803 1419 1845 colendum
1443 1804 1493 1844 et
1517 1801 1824 1844 custodien-

265 1873 400 1925 dum,
441 1872 542 1915 Gen.
581 1874 618 1925 2,
650 1874 711 1915 15.
751 1873 981 1916 Colendum
1020 1874 1191 1927 quidem
1216 1874 1404 1926 jucundo
1434 1875 1476 1915 et
1505 1874 1653 1915 sancto
1683 1886 1823 1926 opere,

265 1945 353 1986 sine
402 1945 654 1998 fatigatione
699 1947 740 1987 et
782 1945 943 1996 taedio3
989 1945 1311 1988 custodiendum
1355 1946 1498 1987 autem
1540 1945 1584 1986 in
1622 1959 1670 1986 eo
1709 1945 1826 1985 statu

269 2030 351 2068 quo
383 2018 482 2067 erat,
515 2019 555 2058 et
586 2017 638 2058 ab
669 2016 914 2059 animalium
943 2017 1116 2060 incursu
1146 2019 1187 2059 et
1219 2016 1447 2059 eversione.
1476 2015 1621 2068 Atque
1647 2014 1753 2056 haec
1781 2013 1826 2054 in

266 2086 455 2139 personis
495 2088 860 2141 protoplastorum
887 2089 931 2130 in
959 2088 1163 2131 Paradiso
1194 2087 1430 2139 collocatio,
1460 2101 1536 2129 suo
1567 2085 1694 2128 modo
1721 2099 1826 2138 quo-

271 2171 352 2209 que
382 2157 433 2198 ad
461 2159 709 2211 progenitos
741 2162 917 2213 spectat.
1413 2146 1415 2148 .

319 2227 512 2270 XLVIII.
551 2229 746 2272 Ceterum
784 2230 900 2273 Deus
939 2231 1159 2274 hominem
1191 2231 1395 2285 (hominis
1418 2244 1521 2272 voce
1547 2229 1827 2271 communiter

267 2299 456 2353 accepta)
496 2300 705 2354 duplici
735 2317 863 2344 sexu
894 2303 1094 2355 condidit,
1125 2303 1354 2345 secundum
1382 2301 1501 2354 illud,
1531 2300 1826 2343 Masculum

269 2372 318 2412 et
356 2371 607 2413 feminam
641 2373 851 2415 creavit
890 2389 1001 2426 eos,
1040 2377 1193 2416 natura
1232 2376 1274 2416 et
1303 2374 1513 2428 dignitate
1541 2374 1686 2414 tamen
1712 2372 1826 2413 inae-

270 2440 425 2493 quales,
455 2441 563 2483 hanc
587 2442 861 2486 infirmiorem
886 2448 927 2487 et
950 2445 1208 2498 inferiorem,
1234 2446 1344 2488 unde
1367 2444 1641 2498 singulariter
1663 2443 1827 2495 mulier,

268 2512 409 2565 imago
453 2515 493 2554 et
532 2513 668 2566 gloria
706 2515 786 2556 viri
816 2516 981 2568 dicitur,
1013 2519 1060 2558 ut
1089 2518 1156 2559 vir
1183 2516 1276 2570 Dei,
1308 2517 1330 2558 1
1364 2515 1456 2558 Cor.
1489 2515 1552 2568 11,
1581 2514 1618 2556 ’7.
1650 2514 1702 2556 ad
1728 2527 1828 2569 pro-

269 2584 512 2636 pagandum
539 2585 732 2627 videlicet
760 2587 804 2628 in
833 2588 989 2630 mundo
1018 2588 1253 2630 humanum
1281 2603 1427 2642 genUS,
1457 2587 1559 2630 Gen.
1591 2588 1626 2639 1,
1657 2587 1718 2628 27.

322 2653 468 2697 XLIX.
512 2654 602 2698 Nec
644 2657 769 2699 simul
809 2661 849 2700 et
889 2660 1036 2701 eodem
1073 2661 1200 2703 niodo
1239 2662 1480 2713 utrumque.
1517 2658 1679 2701 Prius
1716 2657 1828 2700 enim

272 2725 441 2768 virum
486 2729 706 2781 exstruxit,
758 2730 905 2772 deinde
956 2730 1225 2785 feminam,
1270 2735 1317 2774 ut
1359 2732 1441 2774 viri
1477 2731 1664 2785 dignitas
1699 2728 1829 2783 supr'a

272 2795 469 2838 feminam
508 2802 615 2841 esset
654 2801 960 2854 commendata,
1000 2803 1021 2844 1
1063 2802 1156 2845 Cor.
1198 2804 1260 2855 11,
1298 2804 1335 2845 8.
1374 2804 1519 2856 Atque
1562 2801 1671 2844 sicut
1711 2800 1828 2842 Deus

274 2880 402 2908 unum
442 2871 504 2909 est
533 2871 790 2925 principium
819 2873 1044 2915 creationis
1074 2889 1228 2927 rerum,
1260 2875 1320 2917 sic
1347 2874 1510 2928 primus
1538 2873 1669 2916 homo
1698 2885 1830 2913 unum

275 2941 382 2979 esset
419 2940 672 2993 principium
710 2944 997 2996 generationis
1039 2946 1229 2988 omnium
1266 2946 1501 2998 hominum,
1539 2948 1588 2987 ut
1625 2945 1725 2987 dum
1760 2957 1829 2985 co-

273 3013 524 3063 gnoscerent
560 3026 603 3053 se
641 3013 693 3054 ab
731 3029 815 3056 uno
853 3029 941 3058 esse
979 3029 1136 3069 omnes,
1173 3031 1216 3058 se
1255 3017 1375 3070 quasi
1408 3031 1539 3058 unum
1569 3017 1760 3058 amarent
1788 3015 1831 3056 et
