1931 3224
573 146 637 187 DE
666 145 890 188 LIBERTATE
921 144 1171 186 CHRISTIANA.
1575 141 1652 181 363

93 282 308 330 tempus
347 270 733 322 correctionis,
772 271 873 312 Ebr.
911 270 949 321 9,
985 270 1058 320 10.,
1090 268 1205 320 quod
1233 270 1401 320 tempus
1428 264 1654 319 impletum

94 351 176 392 fuit
205 347 427 390 Christo
457 343 675 386 delente
705 342 844 395 quod
874 341 1133 383 adversus
1161 353 1255 380 nos
1285 339 1422 388 erat,
1448 336 1653 378 rituum

97 419 545 472 chirographum,
584 420 636 459 et
673 415 811 458 illud
838 428 858 454 e
888 412 1062 455 medio
1092 410 1399 460 auferente,
1430 407 1588 449 Coloss.
1617 407 1655 457 2,

98 492 159 533 14.
188 490 302 533 Nam
329 504 405 543 per
431 489 574 542 ipsum
602 488 770 530 sublata
799 483 1163 532 condemnatione,
1194 494 1281 522 non
1312 479 1457 521 debuit
1486 491 1656 519 manere

98 561 460 605 condemnationis
491 559 767 614 signaculum.

149 631 266 675 XXI.
293 632 534 683 Praeterea,
564 646 659 672 cuni
689 627 984 672 ceremonialia
1011 626 1241 680 praecepta
1270 621 1509 676 specialiter
1538 634 1658 674 spec-

96 704 281 748 taverint
319 704 371 745 ad
410 703 569 745 cultum
608 701 841 743 Israelitico
878 697 1038 753 populo
1068 695 1398 745 convenientem,
1429 692 1658 734 secundum

97 775 455 829 significationem
482 773 784 828 mysteriorum
812 769 970 813 Christi
998 767 1178 818 venturi,
1209 765 1368 808 001033.
1398 765 1434 816 1,
1465 764 1525 805 17.
1555 762 1658 804 Ebr.

98 849 134 900 8,
172 847 208 889 4.
250 849 291 889 et
328 847 391 898 10,
431 847 466 887 1.
501 860 585 898 qua
613 844 663 886 de
693 857 817 885 causa
841 843 982 895 jussus
1011 840 1151 881 fuerat
1178 837 1319 880 Moses
1349 836 1487 878 facere
1517 835 1659 877 onmia

95 920 256 971 Juxta
299 915 722 959 similitudinem
763 916 814 955 et
856 910 1132 964 exemplar
1169 910 1224 950 in
1262 910 1440 950 monte
1479 908 1659 947 osten-

99 1001 232 1041 sum,
270 987 404 1030 Exod.
438 988 502 1039 20,
530 987 568 1028 4.
595 986 788 1028 veniente
817 998 1004 1038 corpore,
1035 980 1213 1023 cessavit
1241 979 1403 1030 umbra,
1439 977 1660 1019 accedente

99 1063 348 1115 prototypo,
379 1060 504 1101 cessit
527 1061 669 1112 typus,
695 1071 772 1099 nec
790 1057 880 1109 jam
902 1056 1047 1108 potest
1069 1052 1321 1106 mysterium
1343 1048 1659 1103 redemptionis,

100 1135 174 1175 aut
201 1131 343 1183 verbo,
372 1133 445 1172 aut
475 1144 603 1183 opere
632 1126 864 1182 significari
892 1140 989 1168 vere
1013 1127 1233 1176 tamquam
1253 1122 1463 1171 futurum3
1487 1119 1662 1174 perinde

101 1204 214 1246 enim
251 1204 361 1244 esset
397 1201 664 1242 mendacium
701 1199 745 1240 in
779 1196 1092 1253 significatione
1132 1194 1283 1248 operis,
1312 1208 1361 1235 ac
1390 1192 1424 1234 si
1454 1192 1549 1245 quis
1573 1191 1663 1243 ¹iam

100 1275 239 1317 verbis
269 1273 438 1325 diceret,
469 1271 661 1313 Christus
692 1272 755 1312 est
782 1271 984 1311 venturus
1013 1269 1056 1309 et
1081 1266 1326 1317 moriturus,
1358 1266 1434 1307 etc.

154 1345 290 1388 XXII.
335 1343 380 1387 Si
421 1358 521 1386 vero
565 1342 734 1384 eosdem
776 1340 883 1382 ritus
927 1340 1180 1392 spectemus,
1226 1338 1434 1389 quatenus
1473 1334 1664 1376 Ecclesia

101 1419 361 1461 Judaeorum
397 1416 442 1457 in
478 1414 667 1457 infantili
697 1415 836 1456 aetate
867 1426 975 1464 quae
1003 1412 1146 1452 tutore
1175 1423 1283 1463 opus
1311 1406 1463 1449 habuit
1492 1409 1535 1448 et
1562 1420 1664 1459 pae-

104 1491 286 1544 dagogo,
326 1489 403 1530 sub
444 1486 661 1530 elementis
697 1484 844 1527 mundi
872 1483 916 1524 in
944 1497 1019 1535 spe
1047 1480 1215 1523 venturi
1244 1479 1426 1522 Messiae
1455 1477 1666 1521 custodita

103 1564 178 1614 est,
216 1563 264 1602 ut
298 1560 342 1601 in
371 1560 496 1601 fidem
525 1558 640 1600 illius
670 1560 712 1599 et
740 1557 794 1598 ad
821 1556 944 1598 illum
972 1555 1261 1603 deduceretur,
1291 1552 1404 1593 idem
1427 1549 1664 1604 Apostolus

104 1633 177 1686 qui
213 1632 326 1673 hunc
364 1632 470 1684 legis
510 1628 802 1672 ceremonialis
840 1641 963 1668 usum
1001 1625 1180 1676 edocuit,
1219 1623 1343 1665 simul
1383 1620 1583 1672 ostendit,
1612 1619 1666 1661 in

103 1702 454 1757 plenitudine
500 1700 787 1755 temporis,
835 1699 1057 1740 missum
1094 1695 1267 1737 fuisse
1306 1692 1528 1743 Filium,
1569 1694 1664 1733 etc.

103 1777 160 1817 ut
190 1789 278 1816 eos
308 1773 398 1827 qui
427 1773 541 1826 legi
570 1770 798 1814 obnoxii
828 1771 1004 1820 erant,
1034 1768 1348 1816 redimeret,
1378 1763 1668 1815 Gal.4,1.et

106 1860 222 1899 seqq.
260 1845 456 1898 Itaque
489 1845 610 1897 jain
633 1857 737 1885 non
776 1856 894 1884 esse
924 1854 1131 1892 servos,
1163 1838 1254 1881 sed
1282 1837 1439 1878 filios
1470 1837 1520 1877 et
1549 1835 1668 1876 hae-

110 1917 264 1959 redes
302 1931 396 1971 per
425 1915 723 1967 Christum,
751 1929 789 1955 v.
821 1914 857 1955 7.

159 1988 318 2032 XXIII.
355 1988 564 2041 Denique,
595 1987 631 2029 si
658 2001 784 2028 usum
811 1985 942 2027 alium
972 1984 1077 2038 legis
1109 1980 1400 2025 ceremonialis
1431 1978 1669 2022 considere-

108 2077 215 2113 mus,
255 2060 368 2113 quod
406 2061 494 2113 ejus
533 2059 640 2100 ritus
678 2058 849 2100 fuerunt
886 2059 1014 2099 notae
1042 2054 1332 2109 professionis,
1363 2052 1484 2106 signa
1514 2052 1556 2093 et
1587 2049 1670 2091 dis-

107 2133 336 2175 tinctiones
376 2130 526 2185 populi
568 2129 793 2177 Israelitici
831 2131 873 2170 et
909 2127 1087 2182 politiae
1126 2127 1215 2179 ejus
1254 2123 1578 2167 Ecclesiasticae
1617 2121 1669 2163 ab

110 2204 305 2247 omnibus
334 2203 427 2244 aliis
457 2201 667 2255 gentibus,
697 2216 781 2253 qua
809 2200 977 2242 ratione
1005 2198 1122 2240 velut
1151 2199 1273 2250 septo
1304 2211 1351 2238 ac
1380 2194 1564 2236 maceria
1590 2193 1670 2234 dis-

110 2276 234 2317 tincti
270 2274 442 2315 fuerunt
473 2271 691 2314 Israelitae
729 2271 781 2313 ab
810 2269 1089 2313 idololatricis
1120 2268 1298 2311 aliarum
1327 2266 1519 2321 gentium
1548 2264 1672 2307 culti-

111 2347 202 2398 bus,
241 2345 342 2388 Gen.
381 2345 444 2396 17,
484 2344 519 2386 1.
557 2344 593 2385 3.
633 2343 695 2385 14.
734 2342 861 2385 Dent.
898 2342 936 2394 4,
975 2342 1013 2383 8.
1051 2340 1164 2395 Eph.
1194 2341 1232 2392 2,
1262 2340 1324 2381 14.
1355 2338 1432 2380 tali
1460 2335 1672 2390 respectui

111 2418 254 2459 nullus
295 2416 477 2469 amplius
518 2414 708 2468 reliquus
751 2417 815 2457 est
855 2414 987 2466 locus,
1029 2415 1260 2467 postquam
1303 2412 1494 2465 gentes
1541 2422 1672 2462 quae

115 2488 241 2531 olim
280 2489 434 2529 erant
462 2486 818 2541 longinquae,
849 2485 1191 2540 propinquae
1217 2483 1398 2524 factae
1427 2482 1551 2522 sunt
1579 2493 1672 2533 per

115 2560 437 2613 sanguinem
466 2558 692 2610 Christi,
725 2557 815 2611 qui
844 2559 924 2599 est
953 2571 1055 2610 pax
1084 2557 1298 2605 nostra,
1329 2553 1419 2606 qui
1448 2551 1583 2594 fecit
1613 2565 1672 2591 ex

115 2634 348 2684 utraque
384 2645 563 2682 unum,
603 2632 654 2672 et
690 2628 1024 2683 intergerivi
1062 2625 1298 2681 parietis
1329 2625 1542 2676 septum
1572 2621 1674 2663 sol-

116 2702 216 2753 vit,
246 2704 324 2744 etc.
352 2701 464 2754 Eph.
493 2702 530 2753 2,
559 2701 623 2742 13.
654 2703 696 2742 et
723 2714 838 2753 seqq.

170 2772 326 2815 XXIV.
365 2772 467 2815 Jure
504 2772 639 2825 igitur
677 2771 866 2813 damnati
904 2773 1002 2813 sunt
1041 2770 1142 2812 olim
1171 2770 1333 2810 veteres
1360 2766 1576 2818 haeretici,
1603 2765 1677 2819 qui

117 2845 228 2887 hanc
272 2845 412 2898 legem
457 2843 754 2886 existimarunt
790 2857 876 2885 non
915 2842 1155 2892 cessavisse,
1195 2839 1268 2881 sed
1306 2853 1401 2880 cum
1437 2836 1675 2891 Evangelio

118 2918 327 2971 perpetuo
380 2915 628 2958 servandam
679 2929 781 2966 esse,
834 2913 1060 2955 Cerinthus
1102 2926 1266 2965 nempe,
1309 2912 1418 2951 teste
1460 2908 1676 2962 Epiphan.

120 2987 294 3030 Haeres.
338 2988 401 3029 28.
446 2989 487 3029 et
530 2986 712 3040 August.
755 2985 930 3027 Haeres.
975 2985 1010 3025 8.
1053 2983 1111 3025 Et
1151 2982 1305 3034 Ebion,
1342 2983 1451 3023 teste
1487 2979 1676 3032 Irenaeo,
