1931 3224
286 153 350 195 Dr:
378 153 703 196 RESURRECTIONE
732 153 876 196 CARNIS
904 168 951 195 ET
974 153 1131 196 Jumcm
1159 167 1347 195 EXTREMO.
1523 153 1602 194 639

100 275 278 319 XXVII.
308 276 469 326 Quibus
497 278 577 321 rite
606 279 824 333 perpensis
853 278 1055 332 sequitur,
1085 278 1370 332 perniciosum
1399 291 1487 319 esse
1510 277 1606 318 1110-

47 363 142 390 111111
184 363 381 402 011010111,
425 351 497 403 qui
534 351 601 393 vel
640 351 741 393 olim
777 353 1000 404 negarunt,
1039 349 1104 392 vel
1141 350 1269 392 etiam
1305 349 1387 391 hoc
1415 350 1608 402 tempore

47 422 218 474 negant,
247 421 598 463 resurrectionem
628 422 857 464 eorundem
883 436 1059 463 numero
1086 435 1324 474 corporum,
1347 420 1499 473 quibus
1527 419 1610 461 hoc

48 491 188 533 seculo
217 491 431 542 vestimur,
461 508 588 545 quam
616 494 760 546 potius
792 495 1042 535 censuerunt
1070 495 1143 534 aut
1173 492 1406 534 etiamnum
1426 494 1609 544 censent,

47 562 139 605 fieri
176 563 326 605 debere
364 564 408 604 in
437 565 686 618 corporibus
715 566 846 608 aereis
874 566 940 607 vel
968 580 1062 607 aere
1092 565 1394 617 subtilioribus,
1424 580 1510 606 non
1537 579 1610 605 au-

47 636 134 676 tem
163 635 455 676 constantibus
485 650 608 678 carne
638 639 678 678 et
706 636 918 678 membris.
945 636 1080 686 Quem
1105 651 1289 678 errorem
1315 636 1490 690 Origeni
1507 636 1611 678 olim

47 706 289 748 tribuerunt
317 702 524 759 nonnulli,
555 709 630 749 etsi
662 708 735 749 alii
763 708 980 750 absolvere
1010 711 1051 750 et
1080 722 1264 761 purgare
1295 722 1389 749 eum
1419 707 1471 748 ab
1496 707 1611 748 omni

47 778 157 820 circa
189 780 540 821 resurrectionem
570 794 709 821 errore
739 780 880 822 conati
910 779 1006 821 sint.
1037 779 1247 832 Quicquid
1276 779 1342 830 sit,
1372 780 1416 819 in
1445 793 1494 819 eo
1524 778 1611 831 ple-

48 863 201 902 rosque
239 849 546 904 Anabaptistas
588 851 745 892 versari
781 850 864 892 hoc
899 853 1091 903 tempore
1130 853 1290 892 certum
1319 852 1393 901 est,
1424 851 1465 890 et
1493 848 1611 892 Soci-

47 935 149 962 num
188 935 283 962 cum
320 921 488 963 asseclis
528 936 683 974 negare
720 921 1072 963 resurrectionem
1110 920 1198 973 huj
1212 936 1268 962 us
1311 919 1500 972 carnis,
1539 921 1612 973 qui

48 995 276 1047 propterea
312 994 356 1034 in
389 993 563 1034 dubium
590 996 792 1035 revocant
821 993 948 1035 verba
972 993 1043 1034 illa
1072 992 1277 1047 Symboli,
1308 992 1463 1034 credo
1504 1006 1612 1033 car-

47 1065 130 1106 nis
167 1065 641 1116 resurrectionem,
673 1080 780 1117 quae
809 1065 953 1106 dicunt
977 1080 1062 1106 11011
1093 1079 1181 1106 0330
1208 1067 1354 1106 tantae
1383 1063 1614 1106 auctorita-

47 1137 116 1189 tis,
167 1139 215 1178 ut
258 1140 406 1179 contra-
447 1136 692 1190 Scripturae
734 1136 981 1178 testimonia
1022 1137 1127 1189 ipsis
1171 1136 1283 1178 credi
1327 1137 1488 1178 debeat.
1531 1134 1613 1177 Sed

49 1209 309 1250 ostendimus
347 1209 493 1251 eadem
529 1209 573 1250 in
611 1208 833 1262 Scriptura
861 1207 1083 1262 perspicue
1112 1208 1330 1249 contineri.
1361 1207 1440 1249 Est
1470 1209 1611 1248 autem

48 1280 187 1322 obiter
230 1280 477 1332 notandum,
521 1295 706 1322 errorem
747 1280 966 1333 irrepsisse
1008 1280 1052 1320 in
1094 1279 1278 1321 editione
1320 1279 1614 1332 Epistolarum

48 1350 211 1393 Calvini
237 1352 281 1392 in
309 1351 382 1394 fol.
412 1367 522 1394 anno
554 1353 667 1403 1576,
694 1367 792 1405 pag.
818 1352 880 1393 84.
905 1351 977 1393 ubi
1003 1350 1139 1405 Epist.
1164 1351 1271 1392 13130
1297 1349 1502 1402 inscripta
1525 1349 1613 1390 Fa-

46 1422 218 1464 rellus
249 1423 488 1474 Calvino,
518 1437 604 1465 non
634 1423 771 1464 30111111
800 1423 1006 1475 imposuit
1036 1420 1331 1471 Feuardentio,
1362 1420 1434 1472 qui
1464 1434 1512 1461 eo
1538 1434 1614 1461 110-

47 1493 160 1535 1111110
199 1493 421 1535 Calvinum
453 1494 694 1547 petulanter
730 1494 976 1544 insectatur,
1008 1493 1080 1534 sed
1110 1493 1238 1534 etiam
1269 1491 1327 1532 Ol.
1357 1492 1511 1533 Vossio
1542 1492 1614 1543 qui

46 1565 91 1605 in
128 1564 319 1606 thesibus
356 1566 442 1607 suis
480 1566 529 1607 de
565 1565 885 1616 resurrectione,
927 1563 1187 1606 existimavit
1223 1563 1464 1616 Epistolam
1497 1563 1615 1603 illam

50 1650 137 1677 esse
175 1635 342 1688 Farelli,
382 1635 602 1678 Calvinum
641 1651 767 1689 super
805 1651 852 1677 ea
890 1650 933 1677 re
967 1635 1242 1686 instituentiS,
1274 1649 1368 1676 cuni
1392 1633 1614 1675 manifeste

50 1707 105 1749 sit
136 1706 298 1749 Calvini
328 1708 381 1749 ad
410 1707 598 1749 Coelium
627 1707 840 1758 Socinum,
872 1707 945 1759 qui
973 1706 1094 1748 litem
1124 1721 1215 1748 03111
1240 1707 1441 1757 moverat,
1473 1706 1513 1746 et
1542 1705 1615 1757 qui

53 1793 101 1821 eo
130 1779 301 1821 nomine
332 1795 356 1820 a
386 1778 560 1821 Calvino
592 1778 833 1821 doctissime
862 1778 1081 1820 refellitur.

104 1849 306 1892 XXVIII.
349 1850 521 1892 Falsum
564 1853 626 1892 est
669 1851 782 1903 quod
825 1850 981 1901 dicunt,
1028 1849 1268 1902 Corpora
1310 1848 1439 1890 haec
1482 1862 1614 1900 quae

52 1921 508 1973 circumferimus,
560 1937 663 1964 non
719 1923 1111 1971 resurrectura,
1163 1920 1252 1961 sed
1305 1918 1412 1960 alia
1458 1918 1615 1959 nobis

53 1992 223 2035 danda
252 2008 382 2045 esse,
412 1993 472 2035 ab
503 1993 777 2046 Apostolo
807 2007 902 2034 nos
933 1991 1159 2033 edoceri.
1184 1989 1296 2032 Nam
1322 1989 1434 2042 quod
1458 1988 1616 2030 Paulus

54 2063 156 2105 dicit
193 2064 215 2105 1
255 2063 346 2106 Gor.
389 2065 451 2116 15,
480 2064 543 2106 50.
574 2063 752 2106 Carnem
781 2066 823 2105 et
853 2063 1102 2116 sanguinem
1130 2076 1212 2103 non
1244 2075 1492 2114 possessura
1520 2074 1615 2113 reg-

53 2150 155 2177 num
183 2135 276 2187 Dei,
305 2150 391 2178 non
420 2136 480 2177 ita
510 2135 646 2189 accipi
675 2135 811 2187 debet,
857 2134 977 2187 quasi
1007 2148 1188 2187 corpora
1216 2132 1467 2174 resuscitata
1492 2145 1615 2172 carne

54 2208 96 2248 013
124 2206 331 2260 sanguine
361 2207 446 2248 sint
474 2206 671 2258 caritura,
702 2205 813 2259 quia,
841 2208 889 2246 1113
918 2204 1112 2258 apposite
1142 2203 1300 2245 Tertul.
1330 2202 1419 2244 Lib.
1450 2203 1500 2244 de
1525 2217 1616 2243 car-

53 2278 118 2318 nis
145 2280 366 2320 resurrect.
398 2277 530 2320 Caro
561 2281 612 2320 et
641 2277 863 2330 sanguis
893 2276 1106 2318 nomine
1137 2275 1342 2327 culpae,
1371 2288 1476 2315 non
1501 2273 1616 2315 sub-

55 2349 296 2391 stantiae
324 2350 550 2401 nomine,
581 2351 838 2391 arcentur
866 2363 890 2389 3
919 2361 1084 2400 regno
1114 2345 1223 2387 Dei.
1253 2345 1310 2386 Et
1333 2345 1499 2387 ratione
1525 2359 1617 2386 cor-

54 2420 280 2473 ruptionis,
305 2435 390 2462 non
413 2421 579 2462 ratione
594 2422 782 2470 naturae,
801 2418 914 2471 quod
930 2433 979 2460 ex
995 2416 1268 2470 sequentibus
1284 2418 1415 2470 patet,
1431 2415 1473 2457 N
1486 2431 1506 2457 e
1519 2430 1545 2467 q
1556 2431 1583 2456 u
1595 2429 1616 2456 e

56 2491 340 2545 corruptio
370 2491 802 2544 incorruptelam
831 2488 1154 2543 possidebit.
1184 2487 1244 2529 At
1272 2501 1440 2529 carnem
1465 2488 1617 2528 013311-

56 2561 228 2616 guinem
271 2562 359 2604 sine
402 2562 673 2616 corruptione
716 2576 805 2603 esse
847 2574 983 2613 posse,
1021 2574 1070 2600 ex
1109 2573 1157 2600 eo
1199 2558 1357 2599 clarum
1394 2559 1467 2607 est,
1506 2557 1619 2610 quod

57 2632 235 2675 Sanctus
264 2633 345 2675 Dei
373 2634 446 2687 qui
474 2649 643 2675 carnem
672 2635 713 2675 et
738 2646 831 2674 ossa
856 2631 1007 2672 habuit
1032 2632 1131 2683 post
1154 2629 1517 2680 resurrectionem,
1532 2643 1618 2670 non

4 2708 6 2710 ’
55 2706 199 2746 tamen
236 2704 387 2746 habuit
423 2719 576 2758 corpus
605 2703 785 2746 mortale
814 2704 856 2744 et
885 2701 1173 2754 corruptibile,
1204 2701 1326 2753 quale
1355 2699 1437 2741 fuit
1464 2699 1620 2741 Adami

57 2778 155 2830 post
191 2776 369 2830 lapsum,
403 2778 444 2818 et
484 2776 607 2829 quale
644 2777 860 2828 gestamus
888 2773 931 2814 in
958 2773 1039 2814 hac
1067 2773 1166 2824 vita,
1197 2772 1269 2814 sed
1296 2771 1546 2824 immortale,
1578 2773 1619 2813 et

57 2845 393 2901 incorruptibile,
429 2848 515 2888 imo
552 2846 679 2888 etiam
709 2844 1005 2898 spirituale
1033 2859 1120 2886 non
1148 2858 1396 2885 conversum
1423 2843 1466 2884 in
1495 2842 1619 2896 spiri·
1668 2867 1670 2869 ·

57 2920 162 2971 tum,
191 2919 263 2960 sed
292 2919 345 2960 ad
373 2918 689 2959 distinctionem
718 2916 909 2970 corporis
938 2915 1133 2958 animalis
1158 2914 1272 2967 quod
1297 2914 1421 2956 debet
1445 2912 1619 2955 alimen-

60 2989 115 3031 tis
146 2989 395 3040 sustentari3
426 2988 646 3042 spirituale
675 3003 790 3041 ergo,
820 2988 921 3040 quia
948 2987 1063 3029 nullo
1095 2987 1132 3029 ei
1162 3001 1269 3039 opus
1298 2986 1377 3028 erit
1405 2985 1620 3036 alimento,
