<?xml version="1.0" encoding="UTF-8"?>
<!DOCTYPE html PUBLIC "-//W3C//DTD XHTML 1.0 Transitional//EN"
    "http://www.w3.org/TR/xhtml1/DTD/xhtml1-transitional.dtd">
<html xmlns="http://www.w3.org/1999/xhtml" xml:lang="en" lang="en">
 <head>
  <title>
</title>
<meta http-equiv="Content-Type" content="text/html;charset=utf-8" />
  <meta name='ocr-system' content='tesseract 3.04.00' />
  <meta name='ocr-capabilities' content='ocr_page ocr_carea ocr_par ocr_line ocrx_word'/>
</head>
<body>
  <div class='ocr_page' id='page_1' title='image "./synopsispurioris00poly_0640.png"; bbox 0 0 1931 3224; ppageno 0'>
   <div class='ocr_carea' id='block_1_1' title="bbox 279 131 1218 177">
    <p class='ocr_par' dir='ltr' id='par_1_1' title="bbox 279 131 1218 177">
     <span class='ocr_line' id='line_1_1' title="bbox 279 131 1218 177; baseline 0.005 -5"><span class='ocrx_word' id='word_1_1' title='bbox 279 131 358 172; x_wconf 83' lang='grc'><strong>620</strong></span> <span class='ocrx_word' id='word_1_2' title='bbox 901 133 1143 177; x_wconf 72' lang='lat' dir='ltr'>D1spnm10</span> <span class='ocrx_word' id='word_1_3' title='bbox 1173 135 1218 177; x_wconf 85' lang='lat' dir='ltr'>L.</span> 
     </span>
    </p>
   </div>
   <div class='ocr_carea' id='block_1_2' title="bbox 280 256 1846 2103">
    <p class='ocr_par' dir='ltr' id='par_1_2' title="bbox 281 256 1837 379">
     <span class='ocr_line' id='line_1_2' title="bbox 282 256 1837 314; baseline 0.007 -18"><span class='ocrx_word' id='word_1_4' title='bbox 282 270 333 297; x_wconf 81' lang='lat' dir='ltr'>ex</span> <span class='ocrx_word' id='word_1_5' title='bbox 371 256 660 298; x_wconf 69' lang='lat' dir='ltr'>consentiente</span> <span class='ocrx_word' id='word_1_6' title='bbox 699 256 840 299; x_wconf 89' lang='lat' dir='ltr'>officio</span> <span class='ocrx_word' id='word_1_7' title='bbox 881 258 935 299; x_wconf 85' lang='lat' dir='ltr'>sit</span> <span class='ocrx_word' id='word_1_8' title='bbox 972 258 1246 311; x_wconf 76' lang='lat' dir='ltr'>exhibendus,</span> <span class='ocrx_word' id='word_1_9' title='bbox 1286 260 1407 303; x_wconf 88' lang='lat' dir='ltr'>Rom.</span> <span class='ocrx_word' id='word_1_10' title='bbox 1448 262 1508 314; x_wconf 89' lang='lat'>13,</span> <span class='ocrx_word' id='word_1_11' title='bbox 1544 264 1581 304; x_wconf 87' lang='grc'>6.</span> <span class='ocrx_word' id='word_1_12' title='bbox 1610 264 1646 306; x_wconf 87' lang='grc'>7.</span> <span class='ocrx_word' id='word_1_13' title='bbox 1678 265 1699 306; x_wconf 92' lang='grc'><strong>1</strong></span> <span class='ocrx_word' id='word_1_14' title='bbox 1729 264 1837 307; x_wconf 86' lang='lat' dir='ltr'><strong>Tim.</strong></span> 
     </span>
     <span class='ocr_line' id='line_1_3' title="bbox 281 327 731 379; baseline 0.002 -11"><span class='ocrx_word' id='word_1_15' title='bbox 281 327 318 379; x_wconf 82' lang='lat'>5,</span> <span class='ocrx_word' id='word_1_16' title='bbox 350 327 411 368; x_wconf 84' lang='lat'>17.</span> <span class='ocrx_word' id='word_1_17' title='bbox 440 327 570 368; x_wconf 87' lang='lat' dir='ltr'>Hebr.</span> <span class='ocrx_word' id='word_1_18' title='bbox 603 328 663 378; x_wconf 83' lang='lat'>13,</span> <span class='ocrx_word' id='word_1_19' title='bbox 696 329 731 369; x_wconf 86' lang='lat'>7.</span> 
     </span>
    </p>

    <p class='ocr_par' dir='ltr' id='par_1_3' title="bbox 280 398 1841 667">
     <span class='ocr_line' id='line_1_4' title="bbox 333 398 1840 460; baseline 0.007 -21"><span class='ocrx_word' id='word_1_20' title='bbox 333 398 481 440; x_wconf 88' lang='lat' dir='ltr'>XLVI.</span> <span class='ocrx_word' id='word_1_21' title='bbox 524 398 717 453; x_wconf 86' lang='lat' dir='ltr'>Utraque</span> <span class='ocrx_word' id='word_1_22' title='bbox 759 400 1072 444; x_wconf 70' lang='lat' dir='ltr'>administratio</span> <span class='ocrx_word' id='word_1_23' title='bbox 1113 403 1199 444; x_wconf 85' lang='lat' dir='ltr'>suis</span> <span class='ocrx_word' id='word_1_24' title='bbox 1245 418 1267 445; x_wconf 91' lang='lat' dir='ltr'>e</span> <span class='ocrx_word' id='word_1_25' title='bbox 1310 406 1523 447; x_wconf 88' lang='lat' dir='ltr'>contrario</span> <span class='ocrx_word' id='word_1_26' title='bbox 1563 406 1840 460; x_wconf 84' lang='lat' dir='ltr'>distinguitur</span> 
     </span>
     <span class='ocr_line' id='line_1_5' title="bbox 282 470 1840 530; baseline 0.006 -20"><span class='ocrx_word' id='word_1_27' title='bbox 282 470 541 523; x_wconf 84' lang='lat' dir='ltr'>differentiis,</span> <span class='ocrx_word' id='word_1_28' title='bbox 572 474 664 512; x_wconf 92' lang='lat' dir='ltr'>tum</span> <span class='ocrx_word' id='word_1_29' title='bbox 695 473 835 524; x_wconf 87' lang='lat' dir='ltr'>quoad</span> <span class='ocrx_word' id='word_1_30' title='bbox 858 473 977 514; x_wconf 84' lang='lat' dir='ltr'>verbi</span> <span class='ocrx_word' id='word_1_31' title='bbox 1001 472 1081 515; x_wconf 91' lang='lat' dir='ltr'>Dei</span> <span class='ocrx_word' id='word_1_32' title='bbox 1106 489 1153 515; x_wconf 91' lang='lat' dir='ltr'>ac</span> <span class='ocrx_word' id='word_1_33' title='bbox 1179 474 1428 529; x_wconf 89' lang='lat' dir='ltr'>disciplinae</span> <span class='ocrx_word' id='word_1_34' title='bbox 1453 477 1689 519; x_wconf 82' lang='lat' dir='ltr'>custodiam</span> <span class='ocrx_word' id='word_1_35' title='bbox 1713 478 1840 530; x_wconf 75' lang='lat' dir='ltr'>(quae</span> 
     </span>
     <span class='ocr_line' id='line_1_6' title="bbox 281 542 1841 600; baseline 0.005 -18"><span class='ocrx_word' id='word_1_36' title='bbox 281 544 379 583; x_wconf 88' lang='lat' dir='ltr'>sunt</span> <span class='ocrx_word' id='word_1_37' title='bbox 419 542 525 584; x_wconf 91' lang='lat' dir='ltr'>duae</span> <span class='ocrx_word' id='word_1_38' title='bbox 561 546 703 597; x_wconf 89' lang='lat' dir='ltr'>partes</span> <span class='ocrx_word' id='word_1_39' title='bbox 739 543 847 596; x_wconf 86' lang='lat' dir='ltr'>juris</span> <span class='ocrx_word' id='word_1_40' title='bbox 885 545 1035 598; x_wconf 85' lang='lat' dir='ltr'>divini)</span> <span class='ocrx_word' id='word_1_41' title='bbox 1074 549 1166 588; x_wconf 90' lang='lat' dir='ltr'>tum</span> <span class='ocrx_word' id='word_1_42' title='bbox 1205 547 1344 599; x_wconf 89' lang='lat' dir='ltr'>quoad</span> <span class='ocrx_word' id='word_1_43' title='bbox 1372 548 1637 600; x_wconf 83' lang='lat' dir='ltr'>inaequalem</span> <span class='ocrx_word' id='word_1_44' title='bbox 1665 549 1841 592; x_wconf 88' lang='lat' dir='ltr'>honoris</span> 
     </span>
     <span class='ocr_line' id='line_1_7' title="bbox 280 612 927 667; baseline 0.008 -14"><span class='ocrx_word' id='word_1_45' title='bbox 280 612 383 667; x_wconf 87' lang='lat' dir='ltr'>ipsis</span> <span class='ocrx_word' id='word_1_46' title='bbox 413 613 546 655; x_wconf 85' lang='lat' dir='ltr'>debiti</span> <span class='ocrx_word' id='word_1_47' title='bbox 574 616 927 658; x_wconf 82' lang='lat' dir='ltr'>communionem.</span> 
     </span>
    </p>

    <p class='ocr_par' dir='ltr' id='par_1_4' title="bbox 280 683 1840 813">
     <span class='ocr_line' id='line_1_8' title="bbox 332 683 1840 743; baseline 0.006 -18"><span class='ocrx_word' id='word_1_48' title='bbox 332 683 383 725; x_wconf 90' lang='lat' dir='ltr'>In</span> <span class='ocrx_word' id='word_1_49' title='bbox 419 685 537 727; x_wconf 86' lang='lat' dir='ltr'>verbi</span> <span class='ocrx_word' id='word_1_50' title='bbox 578 686 710 728; x_wconf 85' lang='lat' dir='ltr'>divini</span> <span class='ocrx_word' id='word_1_51' title='bbox 739 688 931 730; x_wconf 88' lang='lat' dir='ltr'>custodia</span> <span class='ocrx_word' id='word_1_52' title='bbox 960 691 1152 742; x_wconf 88' lang='lat' dir='ltr'>potestas</span> <span class='ocrx_word' id='word_1_53' title='bbox 1181 690 1359 743; x_wconf 84' lang='lat' dir='ltr'>politica</span> <span class='ocrx_word' id='word_1_54' title='bbox 1389 706 1412 732; x_wconf 88' lang='lat' dir='ltr'>a</span> <span class='ocrx_word' id='word_1_55' title='bbox 1440 690 1677 733; x_wconf 85' lang='lat' dir='ltr'>ministerio</span> <span class='ocrx_word' id='word_1_56' title='bbox 1707 692 1840 734; x_wconf 88' lang='lat' dir='ltr'>eccle-</span> 
     </span>
     <span class='ocr_line' id='line_1_9' title="bbox 280 756 1186 813; baseline 0.007 -17"><span class='ocrx_word' id='word_1_57' title='bbox 280 756 451 797; x_wconf 87' lang='lat' dir='ltr'>siastico</span> <span class='ocrx_word' id='word_1_58' title='bbox 480 757 504 797; x_wconf 85' lang='grc'>6</span> <span class='ocrx_word' id='word_1_59' title='bbox 535 757 785 800; x_wconf 84' lang='lat' dir='ltr'>differentiis</span> <span class='ocrx_word' id='word_1_60' title='bbox 814 759 1021 813; x_wconf 77' lang='lat' dir='ltr'>distingui</span> <span class='ocrx_word' id='word_1_61' title='bbox 1050 760 1186 802; x_wconf 88' lang='lat' dir='ltr'>debet.</span> 
     </span>
    </p>

    <p class='ocr_par' dir='ltr' id='par_1_5' title="bbox 281 826 1842 1169">
     <span class='ocr_line' id='line_1_10' title="bbox 334 826 1842 889; baseline 0.007 -21"><span class='ocrx_word' id='word_1_62' title='bbox 334 826 479 869; x_wconf 90' lang='lat' dir='ltr'>Prima</span> <span class='ocrx_word' id='word_1_63' title='bbox 517 830 592 880; x_wconf 87' lang='lat' dir='ltr'>est,</span> <span class='ocrx_word' id='word_1_64' title='bbox 628 830 742 882; x_wconf 87' lang='lat' dir='ltr'>quod</span> <span class='ocrx_word' id='word_1_65' title='bbox 778 830 823 871; x_wconf 93' lang='lat' dir='ltr'>in</span> <span class='ocrx_word' id='word_1_66' title='bbox 860 831 979 872; x_wconf 84' lang='lat' dir='ltr'>verbi</span> <span class='ocrx_word' id='word_1_67' title='bbox 1016 831 1147 873; x_wconf 88' lang='lat' dir='ltr'>divini</span> <span class='ocrx_word' id='word_1_68' title='bbox 1184 833 1450 886; x_wconf 84' lang='lat' dir='ltr'>expositione</span> <span class='ocrx_word' id='word_1_69' title='bbox 1487 834 1687 877; x_wconf 89' lang='lat' dir='ltr'>Pastores</span> <span class='ocrx_word' id='word_1_70' title='bbox 1724 836 1842 889; x_wconf 89' lang='lat' dir='ltr'>loqui</span> 
     </span>
     <span class='ocr_line' id='line_1_11' title="bbox 282 899 1842 960; baseline 0.005 -19"><span class='ocrx_word' id='word_1_71' title='bbox 282 899 474 952; x_wconf 87' lang='lat' dir='ltr'>debeant,</span> <span class='ocrx_word' id='word_1_72' title='bbox 504 902 545 942; x_wconf 84' lang='lat' dir='ltr'>et</span> <span class='ocrx_word' id='word_1_73' title='bbox 573 900 868 954; x_wconf 83' lang='lat' dir='ltr'>interpretari:</span> <span class='ocrx_word' id='word_1_74' title='bbox 899 902 1178 956; x_wconf 80' lang='lat' dir='ltr'>Magistratus</span> <span class='ocrx_word' id='word_1_75' title='bbox 1204 907 1346 946; x_wconf 84' lang='lat' dir='ltr'>autem</span> <span class='ocrx_word' id='word_1_76' title='bbox 1370 906 1516 948; x_wconf 90' lang='lat' dir='ltr'>audire</span> <span class='ocrx_word' id='word_1_77' title='bbox 1541 908 1582 948; x_wconf 90' lang='lat' dir='ltr'>et</span> <span class='ocrx_word' id='word_1_78' title='bbox 1606 906 1842 960; x_wconf 85' lang='lat' dir='ltr'>informari,</span> 
     </span>
     <span class='ocr_line' id='line_1_12' title="bbox 281 971 1841 1029; baseline 0.003 -16"><span class='ocrx_word' id='word_1_79' title='bbox 281 971 427 1013; x_wconf 89' lang='lat' dir='ltr'>eadem</span> <span class='ocrx_word' id='word_1_80' title='bbox 467 972 633 1014; x_wconf 87' lang='lat' dir='ltr'>ratione</span> <span class='ocrx_word' id='word_1_81' title='bbox 677 988 759 1025; x_wconf 91' lang='lat' dir='ltr'>qua</span> <span class='ocrx_word' id='word_1_82' title='bbox 803 973 1021 1016; x_wconf 82' lang='lat' dir='ltr'>Cornelius</span> <span class='ocrx_word' id='word_1_83' title='bbox 1064 974 1264 1017; x_wconf 84' lang='lat' dir='ltr'>Centurio</span> <span class='ocrx_word' id='word_1_84' title='bbox 1308 978 1349 1017; x_wconf 90' lang='lat' dir='ltr'>et</span> <span class='ocrx_word' id='word_1_85' title='bbox 1387 975 1558 1029; x_wconf 80' lang='lat' dir='ltr'>Sergius</span> <span class='ocrx_word' id='word_1_86' title='bbox 1597 976 1841 1029; x_wconf 89' lang='lat' dir='ltr'>Proconsul,</span> 
     </span>
     <span class='ocr_line' id='line_1_13' title="bbox 282 1043 1841 1100; baseline 0.004 -17"><span class='ocrx_word' id='word_1_87' title='bbox 282 1057 463 1095; x_wconf 86' lang='lat' dir='ltr'>quorum</span> <span class='ocrx_word' id='word_1_88' title='bbox 490 1043 561 1084; x_wconf 88' lang='lat' dir='ltr'>ille</span> <span class='ocrx_word' id='word_1_89' title='bbox 589 1059 613 1085; x_wconf 89' lang='lat' dir='ltr'>a</span> <span class='ocrx_word' id='word_1_90' title='bbox 641 1043 785 1096; x_wconf 90' lang='lat' dir='ltr'>Petro,</span> <span class='ocrx_word' id='word_1_91' title='bbox 812 1044 883 1087; x_wconf 87' lang='lat' dir='ltr'>hic</span> <span class='ocrx_word' id='word_1_92' title='bbox 911 1061 935 1087; x_wconf 87' lang='lat' dir='ltr'>a</span> <span class='ocrx_word' id='word_1_93' title='bbox 964 1045 1097 1088; x_wconf 87' lang='lat' dir='ltr'>Paulo</span> <span class='ocrx_word' id='word_1_94' title='bbox 1124 1046 1208 1088; x_wconf 87' lang='lat' dir='ltr'>fuit</span> <span class='ocrx_word' id='word_1_95' title='bbox 1237 1047 1422 1099; x_wconf 85' lang='lat' dir='ltr'>edoctus,</span> <span class='ocrx_word' id='word_1_96' title='bbox 1451 1046 1574 1089; x_wconf 89' lang='lat' dir='ltr'>Matt.</span> <span class='ocrx_word' id='word_1_97' title='bbox 1600 1047 1663 1100; x_wconf 81' lang='lat'>28,</span> <span class='ocrx_word' id='word_1_98' title='bbox 1691 1049 1753 1090; x_wconf 83' lang='lat'>19.</span> <span class='ocrx_word' id='word_1_99' title='bbox 1779 1049 1841 1090; x_wconf 97' lang='lat'>20.</span> 
     </span>
     <span class='ocr_line' id='line_1_14' title="bbox 282 1113 1109 1169; baseline 0.005 -14"><span class='ocrx_word' id='word_1_100' title='bbox 282 1113 351 1155; x_wconf 82' lang='lat' dir='ltr'>Ps.</span> <span class='ocrx_word' id='word_1_101' title='bbox 381 1115 419 1166; x_wconf 90' lang='lat'>2,</span> <span class='ocrx_word' id='word_1_102' title='bbox 449 1115 511 1156; x_wconf 90' lang='lat'>10.</span> <span class='ocrx_word' id='word_1_103' title='bbox 539 1114 636 1157; x_wconf 88' lang='lat' dir='ltr'>Act.</span> <span class='ocrx_word' id='word_1_104' title='bbox 667 1116 729 1168; x_wconf 88' lang='lat'>10,</span> <span class='ocrx_word' id='word_1_105' title='bbox 759 1116 822 1158; x_wconf 90' lang='lat'>32.</span> <span class='ocrx_word' id='word_1_106' title='bbox 851 1116 947 1158; x_wconf 88' lang='lat' dir='ltr'>Act.</span> <span class='ocrx_word' id='word_1_107' title='bbox 980 1118 1041 1169; x_wconf 87' lang='lat'>13,</span> <span class='ocrx_word' id='word_1_108' title='bbox 1072 1118 1109 1159; x_wconf 83' lang='lat'>7.</span> 
     </span>
    </p>

    <p class='ocr_par' dir='ltr' id='par_1_6' title="bbox 281 1185 1844 1599">
     <span class='ocr_line' id='line_1_15' title="bbox 335 1185 1844 1240; baseline 0.004 -13"><span class='ocrx_word' id='word_1_109' title='bbox 335 1185 527 1228; x_wconf 83' lang='lat' dir='ltr'>Secunda</span> <span class='ocrx_word' id='word_1_110' title='bbox 569 1190 643 1240; x_wconf 89' lang='lat' dir='ltr'>est,</span> <span class='ocrx_word' id='word_1_111' title='bbox 679 1188 793 1240; x_wconf 87' lang='lat' dir='ltr'>quod</span> <span class='ocrx_word' id='word_1_112' title='bbox 828 1188 872 1230; x_wconf 90' lang='lat' dir='ltr'>in</span> <span class='ocrx_word' id='word_1_113' title='bbox 910 1188 1138 1231; x_wconf 88' lang='lat' dir='ltr'>Ministerii</span> <span class='ocrx_word' id='word_1_114' title='bbox 1176 1190 1241 1231; x_wconf 91' lang='lat' dir='ltr'>sui</span> <span class='ocrx_word' id='word_1_115' title='bbox 1279 1191 1525 1233; x_wconf 86' lang='lat' dir='ltr'>executione</span> <span class='ocrx_word' id='word_1_116' title='bbox 1565 1191 1765 1234; x_wconf 86' lang='lat' dir='ltr'>Pastores</span> <span class='ocrx_word' id='word_1_117' title='bbox 1802 1194 1844 1235; x_wconf 88' lang='lat' dir='ltr'>et</span> 
     </span>
     <span class='ocr_line' id='line_1_16' title="bbox 281 1258 1844 1317; baseline 0.004 -18"><span class='ocrx_word' id='word_1_118' title='bbox 281 1258 535 1311; x_wconf 82' lang='lat' dir='ltr'>presbyteri,</span> <span class='ocrx_word' id='word_1_119' title='bbox 587 1260 858 1312; x_wconf 87' lang='lat' dir='ltr'>potissimum</span> <span class='ocrx_word' id='word_1_120' title='bbox 912 1275 960 1302; x_wconf 85' lang='lat' dir='ltr'>ac</span> <span class='ocrx_word' id='word_1_121' title='bbox 1001 1261 1174 1316; x_wconf 86' lang='lat' dir='ltr'>proprie</span> <span class='ocrx_word' id='word_1_122' title='bbox 1214 1261 1410 1304; x_wconf 85' lang='lat' dir='ltr'>interiori</span> <span class='ocrx_word' id='word_1_123' title='bbox 1452 1262 1616 1304; x_wconf 89' lang='lat' dir='ltr'>homini</span> <span class='ocrx_word' id='word_1_124' title='bbox 1657 1263 1844 1317; x_wconf 85' lang='lat' dir='ltr'>praemia</span> 
     </span>
     <span class='ocr_line' id='line_1_17' title="bbox 282 1331 1843 1388; baseline 0.003 -15"><span class='ocrx_word' id='word_1_125' title='bbox 282 1346 331 1372; x_wconf 88' lang='lat' dir='ltr'>ac</span> <span class='ocrx_word' id='word_1_126' title='bbox 371 1345 529 1385; x_wconf 88' lang='lat' dir='ltr'>poenas</span> <span class='ocrx_word' id='word_1_127' title='bbox 571 1332 814 1385; x_wconf 87' lang='lat' dir='ltr'>spirituales</span> <span class='ocrx_word' id='word_1_128' title='bbox 856 1331 1015 1374; x_wconf 81' lang='lat' dir='ltr'>Christi</span> <span class='ocrx_word' id='word_1_129' title='bbox 1052 1333 1223 1375; x_wconf 90' lang='lat' dir='ltr'>nomine</span> <span class='ocrx_word' id='word_1_130' title='bbox 1260 1333 1535 1376; x_wconf 87' lang='lat' dir='ltr'>denuncient:</span> <span class='ocrx_word' id='word_1_131' title='bbox 1563 1334 1843 1388; x_wconf 81' lang='lat' dir='ltr'>Magistratus</span> 
     </span>
     <span class='ocr_line' id='line_1_18' title="bbox 281 1404 1843 1459; baseline 0.003 -14"><span class='ocrx_word' id='word_1_132' title='bbox 281 1418 381 1446; x_wconf 87' lang='lat' dir='ltr'>vero</span> <span class='ocrx_word' id='word_1_133' title='bbox 425 1404 677 1446; x_wconf 80' lang='lat' dir='ltr'>exteriorem</span> <span class='ocrx_word' id='word_1_134' title='bbox 718 1404 934 1446; x_wconf 86' lang='lat' dir='ltr'>hominem</span> <span class='ocrx_word' id='word_1_135' title='bbox 977 1404 1269 1457; x_wconf 82' lang='lat' dir='ltr'>corporalibus</span> <span class='ocrx_word' id='word_1_136' title='bbox 1310 1405 1433 1446; x_wconf 91' lang='lat' dir='ltr'>bonis</span> <span class='ocrx_word' id='word_1_137' title='bbox 1475 1408 1548 1447; x_wconf 90' lang='lat' dir='ltr'>aut</span> <span class='ocrx_word' id='word_1_138' title='bbox 1590 1407 1739 1459; x_wconf 90' lang='lat' dir='ltr'>poenis</span> <span class='ocrx_word' id='word_1_139' title='bbox 1782 1408 1843 1448; x_wconf 83' lang='lat' dir='ltr'>af-</span> 
     </span>
     <span class='ocr_line' id='line_1_19' title="bbox 281 1475 1842 1529; baseline 0.002 -13"><span class='ocrx_word' id='word_1_140' title='bbox 281 1476 438 1527; x_wconf 91' lang='lat' dir='ltr'>ficiant,</span> <span class='ocrx_word' id='word_1_141' title='bbox 477 1475 601 1517; x_wconf 89' lang='lat' dir='ltr'>Matt.</span> <span class='ocrx_word' id='word_1_142' title='bbox 639 1476 701 1527; x_wconf 79' lang='lat'>18,</span> <span class='ocrx_word' id='word_1_143' title='bbox 742 1476 803 1517; x_wconf 85' lang='lat'>17.</span> <span class='ocrx_word' id='word_1_144' title='bbox 843 1476 905 1517; x_wconf 78' lang='lat'>18.</span> <span class='ocrx_word' id='word_1_145' title='bbox 943 1475 1042 1517; x_wconf 83' lang='lat' dir='ltr'>Joh.</span> <span class='ocrx_word' id='word_1_146' title='bbox 1083 1476 1145 1527; x_wconf 90' lang='lat'>20,</span> <span class='ocrx_word' id='word_1_147' title='bbox 1183 1476 1246 1518; x_wconf 88' lang='lat'>22.</span> <span class='ocrx_word' id='word_1_148' title='bbox 1276 1476 1339 1518; x_wconf 89' lang='lat'>23.</span> <span class='ocrx_word' id='word_1_149' title='bbox 1369 1477 1390 1517; x_wconf 89' lang='lat'>1</span> <span class='ocrx_word' id='word_1_150' title='bbox 1424 1476 1531 1518; x_wconf 87' lang='lat' dir='ltr'>Tim.</span> <span class='ocrx_word' id='word_1_151' title='bbox 1562 1477 1598 1529; x_wconf 93' lang='lat'>1,</span> <span class='ocrx_word' id='word_1_152' title='bbox 1627 1479 1691 1519; x_wconf 93' lang='lat'>20.</span> <span class='ocrx_word' id='word_1_153' title='bbox 1720 1477 1842 1519; x_wconf 86' lang='lat' dir='ltr'>Rom.</span> 
     </span>
     <span class='ocr_line' id='line_1_20' title="bbox 282 1547 477 1599; baseline 0 -11"><span class='ocrx_word' id='word_1_154' title='bbox 282 1547 343 1599; x_wconf 84' lang='lat'>13,</span> <span class='ocrx_word' id='word_1_155' title='bbox 374 1548 410 1588; x_wconf 87' lang='lat'>3.</span> <span class='ocrx_word' id='word_1_156' title='bbox 440 1548 477 1588; x_wconf 81' lang='lat'>4.</span> 
     </span>
    </p>

    <p class='ocr_par' dir='ltr' id='par_1_7' title="bbox 280 1617 1846 2103">
     <span class='ocr_line' id='line_1_21' title="bbox 334 1617 1843 1674; baseline 0.003 -15"><span class='ocrx_word' id='word_1_157' title='bbox 334 1617 492 1670; x_wconf 85' lang='lat' dir='ltr'>Tertia,</span> <span class='ocrx_word' id='word_1_158' title='bbox 531 1618 644 1671; x_wconf 90' lang='lat' dir='ltr'>quod</span> <span class='ocrx_word' id='word_1_159' title='bbox 681 1618 799 1660; x_wconf 85' lang='lat' dir='ltr'>verbi</span> <span class='ocrx_word' id='word_1_160' title='bbox 828 1618 1067 1660; x_wconf 85' lang='lat' dir='ltr'>administri</span> <span class='ocrx_word' id='word_1_161' title='bbox 1094 1619 1252 1660; x_wconf 91' lang='lat' dir='ltr'>nudam</span> <span class='ocrx_word' id='word_1_162' title='bbox 1280 1619 1386 1673; x_wconf 90' lang='lat' dir='ltr'>legis</span> <span class='ocrx_word' id='word_1_163' title='bbox 1417 1620 1628 1662; x_wconf 85' lang='lat' dir='ltr'>actionem</span> <span class='ocrx_word' id='word_1_164' title='bbox 1659 1623 1701 1663; x_wconf 92' lang='lat' dir='ltr'>et</span> <span class='ocrx_word' id='word_1_165' title='bbox 1728 1621 1843 1674; x_wconf 89' lang='lat' dir='ltr'>ipso-</span> 
     </span>
     <span class='ocr_line' id='line_1_22' title="bbox 280 1690 1844 1744; baseline 0.002 -13"><span class='ocrx_word' id='word_1_166' title='bbox 280 1705 374 1731; x_wconf 85' lang='lat' dir='ltr'>rum</span> <span class='ocrx_word' id='word_1_167' title='bbox 415 1692 585 1731; x_wconf 88' lang='lat' dir='ltr'>tantum</span> <span class='ocrx_word' id='word_1_168' title='bbox 627 1690 914 1743; x_wconf 88' lang='lat' dir='ltr'>praemiorum</span> <span class='ocrx_word' id='word_1_169' title='bbox 960 1705 1008 1731; x_wconf 90' lang='lat' dir='ltr'>ac</span> <span class='ocrx_word' id='word_1_170' title='bbox 1050 1704 1298 1743; x_wconf 87' lang='lat' dir='ltr'>poenarum,</span> <span class='ocrx_word' id='word_1_171' title='bbox 1339 1705 1447 1744; x_wconf 86' lang='lat' dir='ltr'>quae</span> <span class='ocrx_word' id='word_1_172' title='bbox 1484 1691 1614 1733; x_wconf 82' lang='lat' dir='ltr'>verbo</span> <span class='ocrx_word' id='word_1_173' title='bbox 1653 1691 1733 1734; x_wconf 90' lang='lat' dir='ltr'>Dei</span> <span class='ocrx_word' id='word_1_174' title='bbox 1773 1707 1844 1734; x_wconf 86' lang='lat' dir='ltr'>ex-</span> 
     </span>
     <span class='ocr_line' id='line_1_23' title="bbox 280 1761 1846 1816; baseline 0.001 -14"><span class='ocrx_word' id='word_1_175' title='bbox 280 1776 426 1814; x_wconf 89' lang='lat' dir='ltr'>presso</span> <span class='ocrx_word' id='word_1_176' title='bbox 467 1761 752 1812; x_wconf 89' lang='lat' dir='ltr'>continentur,</span> <span class='ocrx_word' id='word_1_177' title='bbox 791 1761 1096 1813; x_wconf 79' lang='lat' dir='ltr'>executionem,</span> <span class='ocrx_word' id='word_1_178' title='bbox 1134 1763 1325 1814; x_wconf 86' lang='lat' dir='ltr'>potestas</span> <span class='ocrx_word' id='word_1_179' title='bbox 1363 1776 1463 1804; x_wconf 86' lang='lat' dir='ltr'>vero</span> <span class='ocrx_word' id='word_1_180' title='bbox 1501 1762 1635 1804; x_wconf 88' lang='lat' dir='ltr'>civilis</span> <span class='ocrx_word' id='word_1_181' title='bbox 1663 1763 1846 1816; x_wconf 89' lang='lat' dir='ltr'>praemi-</span> 
     </span>
     <span class='ocr_line' id='line_1_24' title="bbox 283 1833 1846 1887; baseline 0.002 -14"><span class='ocrx_word' id='word_1_182' title='bbox 283 1847 404 1874; x_wconf 89' lang='lat' dir='ltr'>orum</span> <span class='ocrx_word' id='word_1_183' title='bbox 443 1847 492 1874; x_wconf 88' lang='lat' dir='ltr'>ac</span> <span class='ocrx_word' id='word_1_184' title='bbox 531 1847 766 1886; x_wconf 91' lang='lat' dir='ltr'>poenarum</span> <span class='ocrx_word' id='word_1_185' title='bbox 804 1833 1101 1886; x_wconf 87' lang='lat' dir='ltr'>corporalium,</span> <span class='ocrx_word' id='word_1_186' title='bbox 1131 1848 1209 1887; x_wconf 89' lang='lat' dir='ltr'>pro</span> <span class='ocrx_word' id='word_1_187' title='bbox 1242 1833 1656 1875; x_wconf 86' lang='lat' dir='ltr'>circumstantiarum</span> <span class='ocrx_word' id='word_1_188' title='bbox 1683 1834 1727 1876; x_wconf 93' lang='lat' dir='ltr'>in</span> <span class='ocrx_word' id='word_1_189' title='bbox 1757 1836 1846 1887; x_wconf 88' lang='lat' dir='ltr'>ejus</span> 
     </span>
     <span class='ocr_line' id='line_1_25' title="bbox 281 1904 1845 1958; baseline 0.001 -12"><span class='ocrx_word' id='word_1_190' title='bbox 281 1906 404 1958; x_wconf 79' lang='lat' dir='ltr'>praxi</span> <span class='ocrx_word' id='word_1_191' title='bbox 441 1905 754 1947; x_wconf 89' lang='lat' dir='ltr'>occurrentium</span> <span class='ocrx_word' id='word_1_192' title='bbox 783 1904 1002 1957; x_wconf 82' lang='lat' dir='ltr'>varietate,</span> <span class='ocrx_word' id='word_1_193' title='bbox 1032 1905 1302 1946; x_wconf 87' lang='lat' dir='ltr'>arbitrariam</span> <span class='ocrx_word' id='word_1_194' title='bbox 1333 1905 1595 1947; x_wconf 88' lang='lat' dir='ltr'>sanctionem</span> <span class='ocrx_word' id='word_1_195' title='bbox 1625 1908 1667 1948; x_wconf 89' lang='lat' dir='ltr'>et</span> <span class='ocrx_word' id='word_1_196' title='bbox 1696 1921 1845 1949; x_wconf 83' lang='lat' dir='ltr'>execu-</span> 
     </span>
     <span class='ocr_line' id='line_1_26' title="bbox 281 1968 1844 2031; baseline 0.001 -13"><span class='ocrx_word' id='word_1_197' title='bbox 281 1976 442 2018; x_wconf 88' lang='lat' dir='ltr'>tionem</span> <span class='ocrx_word' id='word_1_198' title='bbox 471 1977 649 2018; x_wconf 87' lang='lat' dir='ltr'>habeat:</span> <span class='ocrx_word' id='word_1_199' title='bbox 682 1977 741 2018; x_wconf 87' lang='lat' dir='ltr'>sic</span> <span class='ocrx_word' id='word_1_200' title='bbox 768 1968 924 2029; x_wconf 84' lang='lat' dir='ltr'>tamen,</span> <span class='ocrx_word' id='word_1_201' title='bbox 954 1979 1002 2018; x_wconf 91' lang='lat' dir='ltr'>ut</span> <span class='ocrx_word' id='word_1_202' title='bbox 1032 1976 1193 2018; x_wconf 86' lang='lat' dir='ltr'>sanctio</span> <span class='ocrx_word' id='word_1_203' title='bbox 1224 1976 1336 2018; x_wconf 87' lang='lat' dir='ltr'>illius</span> <span class='ocrx_word' id='word_1_204' title='bbox 1365 1977 1420 2018; x_wconf 89' lang='lat' dir='ltr'>sit</span> <span class='ocrx_word' id='word_1_205' title='bbox 1449 1977 1689 2030; x_wconf 75' lang='lat' dir='ltr'>potestatiS,</span> <span class='ocrx_word' id='word_1_206' title='bbox 1715 1992 1844 2031; x_wconf 89' lang='lat' dir='ltr'>penes</span> 
     </span>
     <span class='ocr_line' id='line_1_27' title="bbox 283 2047 1846 2103; baseline 0.001 -13"><span class='ocrx_word' id='word_1_207' title='bbox 283 2063 409 2102; x_wconf 92' lang='lat' dir='ltr'>quem</span> <span class='ocrx_word' id='word_1_208' title='bbox 443 2051 506 2090; x_wconf 87' lang='lat' dir='ltr'>est</span> <span class='ocrx_word' id='word_1_209' title='bbox 544 2062 708 2090; x_wconf 86' lang='lat' dir='ltr'>summa</span> <span class='ocrx_word' id='word_1_210' title='bbox 746 2063 888 2090; x_wconf 89' lang='lat' dir='ltr'>rerum</span> <span class='ocrx_word' id='word_1_211' title='bbox 927 2048 1134 2100; x_wconf 84' lang='lat' dir='ltr'>executio,</span> <span class='ocrx_word' id='word_1_212' title='bbox 1172 2047 1215 2090; x_wconf 90' lang='lat' dir='ltr'>id</span> <span class='ocrx_word' id='word_1_213' title='bbox 1244 2051 1319 2100; x_wconf 85' lang='lat' dir='ltr'>est,</span> <span class='ocrx_word' id='word_1_214' title='bbox 1349 2049 1577 2102; x_wconf 85' lang='lat' dir='ltr'>potestatis</span> <span class='ocrx_word' id='word_1_215' title='bbox 1603 2049 1747 2103; x_wconf 81' lang='lat' dir='ltr'>Regis,</span> <span class='ocrx_word' id='word_1_216' title='bbox 1778 2050 1846 2092; x_wconf 87' lang='lat' dir='ltr'>vel</span> 
     </span>
    </p>
   </div>
   <div class='ocr_carea' id='block_1_3' title="bbox 281 2119 1884 2173">
    <p class='ocr_par' dir='ltr' id='par_1_8' title="bbox 281 2119 1884 2173">
     <span class='ocr_line' id='line_1_28' title="bbox 281 2119 1884 2173; baseline 0.001 -12"><span class='ocrx_word' id='word_1_217' title='bbox 281 2119 494 2173; x_wconf 89' lang='lat' dir='ltr'>Principis</span> <span class='ocrx_word' id='word_1_218' title='bbox 532 2120 575 2161; x_wconf 90' lang='lat' dir='ltr'>in</span> <span class='ocrx_word' id='word_1_219' title='bbox 613 2119 876 2171; x_wconf 88' lang='lat' dir='ltr'>Monarchia,</span> <span class='ocrx_word' id='word_1_220' title='bbox 916 2122 957 2161; x_wconf 92' lang='lat' dir='ltr'>et</span> <span class='ocrx_word' id='word_1_221' title='bbox 996 2120 1264 2173; x_wconf 88' lang='lat' dir='ltr'>Optimatum</span> <span class='ocrx_word' id='word_1_222' title='bbox 1302 2120 1346 2161; x_wconf 92' lang='lat' dir='ltr'>in</span> <span class='ocrx_word' id='word_1_223' title='bbox 1383 2120 1679 2173; x_wconf 88' lang='lat' dir='ltr'>Aristocratia,</span> <span class='ocrx_word' id='word_1_224' title='bbox 1719 2121 1844 2163; x_wconf 88' lang='lat' dir='ltr'>Deut.</span> <span class='ocrx_word' id='word_1_225' title='bbox 1882 2154 1884 2156; x_wconf 28' lang='grc' dir='ltr'>ψ</span> 
     </span>
    </p>
   </div>
   <div class='ocr_carea' id='block_1_4' title="bbox 280 2191 1843 2316">
    <p class='ocr_par' dir='ltr' id='par_1_9' title="bbox 280 2191 1843 2316">
     <span class='ocr_line' id='line_1_29' title="bbox 280 2191 1843 2245; baseline 0.002 -13"><span class='ocrx_word' id='word_1_226' title='bbox 280 2192 318 2243; x_wconf 84' lang='grc'>4,</span> <span class='ocrx_word' id='word_1_227' title='bbox 356 2193 393 2233; x_wconf 91' lang='grc'>2.</span> <span class='ocrx_word' id='word_1_228' title='bbox 432 2193 453 2233; x_wconf 95' lang='grc'><strong>1</strong></span> <span class='ocrx_word' id='word_1_229' title='bbox 493 2191 586 2234; x_wconf 87' lang='lat' dir='ltr'>Cor.</span> <span class='ocrx_word' id='word_1_230' title='bbox 627 2193 663 2244; x_wconf 96' lang='lat'>1,</span> <span class='ocrx_word' id='word_1_231' title='bbox 702 2193 764 2234; x_wconf 88' lang='lat'>23.</span> <span class='ocrx_word' id='word_1_232' title='bbox 803 2191 893 2233; x_wconf 78' lang='lat' dir='ltr'>Gal.</span> <span class='ocrx_word' id='word_1_233' title='bbox 933 2193 969 2243; x_wconf 94' lang='lat'>1,</span> <span class='ocrx_word' id='word_1_234' title='bbox 1008 2192 1044 2233; x_wconf 80' lang='lat'>8.</span> <span class='ocrx_word' id='word_1_235' title='bbox 1084 2191 1220 2244; x_wconf 89' lang='lat' dir='ltr'>Apoc.</span> <span class='ocrx_word' id='word_1_236' title='bbox 1251 2192 1314 2244; x_wconf 89' lang='lat'>22,</span> <span class='ocrx_word' id='word_1_237' title='bbox 1346 2192 1407 2233; x_wconf 84' lang='grc'>18.</span> <span class='ocrx_word' id='word_1_238' title='bbox 1438 2192 1500 2234; x_wconf 88' lang='grc'>19.</span> <span class='ocrx_word' id='word_1_239' title='bbox 1531 2191 1655 2234; x_wconf 90' lang='lat' dir='ltr'>Matt.</span> <span class='ocrx_word' id='word_1_240' title='bbox 1686 2193 1843 2245; x_wconf 85' lang='lat'>20,15.</span> 
     </span>
     <span class='ocr_line' id='line_1_30' title="bbox 282 2261 882 2316; baseline 0.003 -13"><span class='ocrx_word' id='word_1_241' title='bbox 282 2261 382 2304; x_wconf 85' lang='lat' dir='ltr'>Joh.</span> <span class='ocrx_word' id='word_1_242' title='bbox 414 2263 476 2315; x_wconf 82' lang='lat'>19,</span> <span class='ocrx_word' id='word_1_243' title='bbox 508 2264 569 2305; x_wconf 91' lang='lat'>11.</span> <span class='ocrx_word' id='word_1_244' title='bbox 600 2263 723 2306; x_wconf 86' lang='lat' dir='ltr'>Rom.</span> <span class='ocrx_word' id='word_1_245' title='bbox 754 2264 817 2316; x_wconf 90' lang='lat'>13,</span> <span class='ocrx_word' id='word_1_246' title='bbox 845 2265 882 2305; x_wconf 83' lang='lat'>4.</span> 
     </span>
    </p>
   </div>
   <div class='ocr_carea' id='block_1_5' title="bbox 281 2334 1844 3033">
    <p class='ocr_par' dir='ltr' id='par_1_10' title="bbox 281 2334 1844 2680">
     <span class='ocr_line' id='line_1_31' title="bbox 335 2334 1843 2390; baseline 0.002 -15"><span class='ocrx_word' id='word_1_247' title='bbox 335 2334 508 2387; x_wconf 75' lang='lat' dir='ltr'>Quarta,</span> <span class='ocrx_word' id='word_1_248' title='bbox 549 2336 663 2388; x_wconf 89' lang='lat' dir='ltr'>quod</span> <span class='ocrx_word' id='word_1_249' title='bbox 699 2335 945 2390; x_wconf 84' lang='lat' dir='ltr'>Presbyteri</span> <span class='ocrx_word' id='word_1_250' title='bbox 983 2335 1199 2378; x_wconf 84' lang='lat' dir='ltr'>Ecclesiae</span> <span class='ocrx_word' id='word_1_251' title='bbox 1236 2336 1343 2377; x_wconf 91' lang='lat' dir='ltr'>nihil</span> <span class='ocrx_word' id='word_1_252' title='bbox 1382 2336 1463 2377; x_wconf 87' lang='lat' dir='ltr'>nisi</span> <span class='ocrx_word' id='word_1_253' title='bbox 1502 2335 1652 2388; x_wconf 90' lang='lat' dir='ltr'>alieno,</span> <span class='ocrx_word' id='word_1_254' title='bbox 1695 2336 1738 2378; x_wconf 92' lang='lat' dir='ltr'>id</span> <span class='ocrx_word' id='word_1_255' title='bbox 1768 2339 1843 2388; x_wconf 89' lang='lat' dir='ltr'>est,</span> 
     </span>
     <span class='ocr_line' id='line_1_32' title="bbox 283 2406 1844 2460; baseline 0.001 -13"><span class='ocrx_word' id='word_1_256' title='bbox 283 2406 460 2456; x_wconf 75' lang='lat' dir='ltr'>Christi;</span> <span class='ocrx_word' id='word_1_257' title='bbox 500 2407 779 2460; x_wconf 84' lang='lat' dir='ltr'>Magistratus</span> <span class='ocrx_word' id='word_1_258' title='bbox 818 2422 916 2449; x_wconf 86' lang='lat' dir='ltr'>vero</span> <span class='ocrx_word' id='word_1_259' title='bbox 956 2421 1031 2449; x_wconf 91' lang='lat' dir='ltr'>suo</span> <span class='ocrx_word' id='word_1_260' title='bbox 1071 2421 1239 2460; x_wconf 89' lang='lat' dir='ltr'>quoque</span> <span class='ocrx_word' id='word_1_261' title='bbox 1277 2406 1457 2460; x_wconf 90' lang='lat' dir='ltr'>imperio</span> <span class='ocrx_word' id='word_1_262' title='bbox 1495 2406 1697 2448; x_wconf 88' lang='lat' dir='ltr'>nonnulla</span> <span class='ocrx_word' id='word_1_263' title='bbox 1721 2422 1844 2460; x_wconf 89' lang='lat' dir='ltr'>prae-</span> 
     </span>
     <span class='ocr_line' id='line_1_33' title="bbox 282 2477 1843 2532; baseline 0.001 -13"><span class='ocrx_word' id='word_1_264' title='bbox 282 2478 481 2519; x_wconf 86' lang='lat' dir='ltr'>scribant.</span> <span class='ocrx_word' id='word_1_265' title='bbox 521 2477 782 2521; x_wconf 79' lang='lat' dir='ltr'>Gubernatio</span> <span class='ocrx_word' id='word_1_266' title='bbox 822 2480 934 2521; x_wconf 89' lang='lat' dir='ltr'>enim</span> <span class='ocrx_word' id='word_1_267' title='bbox 961 2479 1269 2532; x_wconf 39' lang='lat' dir='ltr'>„Ecclesiastica</span> <span class='ocrx_word' id='word_1_268' title='bbox 1307 2480 1369 2520; x_wconf 90' lang='lat' dir='ltr'>est</span> <span class='ocrx_word' id='word_1_269' title='bbox 1408 2478 1580 2519; x_wconf 89' lang='lat' dir='ltr'>omnino</span> <span class='ocrx_word' id='word_1_270' title='bbox 1622 2478 1843 2530; x_wconf 67' lang='grc' dir='ltr'>ὑπηρετικὴ,</span> 
     </span>
     <span class='ocr_line' id='line_1_34' title="bbox 282 2548 1843 2603; baseline -0.001 -12"><span class='ocrx_word' id='word_1_271' title='bbox 282 2565 356 2591; x_wconf 89' lang='lat' dir='ltr'>seu</span> <span class='ocrx_word' id='word_1_272' title='bbox 384 2550 685 2592; x_wconf 84' lang='lat' dir='ltr'>ministerialis.</span> <span class='ocrx_word' id='word_1_273' title='bbox 716 2550 898 2592; x_wconf 87' lang='lat' dir='ltr'>Politica</span> <span class='ocrx_word' id='word_1_274' title='bbox 928 2565 1042 2603; x_wconf 85' lang='lat' dir='ltr'>vero,</span> <span class='ocrx_word' id='word_1_275' title='bbox 1073 2551 1265 2603; x_wconf 88' lang='lat' dir='ltr'>quamvis</span> <span class='ocrx_word' id='word_1_276' title='bbox 1295 2549 1375 2592; x_wconf 92' lang='lat' dir='ltr'>Dei</span> <span class='ocrx_word' id='word_1_277' title='bbox 1404 2552 1600 2602; x_wconf 86' lang='lat' dir='ltr'>respectu</span> <span class='ocrx_word' id='word_1_278' title='bbox 1631 2548 1759 2590; x_wconf 89' lang='lat' dir='ltr'>etiam</span> <span class='ocrx_word' id='word_1_279' title='bbox 1788 2549 1843 2591; x_wconf 88' lang='lat' dir='ltr'>sit</span> 
     </span>
     <span class='ocr_line' id='line_1_35' title="bbox 281 2621 1577 2680; baseline 0 -18"><span class='ocrx_word' id='word_1_280' title='bbox 281 2621 592 2680; x_wconf 81' lang='lat' dir='ltr'>ministerialis,</span> <span class='ocrx_word' id='word_1_281' title='bbox 614 2622 794 2674; x_wconf 89' lang='lat' dir='ltr'>imperio</span> <span class='ocrx_word' id='word_1_282' title='bbox 825 2624 953 2674; x_wconf 89' lang='lat' dir='ltr'>atque</span> <span class='ocrx_word' id='word_1_283' title='bbox 982 2622 1236 2663; x_wconf 87' lang='lat' dir='ltr'>auctoritate</span> <span class='ocrx_word' id='word_1_284' title='bbox 1266 2623 1329 2663; x_wconf 88' lang='lat' dir='ltr'>est</span> <span class='ocrx_word' id='word_1_285' title='bbox 1355 2621 1577 2662; x_wconf 86' lang='lat' dir='ltr'>instructa.</span> 
     </span>
    </p>

    <p class='ocr_par' dir='ltr' id='par_1_11' title="bbox 282 2691 1843 3033">
     <span class='ocr_line' id='line_1_36' title="bbox 337 2691 1843 2746; baseline -0.001 -12"><span class='ocrx_word' id='word_1_286' title='bbox 337 2693 495 2743; x_wconf 81' lang='lat' dir='ltr'>Quinta</span> <span class='ocrx_word' id='word_1_287' title='bbox 533 2695 609 2745; x_wconf 89' lang='lat' dir='ltr'>est,</span> <span class='ocrx_word' id='word_1_288' title='bbox 650 2693 763 2746; x_wconf 89' lang='lat' dir='ltr'>quod</span> <span class='ocrx_word' id='word_1_289' title='bbox 799 2692 1045 2746; x_wconf 87' lang='lat' dir='ltr'>Presbyteri</span> <span class='ocrx_word' id='word_1_290' title='bbox 1083 2693 1210 2734; x_wconf 88' lang='lat' dir='ltr'>armis</span> <span class='ocrx_word' id='word_1_291' title='bbox 1247 2692 1554 2746; x_wconf 85' lang='lat' dir='ltr'>spiritualibus,</span> <span class='ocrx_word' id='word_1_292' title='bbox 1593 2692 1637 2733; x_wconf 91' lang='lat' dir='ltr'>id</span> <span class='ocrx_word' id='word_1_293' title='bbox 1665 2693 1740 2743; x_wconf 89' lang='lat' dir='ltr'>est,</span> <span class='ocrx_word' id='word_1_294' title='bbox 1770 2691 1843 2733; x_wconf 85' lang='lat' dir='ltr'>ad-</span> 
     </span>
     <span class='ocr_line' id='line_1_37' title="bbox 282 2763 1842 2817; baseline -0.002 -10"><span class='ocrx_word' id='word_1_295' title='bbox 282 2765 531 2817; x_wconf 87' lang='lat' dir='ltr'>monitione,</span> <span class='ocrx_word' id='word_1_296' title='bbox 560 2765 649 2807; x_wconf 88' lang='lat' dir='ltr'>irae</span> <span class='ocrx_word' id='word_1_297' title='bbox 680 2765 846 2807; x_wconf 87' lang='lat' dir='ltr'>divinae</span> <span class='ocrx_word' id='word_1_298' title='bbox 877 2765 1218 2816; x_wconf 85' lang='lat' dir='ltr'>comminatione,</span> <span class='ocrx_word' id='word_1_299' title='bbox 1247 2767 1374 2817; x_wconf 88' lang='lat' dir='ltr'>atque</span> <span class='ocrx_word' id='word_1_300' title='bbox 1405 2763 1842 2806; x_wconf 86' lang='lat' dir='ltr'>excommunicatione</span> 
     </span>
     <span class='ocr_line' id='line_1_38' title="bbox 283 2836 1841 2890; baseline -0.001 -12"><span class='ocrx_word' id='word_1_301' title='bbox 283 2837 478 2879; x_wconf 89' lang='lat' dir='ltr'>homines</span> <span class='ocrx_word' id='word_1_302' title='bbox 516 2839 778 2889; x_wconf 82' lang='lat' dir='ltr'>convertant,</span> <span class='ocrx_word' id='word_1_303' title='bbox 816 2852 865 2879; x_wconf 87' lang='lat' dir='ltr'>ac</span> <span class='ocrx_word' id='word_1_304' title='bbox 903 2837 1072 2879; x_wconf 84' lang='lat' dir='ltr'>Christo</span> <span class='ocrx_word' id='word_1_305' title='bbox 1112 2836 1390 2879; x_wconf 85' lang='lat' dir='ltr'>lucrifaciant.</span> <span class='ocrx_word' id='word_1_306' title='bbox 1420 2836 1699 2890; x_wconf 86' lang='lat' dir='ltr'>Magistratus</span> <span class='ocrx_word' id='word_1_307' title='bbox 1729 2849 1841 2888; x_wconf 88' lang='lat' dir='ltr'>vero,</span> 
     </span>
     <span class='ocr_line' id='line_1_39' title="bbox 284 2906 1842 2963; baseline -0.001 -14"><span class='ocrx_word' id='word_1_308' title='bbox 284 2909 357 2949; x_wconf 89' lang='lat' dir='ltr'>ubi</span> <span class='ocrx_word' id='word_1_309' title='bbox 394 2909 624 2951; x_wconf 88' lang='lat' dir='ltr'>necessitas</span> <span class='ocrx_word' id='word_1_310' title='bbox 663 2908 886 2963; x_wconf 87' lang='lat' dir='ltr'>efflagitat,</span> <span class='ocrx_word' id='word_1_311' title='bbox 925 2909 1094 2961; x_wconf 87' lang='lat' dir='ltr'>mulcta,</span> <span class='ocrx_word' id='word_1_312' title='bbox 1135 2923 1300 2951; x_wconf 87' lang='lat' dir='ltr'>carcere</span> <span class='ocrx_word' id='word_1_313' title='bbox 1330 2910 1371 2950; x_wconf 90' lang='lat' dir='ltr'>et</span> <span class='ocrx_word' id='word_1_314' title='bbox 1401 2907 1556 2961; x_wconf 89' lang='lat' dir='ltr'>gladio,</span> <span class='ocrx_word' id='word_1_315' title='bbox 1585 2906 1638 2948; x_wconf 85' lang='lat' dir='ltr'>ad</span> <span class='ocrx_word' id='word_1_316' title='bbox 1669 2921 1740 2948; x_wconf 88' lang='lat' dir='ltr'>eos</span> <span class='ocrx_word' id='word_1_317' title='bbox 1772 2921 1842 2949; x_wconf 91' lang='lat' dir='ltr'>co-</span> 
     </span>
     <span class='ocr_line' id='line_1_40' title="bbox 283 2979 1032 3033; baseline 0 -12"><span class='ocrx_word' id='word_1_318' title='bbox 283 2980 443 3033; x_wconf 90' lang='lat' dir='ltr'>gendos</span> <span class='ocrx_word' id='word_1_319' title='bbox 473 2982 514 3021; x_wconf 88' lang='lat' dir='ltr'>et</span> <span class='ocrx_word' id='word_1_320' title='bbox 544 2979 814 3032; x_wconf 80' lang='lat' dir='ltr'>cohibendos,</span> <span class='ocrx_word' id='word_1_321' title='bbox 844 2982 1032 3022; x_wconf 87' lang='lat' dir='ltr'>utantur.</span> 
     </span>
    </p>
   </div>
  </div>
 </body>
</html>
