1931 3224
300 143 379 185 448
895 145 1138 189 D1spumw10
1168 146 1276 189 XLI.

301 267 395 308 illas
424 282 568 309 omnes
597 268 776 310 veritate
806 271 847 310 et
877 269 1064 312 efficacia
1092 272 1390 324 complectitur
1419 274 1461 314 et
1487 272 1666 325 excedit)
1694 274 1747 315 ad
1770 289 1860 316 ma-

296 339 433 391 jorem
466 338 719 380 evidentiam
752 339 1004 392 explicatur.

354 408 472 450 XIII.
500 408 581 449 His
611 424 712 462 ergo
742 425 838 452 cum
866 411 1005 463 prima
1035 413 1169 466 origo,
1200 427 1364 455 summa
1392 416 1598 468 potestas,
1623 416 1704 468 jus,
1730 416 1793 458 vis
1819 418 1861 458 et

300 479 489 532 regimen
513 479 756 522 absolutum
780 482 824 522 in
848 481 1086 525 Ecclesiam
1110 484 1386 537 significetur,
1412 486 1542 528 solius
1558 486 1640 529 Dei
1655 487 1689 528 P
1703 488 1812 530 atri
1829 503 1860 540 s,

301 549 457 602 Filii,
497 553 547 592 et
584 551 831 604 Spiritus
871 553 1085 606 Sancti,
1124 569 1214 597 esse
1253 557 1472 599 evincitur.
1513 557 1706 601 Christus
1734 559 1861 613 hujus

300 620 562 671 αὐτεξουσίως
595 625 637 664 εὴ
670 622 902 674 αὖθεντίοις,
935 626 1303 670 auctoritatis
1334 632 1386 670 et
1414 631 1746 682 potestatis,
1774 646 1861 673 non

300 690 411 733 foret
454 707 598 746 capax,
641 694 723 736 nisi
763 710 886 738 verus
928 697 1044 740 Deus
1086 702 1207 752 esset,
1250 700 1381 743 Hebr.
1419 702 1457 753 3,
1491 702 1528 743 4.
1563 701 1599 743 5.
1633 702 1669 743 6.
1704 701 1861 751 Quam-

300 762 363 803 vis
402 762 656 807 Christus
694 768 924 810 secundum
963 770 1165 823 ordinem,
1205 773 1278 825 qui
1307 775 1370 814 est
1399 773 1443 814 in
1471 773 1666 826 personis
1695 773 1860 826 divinis,

302 835 544 887 certamque
583 837 867 891 redemptioni
896 842 1218 885 convenientem
1247 845 1540 886 oeconomiam
1569 847 1611 887 et
1641 845 1860 899 dispositi-

302 919 436 956 onem,
467 908 618 959 utpote
647 907 761 950 Deus
791 912 833 952 et
860 911 1003 964 homo,
1034 913 1284 968 dignitatem
1311 915 1421 957 hanc
1447 916 1658 969 acceperit
1684 931 1709 957 a
1731 915 1860 958 Patre

302 977 343 1016 et
379 975 538 1018 habeat
574 979 651 1020 sub
690 979 831 1034 Patre,
870 985 913 1024 et
951 985 1072 1036 quasi
1109 986 1311 1027 vicariam
1349 988 1555 1039 exerceat,
1593 987 1688 1040 pari
1716 988 1860 1029 tamen

300 1047 477 1088 scientia
516 1051 556 1090 et
593 1052 790 1102 potentia
828 1053 970 1096 divina
1006 1056 1237 1109 praeditus,
1278 1058 1300 1098 1
1341 1056 1434 1100 Cor.
1466 1058 1528 1110 13,
1559 1059 1622 1099 22.
1653 1061 1694 1100 et
1723 1058 1786 1110 11,
1819 1059 1856 1100 3.

299 1119 340 1158 εὴ
384 1118 445 1170 15,
493 1120 555 1161 24.
599 1122 660 1163 27.
705 1123 768 1165 28.
811 1124 935 1167 Matt.
981 1127 1042 1168 28.
1088 1126 1452 1177 Quemadmodum
1494 1143 1631 1181 neque
1677 1128 1858 1183 Spiritui

300 1188 471 1242 Sancto,
502 1192 573 1244 qui
602 1192 713 1235 Filio
745 1197 867 1247 quasi
896 1197 1078 1239 vicarius
1108 1199 1386 1251 submittitur,
1416 1199 1515 1242 Joh.
1547 1201 1609 1253 14,
1641 1201 1702 1242 16.
1730 1203 1772 1242 εὴ
1797 1201 1859 1242 26.

301 1263 342 1301 et
370 1262 434 1313 15,
466 1263 527 1304 16.
558 1265 704 1306 eadem
728 1266 964 1320 adaequata
988 1271 1180 1323 potestas
1205 1272 1462 1323 conveniret,
1488 1272 1570 1313 nisi
1595 1287 1720 1314 verus
1746 1272 1860 1314 Deus

300 1335 422 1374 esset.
461 1332 746 1387 Singulariter
784 1353 885 1392 ergo
916 1339 1074 1382 Christi
1103 1344 1177 1393 est,
1209 1344 1251 1384 et
1280 1342 1450 1395 quidem
1480 1359 1562 1396 qua
1600 1343 1861 1398 θεάνθρωπος

299 1419 377 1456 pro
407 1404 546 1447 officio
578 1421 654 1448 suo
685 1409 908 1451 excellenti
939 1413 1113 1465 ejusque
1143 1413 1341 1455 efficacia.

352 1474 467 1517 XIV.
505 1476 706 1520 Refertur
745 1483 885 1523 autem
925 1486 966 1524 et
1005 1484 1280 1538 restringitur
1308 1485 1414 1527 haec
1444 1484 1657 1528 Christi
1684 1489 1860 1542 potes-

298 1547 404 1598 tas,
444 1562 551 1600 quae
589 1550 695 1592 alias
733 1552 939 1596 latissime
977 1555 1029 1596 ad
1057 1555 1248 1609 Angelos
1277 1572 1423 1610 usque,
1452 1557 1538 1600 imo
1570 1560 1611 1599 et
1640 1557 1859 1610 Diabolos,

297 1631 550 1672 omnemque
589 1621 692 1664 adeo
722 1626 996 1678 potestatem,
1027 1641 1281 1680 quocunque
1309 1629 1480 1671 nomine
1509 1632 1739 1682 censeatur,
1769 1644 1858 1671 sese

299 1690 500 1742 extendit,
539 1690 624 1733 Col.
654 1694 690 1745 2,
724 1695 784 1736 10.
815 1695 924 1738 Heb.
955 1699 991 1749 2,
1022 1699 1057 1739 7.
1089 1699 1126 1740 8.
1157 1700 1431 1754 singulariter
1460 1702 1522 1743 ad
1552 1701 1649 1744 Dei
1677 1701 1859 1743 Eccle-

297 1760 448 1812 siam,
489 1761 574 1804 Col.
616 1764 651 1815 1,
692 1765 753 1807 18.
791 1766 923 1820 quue
961 1784 1047 1811 non
1075 1771 1202 1813 modo
1235 1787 1318 1824 qua
1347 1773 1516 1814 interna
1548 1776 1588 1815 et
1616 1772 1856 1824 invisibilis,

297 1832 368 1873 sed
406 1833 533 1874 etiam
569 1850 653 1887 qua
683 1840 857 1880 externa
887 1843 929 1881 et
958 1841 1151 1894 visibilis,
1182 1857 1350 1896 quaque
1378 1844 1627 1886 universalis
1655 1846 1696 1886 et
1724 1844 1859 1897 parti-

297 1904 449 1945 cularis
478 1908 553 1947 est.

349 1974 443 2017 XV.
482 1975 686 2020 Consistit
722 1995 822 2023 vero
861 1981 904 2023 in
942 1983 1131 2036 primatu
1170 2000 1298 2039 super
1336 1987 1584 2038 Ecclesiam,
1614 1987 1784 2029 unionis
1816 1989 1857 2029 et

297 2048 606 2091 communionis
645 2065 739 2092 cum
776 2067 824 2094 ea
862 2053 1086 2109 principio,
1126 2056 1290 2111 gratiae
1328 2058 1371 2099 in
1402 2073 1493 2100 eam
1523 2058 1689 2100 defluxu
1723 2061 1764 2100 et
1792 2058 1856 2099 in-

296 2117 425 2170 fluxu,
455 2134 529 2161 seu
559 2122 646 2174 ejus
675 2122 962 2167 vivificatione
992 2129 1033 2167 et
1062 2130 1313 2181 augment03
1339 2145 1416 2172 nec
1439 2145 1525 2172 non
1550 2130 1858 2184 gubernatione

298 2192 339 2230 et
390 2191 598 2244 regimine
649 2194 737 2246 ejus
787 2195 831 2236 in
882 2197 1036 2250 spiritu
1087 2214 1164 2251 per
1204 2200 1381 2242 verbum
1422 2216 1557 2253 suum,
1601 2202 1729 2255 idque
1771 2217 1857 2244 non

295 2263 463 2302 tantum
503 2262 683 2316 interna,
727 2266 799 2307 sed
844 2268 885 2308 et
916 2256 1104 2310 *externa
1140 2270 1524 2325 administratione,
1564 2288 1671 2325 quae
1712 2275 1775 2315 est
1812 2273 1857 2314 in

297 2332 591 2375 ministrorum
628 2336 865 2389 vocatione,
903 2339 1117 2392 missione,
1157 2356 1303 2383 eorum
1333 2358 1409 2396 per
1437 2344 1613 2386 verbum
1643 2359 1765 2386 suum
1792 2344 1857 2386 in-

297 2405 544 2457 structione,
574 2409 650 2448 etc.
682 2422 788 2460 quae
821 2410 963 2452 onmia
991 2427 1180 2455 summae
1204 2415 1432 2468 potestatis
1457 2418 1567 2468 sunt,
1594 2418 1636 2457 et
1660 2430 1711 2457 ex
1734 2430 1856 2469 prae-

297 2476 456 2529 scripto
495 2480 536 2519 et
574 2478 624 2520 de
664 2482 759 2521 rato
789 2481 880 2534 geri
910 2482 1074 2525 debent.
1106 2484 1311 2538 Adeoque
1339 2485 1446 2527 haec
1473 2501 1636 2528 summa
1664 2489 1856 2541 potestas

296 2547 340 2588 in
378 2547 624 2602 Ecclesiam,
664 2565 750 2592 non
789 2554 852 2593 est
898 2555 1116 2603 κοινωνητὸς
1154 2556 1225 2597 sed
1264 2556 1421 2598 residet
1450 2556 1494 2598 in
1524 2556 1706 2609 Christo,
1736 2558 1856 2599 utin

297 2619 473 2672 proprio
504 2621 705 2675 subjecto,
737 2624 959 2677 omnisque
988 2625 1058 2667 hic
1087 2628 1314 2679 potestatis
1342 2627 1647 2681 qualiscunque
1675 2643 1752 2682 per
1778 2628 1856 2671 ho-

297 2690 431 2732 mines
462 2693 688 2746 exsecutio,
716 2696 885 2737 tantum
913 2697 1203 2740 ministerialis
1232 2701 1308 2740 est.

351 2760 464 2804 XVI.
494 2763 573 2804 Est
601 2779 703 2818 ergo
734 2765 926 2808 Christus
954 2768 1124 2810 unicum
1153 2771 1195 2810 et
1223 2770 1475 2822 solitarium,
1497 2762 1798 2813 *immediatum
1814 2775 1856 2814 et

299 2834 516 2874 aeternum
546 2833 739 2890 Caput,
765 2836 1010 2891 Sponsus
1046 2842 1095 2881 et
1129 2839 1387 2893 Maritus,
1413 2841 1853 2896 Paterfamilias,

298 2902 481 2956 Pater,
521 2906 696 2949 Herus
737 2911 788 2950 et
817 2908 1102 2963 Dominus,
1130 2910 1349 2964 Pastor,
1377 2911 1509 2965 Rex,
1539 2913 1853 2967 Monarcha,

299 2978 462 3028 atque
488 2977 902 3023 fundamentum
926 2981 1210 3025 Ecclesiae
1230 2982 1348 3037 Dei,
1369 2983 1577 3037 Deique
1597 2986 1853 3028 vicarius.
