1931 3224
661 160 724 201 DE
754 159 1067 203 RESIPISCENTIA.
1565 168 1642 207 :325

137 285 292 327 XXIV.
321 284 412 327 Nec
440 300 540 327 vero
572 285 624 326 ad
652 286 839 328 actiones
869 286 1112 339 spirituales
1144 303 1194 329 ex
1222 288 1304 330 hoc
1329 289 1543 343 spirituali
1568 290 1644 331 ha-

84 357 177 398 bitu
215 357 508 410 producendas
546 357 702 399 sufficit
741 357 832 399 sola
868 357 1044 399 initialis
1072 357 1196 411 hujus
1226 360 1325 401 doni
1356 361 1541 412 collatio,
1573 363 1647 402 aut

84 428 314 470 habitualis
352 429 583 481 possessio3
623 428 695 470 sed
734 428 1087 481 quemadmodum
1126 430 1265 483 gratia
1300 432 1574 484 praeveniens
1605 435 1646 473 et

85 514 265 552 operans
294 499 376 540 hoc
406 499 562 540 donum
592 498 636 539 111
664 499 787 540 nobis
817 499 955 552 primo
986 499 1135 551 effecit,
1161 500 1220 542 sic
1247 515 1354 554 opus
1380 504 1454 552 est,
1479 504 1526 542 ut
1551 517 1647 555 gra-

84 570 145 612 tia
174 569 462 611 concomitans
493 572 534 611 et
565 584 797 623 cooperans
825 570 931 612 illud
960 571 1071 613 idem
1101 572 1153 613 ad
1182 572 1369 614 actiones
1398 573 1648 626 resipiscen-

83 642 145 684 tia
183 641 332 695 dignas
372 642 540 693 excitet,
580 643 621 682 et
659 641 849 694 quotidie
886 642 1022 695 magis
1056 658 1104 685 ac
1132 644 1268 696 magis
1300 643 1503 697 perficiat.
1536 643 1649 685 Nam

85 712 174 766 qui
216 712 505 765 praevenit
550 713 828 755 nolentem
869 715 926 754 ut
967 713 1121 765 velit,
1166 714 1524 767 subsequitur
1567 730 1648 756 vo-

84 784 286 826 lentem
312 799 374 825 11e
403 783 615 825 frustra
643 784 794 826 velit.

136 854 270 896 XXV.
313 854 414 896 Inde
457 857 520 896 est
565 856 678 908 quod
721 855 912 896 Christus
955 856 1172 909 discipulis
1215 856 1300 898 suis
1340 857 1453 909 dicit,
1495 858 1615 910 ipso
1631 873 1649 898 s

83 924 199 970 sine
244 928 363 980 ipso
405 927 546 968 nihil
584 941 766 980 posse,
805 929 854 968 et
894 942 1096 969 omnem
1136 928 1417 982 palmitem
1447 929 1649 982 inipso

83 999 349 1040 ferentem
385 998 600 1039 fructus
640 1012 896 1051 purgare,
933 1000 988 1039 ut
1018 998 1205 1051 plures
1230 999 1445 1041 fructus
1474 1000 1650 1053 profe-

83 1073 188 1122 rat,
219 1070 318 1112 Joh.
351 1071 411 1121 15,
443 1071 480 1111 2.
509 1070 622 1112 Η1110
651 1069 896 1123 Spiritus
927 1070 1081 1111 dicitur
1110 1072 1322 1112 nostris
1351 1072 1650 1113 infirmita-

83 1141 232 1183 tibus
282 1156 626 1193 succurrere,
678 1143 734 1182 ut
787 1156 997 1183 oremus
1050 1143 1189 1194 quod
1244 1146 1466 1196 oportet
1509 1145 1651 1185 sicut

84 1215 328 1266 oportet,
358 1212 481 1255 Rom.
511 1213 551 1264 8,
574 1213 637 1255 28.
670 1215 711 1254 et
738 1212 973 1267 Apostolus
1002 1213 1133 1255 Hebr.
1165 1214 1227 1265 13,
1256 1215 1319 1255 21.
1350 1217 1391 1257 et
1418 1215 1532 1265 alibi,
1558 1218 1651 1257 orat

82 1284 233 1336 Deum,
272 1287 328 1326 ut
366 1285 516 1338 ipsos
551 1284 818 1337 perficiat
860 1285 913 1325 in
955 1285 1098 1326 omni
1141 1285 1280 1327 bono
1317 1300 1500 1339 opere,
1532 1286 1652 1328 effi-

82 1356 228 1398 ciens
268 1356 320 1397 in
357 1356 476 1412 illis
506 1356 645 1408 quod
674 1370 853 1397 coram
881 1355 1002 1408 ipso
1034 1356 1419 1410 complacitum
1449 1360 1529 1398 est
1559 1373 1652 1411 per

86 1427 268 1469 Jesum
298 1426 587 1468 Christum.

137 1497 294 1540 XXVI.
324 1499 477 1540 Modus
505 1499 632 1551 hujus
661 1499 841 1541 actionis
870 1499 1050 1541 Divinae
1074 1500 1117 1540 111
1142 1499 1265 1541 nobis
1288 1515 1374 1542 non
1400 1504 1464 1542 est
1489 1500 1652 1542 curiose

85 1570 373 1623 inquirendus,
424 1569 596 1611 interim
645 1572 789 1612 tamen
840 1570 984 1612 sedulo
1036 1571 1199 1612 vitandi
1250 1573 1346 1613 sunt
1398 1571 1652 1625 Pelagiano-

86 1656 179 1682 rum
223 1643 296 1682 aut
338 1640 780 1696 Semipelagianorum
823 1656 999 1693 errores,
1037 1643 1140 1684 item
1180 1643 1445 1695 quorundam
1477 1642 1653 1696 Sophis-

86 1715 247 1762 tarum;
302 1713 375 1765 qui
428 1711 495 1753 vel
555 1713 739 1765 gratiam
799 1713 909 1754 hanc
967 1713 1196 1755 secundum
1237 1714 1390 1756 merita
1434 1714 1522 1755 dari
1566 1717 1652 1756 sta-

86 1785 276 1836 tuebant,
314 1785 382 1826 vel
415 1785 643 1826 secundum
673 1784 809 1826 bonos
839 1784 1072 1826 voluntatis
1101 1788 1270 1827 nostrae
1301 1788 1456 1837 motus,
1485 1786 1551 1827 vel
1579 1801 1653 1840 per

88 1856 210 1907 solas,
247 1859 295 1897 ut
331 1856 576 1908 loquuntur,
616 1856 797 1897 morales
828 1857 1057 1908 suasiones,
1090 1859 1131 1898 et
1159 1871 1245 1898 non
1274 1857 1408 1898 reales
1439 1857 1654 1909 operatio-

87 1942 174 1979 nes,
202 1927 270 1969 vel
297 1927 476 1980 denique
505 1927 566 1968 ita
595 1930 642 1968 ut
672 1927 860 1969 efficacia
889 1927 1069 1969 Divinae
1100 1928 1362 1981 operationis
1390 1928 1574 1982 pendeat
1604 1943 1653 1969 ex

88 1999 273 2041 hominis
301 1999 487 2041 naturali
517 1999 707 2041 arbitrio.
740 1998 854 2048 Quos
885 2014 1031 2040 omnes
1061 2014 1109 2041 ac
1133 1999 1291 2041 similes
1317 2014 1479 2041 errores
1505 2000 1548 2041 in
1574 2000 1654 2042 Pe-

88 2070 269 2124 lagianis
308 2074 350 2112 et
387 2059 741 2124 Semipelagianis
781 2070 883 2112 olim
922 2070 1238 2121 condemnatos,
1278 2072 1319 2111 et
1349 2085 1426 2112 nos
1457 2071 1655 2113 condem-

89 2158 252 2194 namus,
296 2142 395 2195 quia
438 2142 482 2183 in
529 2143 713 2196 gratiam
750 2141 951 2183 Divinam
990 2144 1087 2183 sunt
1126 2141 1285 2194 injurii,
1327 2144 1367 2183 et
1405 2142 1571 2184 homini
1611 2158 1654 2184 se

89 2215 230 2268 ipsum
268 2214 522 2256 discernenti
561 2214 747 2266 aliquam
777 2213 988 2266 gloriandi
1019 2213 1243 2254 materiam
1272 2213 1532 2265 relinquunt.
1561 2212 1653 2254 Nos

92 2302 190 2328 vero
244 2301 338 2328 cum
380 2285 623 2338 Augustino
669 2285 907 2336 statuimus,
954 2284 1188 2338 gratiam
1232 2299 1336 2326 non
1380 2299 1494 2326 esse
1539 2299 1599 2337 gr
1611 2299 1655 2325 a-

91 2357 223 2398 tiam
262 2357 370 2398 ullo
409 2357 584 2408 modo,
625 2356 669 2397 si
707 2371 811 2398 non
848 2356 920 2397 sit
960 2356 1209 2409 gratuita
1239 2356 1379 2397 omni
1409 2356 1585 2407 modo,
1616 2358 1656 2397 et

93 2428 278 2482 gratiam
314 2428 359 2469 in
396 2427 519 2469 nobis
557 2430 803 2481 operantem
842 2430 883 2469 et
921 2429 1222 2481 cooperantem
1259 2427 1416 2469 habere
1460 2442 1580 2468 suam
1612 2427 1656 2468 in

92 2500 215 2542 nobis
254 2502 412 2542 certam
451 2498 695 2550 efficaciam,
733 2513 785 2540 ex
822 2498 904 2541 Dei
943 2498 1182 2540 miserentis
1223 2499 1460 2552 proposito,
1491 2513 1576 2540 non
1600 2513 1655 2540 vex

93 2574 264 2614 nostrae
293 2571 526 2613 voluntatis
556 2571 745 2613 arbitrio.

147 2643 323 2685 XXVII,
353 2642 592 2696 Explicata‚
624 2645 831 2695 quantum
854 2642 924 2684 hic
948 2641 1140 2684 sufficere
1162 2641 1414 2695 judicamus,
1431 2656 1655 2694 regenera-

94 2715 224 2757 tionis
254 2715 459 2766 doctrina,
489 2714 699 2767 reliquum
730 2716 793 2755 est
821 2716 868 2754 ut
899 2713 948 2754 de
978 2713 1255 2767 poenitentia,
1286 2727 1359 2754 seu
1384 2713 1530 2765 potius
1553 2713 1656 2754 resi-

95 2787 302 2840 piscentia
346 2786 497 2837 activa,
536 2787 577 2827 et
616 2785 857 2838 specialiter
893 2786 953 2827 sic
983 2785 1109 2835 dicta,
1138 2783 1341 2825 nonnulla
1371 2783 1654 2836 subjiciamus.

148 2857 347 2900 XXVIII.
391 2856 687 2899 Poenitentiae
731 2871 878 2898 vocem
921 2871 945 2897 a
987 2870 1125 2909 poena
1164 2853 1344 2895 derivari
1384 2854 1655 2896 manifestum

97 2930 172 2980 est,
210 2943 308 2970 nam
346 2931 394 2970 ut
432 2928 626 2982 Agellius
663 2930 776 2970 recte
814 2930 948 2979 notat,
989 2941 1124 2980 quae
1152 2926 1337 2967 taedio
1370 2940 1426 2967 ac
1454 2926 1653 2979 pudori

97 3003 240 3052 sunt,
295 3016 352 3043 ea
394 2999 659 3054 puniendi
701 3000 806 3041 vim
846 2999 1060 3040 habent.
1103 2998 1314 3047 Quoniam
1359 3012 1460 3051 ergo
1502 2998 1537 3039 is
1581 2999 1652 3050 qui
