1931 3224
309 136 371 178 DE
405 136 584 186 QUINQUE
613 135 754 178 FALs1s
785 135 1099 178 PoN'rimomRuM
1128 134 1413 177 SACRAMEN'ms.
1563 136 1638 177 571

78 263 189 313 neat,
224 275 331 313 quae
369 261 425 302 sit
462 260 639 314 propria
674 260 800 313 hujus
831 260 1097 303 Sacramenti
1124 259 1315 311 materia,
1346 273 1453 314 quae
1482 259 1640 311 forma,

79 347 178 374 nam
215 332 342 374 etiam
381 331 454 373 alii
492 331 619 373 aliam
656 331 836 373 formam
873 332 918 372 in
956 331 1224 373 ordinatione
1261 329 1519 384 presbyterii
1557 333 1642 371 sta-

78 405 216 455 tuunt,
260 403 463 456 Accipe
508 404 849 455 potestatem
892 402 1213 444 remittendi
1255 403 1503 455 peccata,
1547 404 1641 443 etc.

80 473 149 516 Sic
185 473 347 515 faciunt
386 472 707 514 Sacramentum
745 488 769 514 a
805 473 974 515 Christo
1013 474 1270 519 institutum,
1309 473 1358 514 de
1397 474 1513 526 cujus
1550 474 1644 514 tota

79 545 319 587 substantia
349 544 487 586 adhuc
513 547 612 585 sunt
639 544 812 596 incerti;
843 559 951 597 quae
975 559 1061 586 non
1085 544 1222 586 solum
1246 545 1289 585 in
1314 544 1535 597 Scriptura
1557 558 1644 585 non

79 616 275 667 habetur,
316 616 387 657 sed
424 630 501 657 nec
538 615 667 657 etiam
703 616 748 656 in
785 618 877 657 tota
906 615 1162 668 antiquitate
1191 615 1421 669 vestigium
1451 616 1538 668 ejus
1568 629 1644 668 ap-

79 690 224 740 paret,
266 687 318 728 ad
356 687 470 739 quod
499 687 728 728 adversarii
760 687 964 740 effugium
992 687 1036 728 in
1066 702 1114 729 eo
1146 689 1367 740 quaerunt,
1400 688 1540 740 quod
1568 702 1644 728 ca-

80 759 278 811 verint,
318 773 378 800 ne
418 761 526 800 tam
554 761 745 800 sancta
773 758 1073 811 religionis
1101 761 1328 800 nostrae
1355 759 1643 812 mysteria,

80 830 133 872 in
162 830 386 883 profani
409 829 587 883 vulgi,
614 829 944 882 praesertim
967 829 1020 870 in
1044 828 1361 871 infidelium
1383 830 1644 871 notitiam

82 904 132 943 et
159 916 255 955 per
291 900 392 942 hoc
429 901 481 941 in
520 902 896 953 contemptum
933 900 1210 952 venirent,
1238 900 1383 942 Estius
1412 900 1457 942 in
1480 902 1517 942 4.
1547 901 1643 943 dist.

82 973 144 1014 24.
183 973 221 1013 2.
260 971 374 1024 quod
410 971 637 1013 ridiculum
674 973 737 1012 est
775 974 1073 1013 commentum.
1113 971 1334 1021 Quomodo
1374 973 1486 1014 enim
1513 972 1645 1014 latere

82 1045 265 1097 poterat,
304 1043 418 1096 quod
455 1044 600 1084 tantae
627 1042 921 1083 ministrorum
949 1043 1213 1084 multitudini
1243 1043 1547 1085 communicari
1575 1044 1645 1085 de-

81 1114 186 1167 buit,
224 1114 336 1155 inter
374 1128 480 1166 quos
517 1127 603 1154 non
642 1113 779 1155 solum
809 1114 966 1155 multos
992 1113 1283 1167 imprudentes
1310 1114 1451 1166 fuisse,
1476 1129 1554 1167 par
1582 1116 1646 1156 est

82 1186 263 1237 credere,
302 1186 374 1227 sed
412 1185 541 1227 etiam
578 1198 664 1226 non
706 1199 864 1238 paucos
895 1185 1158 1226 adversarios
1187 1185 1413 1238 aliquando
1444 1185 1645 1228 defecisse

81 1273 158 1312 per
187 1272 293 1311 quos
322 1257 426 1298 talia
454 1258 656 1310 poterant
683 1257 827 1310 palam
849 1257 972 1298 fieri?
997 1256 1184 1309 Accedit,
1211 1257 1324 1315 quod
1350 1258 1385 1298 si
1408 1258 1515 1299 ritus
1540 1258 1646 1311 bap-

81 1330 209 1382 tismi,
241 1331 283 1371 et
311 1328 352 1372 S.
383 1328 614 1382 Synaxeos,
642 1329 694 1370 ab
718 1330 812 1382 ipso
838 1328 1008 1370 Christo
1032 1329 1233 1380 instituti,
1260 1329 1450 1382 evulgati
1472 1329 1645 1371 fuerunt

81 1417 106 1443 a
148 1401 299 1455 primis
336 1400 552 1442 Ecclesiae
590 1401 867 1453 temporibus,
905 1401 1022 1442 nulla
1060 1403 1123 1442 est
1160 1401 1284 1453 ratio,
1324 1416 1398 1443 cur
1433 1401 1646 1443 minorum

81 1473 454 1516 Sacramentorum
512 1473 692 1514 materia
752 1474 793 1514 et
852 1472 1002 1524 forma,
1059 1474 1180 1513 tanto
1234 1472 1402 1514 silentio
1455 1473 1646 1516 debuerit

82 1545 265 1586 obvolvi.

134 1615 284 1657 XLIII.
323 1615 391 1657 Ad
421 1615 618 1657 effectum
648 1615 761 1667 quod
791 1616 957 1667 attinet,
987 1615 1203 1668 geminum
1235 1615 1405 1668 quidem
1434 1615 1555 1657 illum
1583 1615 1646 1657 fa—

82 1687 219 1737 ciunt3
248 1702 379 1728 unum
408 1686 522 1739 quod
551 1687 734 1739 gratiam
763 1686 973 1737 conferat3
1004 1687 1196 1738 alterum,
1227 1687 1341 1739 quod
1366 1687 1646 1729 characte-

81 1774 188 1801 rem
217 1758 437 1812 imprimat
465 1758 510 1798 in
539 1758 679 1799 anima
709 1758 905 1800 ordinati.
935 1758 999 1800 De
1030 1758 1283 1799 Charactere
1308 1759 1398 1810 jam
1423 1758 1643 1812 explosum

82 1832 146 1871 est
183 1829 389 1881 delirium,
430 1829 597 1882 quando
636 1831 778 1870 actum
817 1831 879 1870 est
918 1829 968 1870 de
1006 1828 1291 1871 Sacramentis
1328 1829 1372 1870 in
1401 1843 1575 1882 genere3
1606 1832 1648 1871 et

81 1902 219 1953 multi,
258 1904 305 1942 ut
334 1901 535 1953 videmus,
565 1902 738 1954 negant,
767 1901 811 1941 in
841 1900 1075 1942 minoribus
1106 1899 1292 1952 quinque
1323 1899 1553 1952 ordinibus,
1582 1900 1648 1942 vel

83 1973 267 2026 gratiam
311 1972 506 2023 conferri,
544 1972 612 2013 vel
651 1971 937 2013 characterem
975 1971 1175 2025 imprimi.
1214 1971 1282 2012 Ad
1319 1972 1501 2024 majores
1541 1985 1646 2024 quos

81 2046 236 2085 vocant
261 2043 442 2095 ordines,
469 2043 582 2096 quod
605 2045 794 2097 spectat3
819 2043 1072 2096 requirimus
1097 2042 1282 2084 divinam
1307 2042 1647 2096 promissionem,

84 2115 194 2157 clare
233 2118 275 2157 et
314 2115 537 2169 perspicue
567 2115 610 2156 in
640 2114 861 2168 Scriptura
891 2128 1155 2167 expressam:
1182 2114 1344 2167 alioqui
1370 2129 1493 2156 nemo
1523 2114 1647 2156 nobis

83 2186 336 2239 persuadere
364 2185 538 2239 poterit,
564 2185 703 2226 Deum
729 2185 922 2238 obligari,
954 2187 1002 2226 ut
1026 2200 1075 2226 ex
1098 2187 1224 2239 pacto
1250 2184 1371 2236 adsit,
1398 2184 1648 2238 operatione

84 2260 199 2299 certa
242 2257 569 2310 supernaturali,
609 2257 943 2309 quotiescunque
980 2256 1188 2308 homines,
1227 2257 1366 2298 verbis
1405 2271 1429 2298 a
1467 2271 1511 2298 se
1548 2271 1648 2298 con-

82 2328 194 2370 fictis
233 2331 274 2369 et
314 2327 562 2369 ceremoniis
598 2327 782 2379 ludicris,
822 2327 1023 2380 quicquid
1052 2328 1118 2379 sit,
1149 2342 1262 2369 mere
1291 2327 1499 2377 humanis,
1528 2327 1648 2382 spiri-

83 2399 218 2440 tualia
249 2399 501 2452 χοιρίσμοιτοι
533 2398 755 2451 affingunt.
785 2397 876 2440 Nec
905 2400 969 2440 est
998 2398 1112 2451 quod
1143 2399 1237 2451 quis
1261 2401 1482 2440 moveatur
1508 2398 1648 2450 obiec-

83 2470 200 2512 tione
235 2469 486 2512 Bellarmini
524 2485 575 2511 ex
614 2470 650 2511 1.
691 2470 745 2511 ad
773 2469 881 2512 Tim.
911 2484 1000 2523 cap.
1030 2470 1067 2511 4.
1098 2472 1140 2511 et
1168 2470 1205 2511 2,
1236 2484 1327 2523 cap.
1357 2470 1392 2510 1.
1421 2470 1466 2511 in
1496 2469 1649 2522 quibus

83 2542 243 2584 mentio
281 2543 331 2584 fit
369 2542 532 2595 gratiae
557 2556 580 2583 a
609 2541 836 2583 Timotheo
868 2544 1068 2595 acceptae
1099 2556 1176 2594 per
1205 2557 1403 2583 manuum
1435 2542 1648 2595 impositi-

85 2629 220 2656 onem.
245 2613 358 2654 Nam
382 2613 417 2653 1.
442 2627 528 2654 non
552 2612 695 2666 agitur
722 2612 772 2654 de
797 2613 938 2665 gratia
958 2613 1231 2666 justificante,
1249 2627 1357 2665 quae
1373 2614 1649 2655 sacramentis

85 2685 347 2739 obsignatur,
392 2699 519 2737 quam
562 2683 814 2725 Timotheus
855 2683 1025 2725 aliunde
1066 2684 1273 2735 habebat3
1313 2685 1385 2726 sed
1421 2685 1470 2727 de
1509 2686 1649 2739 gratia

86 2772 213 2810 quam
240 2758 394 2798 vocant
423 2755 599 2808 gratis
628 2755 828 2808 datam,
860 2770 986 2808 quam
1016 2755 1173 2797 habere
1202 2758 1348 2809 potest
1378 2756 1450 2809 qui
1474 2771 1560 2799 non
1585 2760 1649 2799 est

81 2828 351 2882 justificatus.

137 2898 286 2941 XLIV.
325 2898 421 2952 Ipse
459 2897 741 2939 Bellarminus
771 2897 821 2939 de
850 2897 1034 2940 Sacram.
1064 2898 1109 2940 in
1138 2913 1290 2953 genere
1319 2914 1352 2941 c.
1381 2900 1446 2942 26.
1474 2900 1647 2952 fatetur,

86 2969 484 3011 auctoritatem
514 2968 834 3010 conferendi
862 2967 1234 3020 Sacramenta,
1264 2984 1368 3011 non
1393 2985 1508 3012 esse
1533 2985 1647 3024 gra-
