1931 3224
544 125 608 166 Dr,
637 124 911 167 Emmiosrms
940 140 986 167 ET
1016 124 1206 166 JEJUNHS.
1582 125 1660 166 389

155 251 292 294 XVII.
330 251 367 293 Ii
403 265 533 305 porro
571 250 779 300 Quibus
809 249 1031 303 erogari
1060 249 1240 300 debet,
1272 251 1370 290 sunt
1399 248 1661 290 miserabiles

102 326 144 366 et
181 323 538 366 commiserandae
575 336 793 375 personae,
834 324 939 375 puta
976 335 1121 362 omnes
1159 334 1388 374 pauperes:
1427 334 1528 361 voce
1558 335 1662 374 pau-

101 395 215 449 peris
255 394 510 448 generaliori
548 393 722 435 notione
759 395 945 446 accepta,
980 395 1068 433 tam
1106 406 1184 444 pro
1224 391 1426 433 mendicis
1455 391 1527 443 qui
1555 391 1663 433 nihil

100 466 273 518 habent,
318 481 445 519 quam
492 464 635 518 egenis
675 465 749 517 qui
787 478 938 518 parum
978 466 1019 505 et
1056 463 1136 504 sibi
1173 463 1278 516 ipsis
1319 463 1370 503 ad
1408 462 1540 503 vitam
1575 476 1661 503 non

101 538 328 589 sufficiunt,
373 538 523 579 saltem
563 537 790 578 secundum
829 537 941 578 vitae
979 538 1245 589 praesentem
1284 534 1571 576 conditionem
1612 533 1663 574 ad

99 610 278 662 tempus,
317 607 385 649 Ps.
423 608 487 658 41,
531 609 568 649 2.
599 608 697 649 Esa.
727 608 790 659 26,
820 608 857 649 6.
887 608 931 648 id
960 609 1034 658 est,
1065 607 1139 659 qui
1166 607 1278 648 vitae
1307 606 1432 658 hujus
1463 605 1661 646 subsidiis

54 712 55 715 ¹
100 682 142 721 et
179 679 316 721 aliena
355 693 436 732 ope
473 678 678 731 indigent.
718 678 782 719 De
822 678 975 730 quibus
1015 677 1220 729 Christus,
1261 676 1411 719 Omni
1442 676 1661 729 petenti

99 751 248 802 dato,
287 750 411 792 Matt.
450 750 487 801 5,
525 750 589 790 42.
630 749 722 798 Quo
762 763 848 790 non
886 748 1142 801 intelligitur
1180 748 1362 800 quilibet
1389 750 1537 802 petens
1567 747 1660 788 uni-

99 821 263 873 versim,
308 821 381 863 sed
424 835 473 862 ex
516 822 718 873 egestate,
759 834 807 861 ac
844 820 958 871 talis,
999 819 1071 872 qui
1109 820 1343 861 retribuere
1380 833 1465 859 non
1503 820 1659 871 potest,

97 892 195 935 Luc.
226 893 286 942 14,
318 893 380 934 12.

150 963 308 1005 XVIII.
347 963 398 1005 In
427 978 607 1016 quorum
634 977 808 1004 numero
839 977 926 1004 non
957 962 1173 1014 habemus,
1201 962 1440 1013 validos,
1469 975 1657 1015 vagos,

97 1038 147 1076 et
190 1034 474 1088 professos
520 1034 918 1086 mendicantes,
959 1034 1031 1087 qui
1070 1049 1195 1086 saepe
1232 1033 1508 1085 vitiosissimi,
1546 1033 1660 1087 turpi

97 1106 185 1148 otio
230 1109 271 1147 et
311 1106 465 1148 inertia
506 1105 797 1159 obtorpentes,
837 1105 1154 1146 mendicitatem
1199 1108 1406 1155 exercent,
1450 1108 1491 1146 et
1527 1105 1570 1145 in
1612 1119 1660 1145 ea

95 1177 208 1219 vitae
237 1177 496 1231 praesidium
526 1177 795 1228 collocantes,
824 1177 1051 1228 miseriam,
1081 1177 1208 1218 variis
1239 1177 1401 1218 artibus
1431 1179 1472 1217 et
1500 1176 1660 1229 impos-

94 1249 202 1290 turis
239 1248 356 1290 vafre
396 1248 675 1302 excogitatis,
716 1248 870 1301 quibus
908 1248 1243 1290 misericordiam
1282 1250 1493 1298 moveant,
1530 1247 1659 1288 simu-

93 1319 241 1371 lantes,
279 1319 448 1373 publice
485 1321 559 1360 aut
598 1319 789 1360 ostiatim
819 1319 1036 1371 obeuntes,
1068 1322 1142 1360 aut
1171 1334 1246 1372 per
1276 1318 1516 1371 frequentia
1546 1332 1659 1360 com-

98 1391 189 1444 pita
226 1390 420 1444 projecti,
459 1390 615 1444 stipem
652 1393 818 1444 petunt,
858 1393 986 1444 atque
1015 1392 1076 1432 ita
1105 1391 1288 1432 alienum
1318 1405 1472 1444 panem
1501 1390 1658 1443 injuste

95 1465 260 1514 vorant,
311 1462 396 1504 imo
450 1465 675 1515 quaestum
720 1465 761 1504 et
804 1463 994 1517 opimum
1037 1465 1304 1516 proventum,
1349 1478 1399 1505 ex
1443 1478 1490 1504 ea
1534 1477 1658 1515 saepe

94 1533 270 1586 faciunt,
310 1536 459 1575 contra
495 1534 635 1586 legem
670 1534 869 1587 primitus
907 1533 1106 1587 positam,
1145 1533 1205 1575 In
1242 1535 1436 1577 sudore
1474 1535 1657 1576 vultus

95 1605 176 1646 tui
225 1605 467 1647 comedes
514 1619 703 1658 panem
749 1609 916 1657 tuum,
967 1605 1068 1647 Gen.
1108 1607 1144 1647 3.
1186 1621 1311 1659 quam
1349 1607 1658 1659 interpretatur

95 1675 266 1727 Paulus,
292 1678 349 1717 ut
374 1676 464 1728 qui
487 1691 588 1718 non
614 1676 750 1718 velit
776 1677 1014 1729 operari,
1039 1691 1142 1718 non
1168 1677 1434 1728 comedat,
1460 1677 1484 1717 2
1509 1676 1656 1718 Thess.

93 1747 130 1798 3,
176 1747 236 1788 10.
284 1748 344 1788 11.
384 1746 484 1788 Non
523 1747 635 1788 enim
671 1747 737 1788 illi
774 1762 921 1789 revera
957 1748 1119 1801 inopes,
1161 1749 1233 1800 qui
1270 1748 1417 1789 labore
1453 1763 1656 1789 manuum

95 1833 265 1860 suarum
302 1833 398 1860 cum
434 1833 607 1872 pascere
646 1833 689 1860 se
726 1819 906 1872 possint,
935 1834 1032 1860 vere
1062 1819 1284 1872 egentibus
1315 1820 1428 1872 quod
1451 1820 1555 1873 ipsis
1585 1820 1655 1861 de-

94 1890 232 1931 bitum
275 1889 554 1944 praeripiunt.
598 1890 742 1942 Atque
779 1889 825 1931 hi
864 1889 1056 1943 profecto
1099 1890 1187 1931 doli
1224 1890 1424 1943 furtique,
1462 1891 1547 1932 imo
1588 1905 1655 1932 sa-

94 1962 258 2016 crilegii
286 1961 347 2004 rei
376 1964 486 2003 sunt.

146 2032 261 2074 XIX.
303 2033 509 2075 Attamen
548 2033 694 2075 eodem
733 2033 826 2075 loco
864 2048 951 2075 non
985 2033 1190 2075 habemus
1228 2034 1504 2075 mendicos
1544 2049 1654 2086 eos,

93 2104 167 2158 qui
196 2105 250 2146 ob
280 2103 471 2146 caritatis
495 2104 718 2156 defectum,
745 2105 859 2157 quod
882 2105 1142 2158 pauperibus
1166 2105 1360 2158 legitimo
1384 2106 1511 2148 modo
1533 2106 1655 2159 juxta

40 2191 42 2194 ·
92 2177 232 2229 legem
257 2175 350 2227 Dei,
377 2175 503 2217 Deut.
530 2175 592 2228 15,
617 2176 654 2217 4.
679 2191 764 2218 11011
789 2176 1087 2229 prospiciatur,
1114 2177 1366 2219 necessitate
1387 2192 1495 2230 quae
1516 2178 1654 2231 legem

93 2248 298 2289 hactenus
336 2262 422 2289 non
459 2247 601 2299 habet,
639 2250 849 2301 coguntur
889 2248 1058 2301 stipem,
1099 2248 1163 2290 vel
1201 2249 1252 2290 ad
1290 2249 1478 2301 privatas
1519 2249 1652 2299 aedeS,

91 2321 140 2360 ut
167 2319 382 2361 ulcerosus
410 2318 605 2371 Lazarus,
635 2318 733 2360 Luc.
765 2321 825 2371 16,
855 2320 918 2361 20.
949 2320 1014 2361 vel
1042 2321 1086 2361 in
1115 2320 1287 2373 publica
1315 2320 1395 2371 Via,
1427 2322 1475 2361 ut
1506 2335 1652 2362 caecus

92 2389 173 2439 ille,
202 2389 300 2431 Luc.
332 2391 393 2442 16,
424 2390 487 2431 35.
519 2392 560 2431 et
589 2390 776 2442 claudus,
806 2390 902 2432 Act.
932 2392 970 2442 3,
1000 2392 1036 2432 2.
1065 2391 1317 2432 mendicare.

145 2460 239 2502 XX.
256 2460 338 2503 Sed
355 2463 514 2514 contra,
530 2461 679 2503 validis
694 2461 780 2503 illis
795 2462 1133 2504 mendicantibus
1158 2478 1200 2503 m
1212 2477 1232 2504 e
1244 2478 1271 2503 11
1283 2463 1364 2504 dic
1376 2463 1436 2504 ab
1448 2463 1498 2503 ul
1511 2478 1534 2504 a
1553 2463 1650 2504 illa

91 2532 419 2584 Monastica,
460 2548 550 2574 seu
588 2534 806 2576 ordines
844 2535 1218 2576 mendicantes
1258 2550 1543 2591 accensemus3
1579 2536 1651 2588 qui

93 2604 222 2657 (novo
250 2604 462 2656 instituto,
493 2606 641 2646 contra
664 2607 933 2658 vetustatem,
959 2621 1066 2659 quae
1090 2607 1324 2649 Monachos
1347 2621 1431 2648 non
1457 2608 1652 2660 agnoscit

90 2675 173 2717 nisi
209 2675 465 2727 laborantes,
503 2675 664 2718 otiosos
700 2691 800 2718 vero
841 2680 1008 2719 ventres
1036 2677 1192 2720 similes
1222 2678 1507 2731 praedonibus
1535 2679 1649 2731 facit,

91 2747 253 2790 Socrat.
282 2747 326 2788 in
354 2747 522 2800 tripart.
552 2747 650 2789 hist.
680 2748 750 2790 lib.
782 2749 836 2801 8.)
866 2749 943 2790 sub
974 2749 1112 2803 specie
1137 2749 1321 2802 pietatis,
1345 2750 1650 2802 superstitione

89 2817 260 2872 insigni,
288 2818 572 2860 voluntariam
596 2821 893 2873 paupertatem
923 2823 964 2862 et
993 2820 1322 2872 mendicitatem,
1350 2821 1502 2873 quibus
1525 2821 1648 2863 bonis

90 2889 275 2943 propriis
312 2890 491 2943 rejectis,
529 2890 718 2932 inhiatur
755 2891 913 2942 alienis,
953 2892 1088 2944 deque
1125 2891 1305 2933 aliorum
1333 2892 1478 2934 labore
1508 2895 1549 2934 et
1578 2909 1647 2935 su·-

91 2961 190 3002 dore
221 2961 388 3013 vivitur,
419 2961 504 3002 imo
535 2961 610 3003 sub
639 2961 720 3003 hoc
749 2965 975 3015 praetextu
1002 2962 1215 3016 ipsissima
1244 2963 1486 3016 possidetur
1515 2967 1646 3006 terre-
