1931 3224
703 114 766 156 DE
796 110 1038 158 EvANGEmo.
1571 115 1649 156 209

138 239 289 281 XLIX.
315 239 554 282 Secundum
574 239 948 293 comprehenditur
962 240 1039 282 sub
1055 238 1195 293 primo
1212 239 1318 292 legis
1334 241 1579 293 praecepto,
1596 240 1648 281 ad

85 310 204 362 cujus
222 310 562 352 observationem
578 311 707 352 etiam
722 310 930 364 patientia
946 326 994 353 ac
1010 310 1143 353 crucis
1158 310 1388 352 tolerantia
1403 311 1647 363 requiritur.

137 381 181 424 L.
225 381 385 424 Christi
425 382 611 424 imitatio
656 382 765 424 nihil
801 383 915 424 aliud
953 385 1028 435 est,
1068 384 1117 423 ut
1152 380 1280 423 11110111
1309 395 1402 422 03111
1431 380 1648 433 definiunt,

87 468 215 507 quam
251 454 505 508 compositio
542 453 656 495 vitae
693 456 864 495 nostrae
894 454 947 495 ad
974 453 1168 507 regulam
1196 453 1310 493 vitae
1339 450 1443 493 Jesu
1473 450 1645 503 Christi,

86 525 159 577 qui
195 524 386 577 perfecta
423 539 498 566 sua
539 539 639 578 erga
670 524 809 566 Deum
839 539 887 566 ac
915 525 1158 577 proximum
1188 524 1366 566 caritate
1395 523 1502 576 legis
1532 537 1651 564 man-

86 595 184 637 data
222 594 430 648 implevit,
471 610 520 637 ac
555 595 734 648 proinde
770 595 929 636 Christi
967 595 1164 647 imitatio,
1203 609 1290 636 non
1318 595 1362 635 in
1393 594 1499 636 alius
1528 595 1650 648 legis,

86 681 212 719 quam
241 666 286 707 in
314 667 486 708 moralis
518 666 815 708 observatione
845 666 1052 708 consistit.

137 735 202 778 LI.
234 735 375 778 Coena
400 735 575 778 Domini
602 752 689 779 non
718 739 888 779 tantum
918 740 982 779 est
1009 738 1257 779 mandatum
1287 737 1512 791 Evangelii
1537 751 1650 779 cere-

84 807 280 859 moniale,
333 810 461 861 prout
512 810 707 850 statuunt
758 800 987 861 Sociniani,
1041 809 1114 850 sed
1157 809 1286 850 etiam
1330 808 1652 851 Sacramentum

86 879 361 932 εὑχοιριο-τικὸν
399 879 451 920 311
481 879 646 934 gratiae
671 879 868 921 salutaris
897 879 1021 921 nobis
1051 882 1189 921 morte
1219 879 1377 920 Christi
1406 882 1555 932 partae
1587 882 1651 921 at-

86 965 168 1003 que
205 950 442 1004 Evangelio
476 951 756 992 annunciatae
787 950 1115 992 celebrationem
1143 950 1401 1002 institutum,
1431 953 1479 992 ut
1509 950 1652 1004 colligi

84 1024 228 1076 potest
266 1037 317 1064 ex
354 1021 512 1064 Christi
551 1022 969 1074 commonefactione,
1008 1021 1123 1064 Luc.
1155 1022 1308 1074 22,19.
1339 1021 1453 1063 Ηο0
1481 1022 1652 1064 facite

84 1093 139 1135 in
167 1093 268 1135 mei
297 1094 890 1145 commemorationem,
921 1096 962 1135 et
991 1093 1125 1145 Pauli,
1159 1093 1179 1134 1
1214 1091 1307 1134 Cor.
1338 1092 1400 1145 11,
1432 1093 1494 1134 16.
1521 1092 1653 1142 Quo-

84 1165 413 1218 tiescunque
455 1165 688 1207 ederitis
730 1180 920 1218 panem
961 1164 1123 1217 hunc,
1167 1166 1218 1206 et
1260 1165 1512 1218 poculum
1552 1164 1653 1206 hoc

84 1236 369 1289 biberitis,
392 1239 619 1279 mortem
643 1235 863 1279 Domini
887 1235 1330 1288 annunciabitis,
1356 1249 1524 1288 usque
1551 1250 1651 1289 quo

87 1309 317 1351 venerit.

136 1378 225 1421 LII.
265 1379 466 1429 Quamvis
504 1378 732 1432 Evangelii
772 1381 814 1421 et
846 1378 956 1432 legis
984 1378 1187 1420 mandata
1215 1378 1259 1419 in
1290 1393 1339 1420 eo
1370 1380 1650 1432 consentiant,

86 1450 201 1504 quod
244 1450 419 1493 eandem
459 1450 572 1493 vitae
612 1451 807 1504 regulam
849 1450 973 1492 nobis
1017 1451 1322 1504 praescribant,
1366 1453 1414 1492 ut
1451 1451 1651 1494 nimirum

85 1522 238 1574 sobrie,
277 1522 413 1564 nostri
448 1522 630 1573 ratione,
669 1521 871 1575 religiose
910 1536 1012 1574 erga
1051 1520 1202 1572 Deum,
1228 1522 1343 1573 juste
1371 1537 1475 1575 erga
1502 1523 1648 1576 proxi-

86 1608 202 1635 mum
244 1594 447 1644 vivamus,
491 1593 574 1635 Tit.
619 1593 655 1645 2,
700 1593 762 1634 12.
801 1593 846 1634 111
882 1592 966 1634 1100
1004 1595 1148 1634 tamen
1185 1593 1296 1634 inter
1325 1608 1370 1635 se
1399 1593 1652 1649 discrepant,

88 1664 201 1718 quod
238 1663 322 1706 Lex
363 1664 581 1706 hominem
610 1677 729 1705 reum
754 1663 920 1717 peccati
949 1663 1001 1705 ad
1029 1662 1155 1716 hujus
1185 1663 1511 1707 detestationem
1542 1667 1653 1708 exci-

85 1737 168 1785 tet3
206 1735 489 1789 Evangelium
527 1750 627 1778 vero
669 1734 848 1777 eundem
886 1735 972 1776 suis
1007 1734 1059 1776 ad
1089 1734 1217 1776 fidem
1246 1738 1288 1777 et
1315 1736 1653 1790 resipiscentiam

86 1806 457 1848 exhortationibus
488 1807 541 1848 ad
572 1805 788 1848 Christum
815 1805 1147 1859 Redemptorem
1176 1806 1366 1849 deducat.

139 1877 248 1920 LIII.
291 1877 602 1920 Promissiones
638 1876 863 1930 Evangelii
902 1879 1000 1918 sunt
1037 1877 1308 1932 potissimum
1346 1879 1473 1922 duae:
1512 1880 1548 1922 1.
1588 1880 1653 1923 De

56 1949 388 2003 ¹justificatione
432 1964 575 1992 0013111
615 1949 708 1992 Deo
751 1964 828 2003 per
868 1949 1007 1991 fidem.
1050 1950 1088 1990 2.
1132 1948 1196 1991 De
1238 1949 1500 1994 haereditate
1541 1952 1654 1995 vitae

85 2023 294 2069 aeternae,
322 2020 446 2063 Rom.
476 2022 511 2073 1,
542 2021 606 2062 17.
635 2021 657 2062 1
690 2020 790 2062 Joh.
820 2021 857 2073 2,
891 2020 954 2062 25.

139 2091 247 2136 LIV.
276 2092 372 2134 Etsi
400 2093 468 2134 lex
495 2107 582 2134 non
610 2091 749 2133 minus
779 2106 907 2145 quam
934 2091 1216 2145 Evangelium
1241 2092 1333 2136 Deo
1360 2094 1655 2137 obedientibus

86 2163 221 2205 vitam
259 2165 475 2205 aeternam
512 2163 780 2217 polliceatur,
819 2162 924 2204 Mat.
964 2163 1025 2215 19,
1066 2163 1129 2205 16.
1168 2164 1213 2205 in
1243 2179 1291 2206 eo
1320 2167 1463 2207 tamen
1491 2165 1572 2208 hoc
1600 2167 1652 2208 ab

86 2233 159 2276 illa
188 2234 341 2286 differt,
372 2234 486 2287 quod
516 2234 584 2275 lex
612 2234 746 2276 vitam
776 2236 992 2276 aeternam
1021 2235 1195 2277 cuilibet
1221 2236 1387 2278 homini
1414 2238 1653 2291 promittat,

87 2305 165 2347 sub
210 2305 452 2347 conditione
499 2304 699 2358 propriae
742 2305 934 2358 justitiae
981 2306 1215 2359 perfectae;
1255 2308 1537 2362 Evangelium
1576 2309 1653 2351 sub

88 2377 331 2418 conditione
368 2377 529 2419 alienae
559 2377 766 2430 justitiae,
794 2391 947 2431 nempe
979 2376 1149 2430 Christi,
1178 2393 1255 2433 per
1281 2379 1408 2421 fidem
1436 2381 1653 2434 applicati.

140 2447 227 2490 LV.
266 2447 624 2490 Comminationes
662 2449 773 2500 sunt,
813 2448 864 2489 110
900 2448 1134 2490 infidelium
1173 2448 1343 2492 Christo
1373 2466 1459 2493 non
1489 2452 1654 2493 obtem-

87 2518 330 2572 perantium
360 2533 502 2560 coram
532 2518 622 2560 Deo
652 2519 1015 2572 condemnatione,
1043 2535 1091 2562 ac
1116 2535 1254 2574 poena
1278 2523 1429 2564 mortis
1446 2525 1653 2576 aeternae,

88 2588 187 2632 Joh.
212 2591 249 2642 3,
279 2590 341 2631 18.
372 2590 436 2631 36.
466 2588 575 2631 Heb.
606 2590 643 2641 2,
673 2590 710 2631 2.
740 2590 777 2631 3.

141 2660 249 2704 LVI.
281 2661 394 2705 Usus
423 2661 647 2714 Evangelii
675 2661 928 2715 praecipuus
963 2664 1038 2714 est,
1068 2665 1116 2704 ut
1145 2662 1361 2705 Christum
1389 2664 1497 2717 legis
1526 2664 1653 2707 finem

90 2747 180 2774 esse
224 2733 418 2775 ostendat
457 2732 509 2774 311
542 2732 756 2785 justitiam
795 2733 911 2773 omni
940 2733 1139 2784 credenti,
1169 2732 1291 2774 Rom.
1325 2734 1386 2785 10,
1415 2734 1452 2775 4.
1482 2733 1653 2787 Reliqui

91 2818 142 2845 ex
185 2805 274 2857 ejus
316 2804 471 2846 finibus
515 2806 643 2856 atque
682 2803 912 2856 effectibus,
953 2819 1059 2857 quos
1098 2819 1225 2859 supra
1263 2805 1552 2860 indicavimus,
1583 2822 1653 2849 co-

90 2875 239 2929 gnosci
265 2878 457 2929 possunt.

1477 3022 1509 3046 14
