1931 3224
293 145 357 187 DE
386 145 565 195 QUINQUE
594 146 737 188 FALsis
766 146 1079 189 PON'rmcioizuM
1108 139 1390 189 SAcRAMEN‘i‘IS.
1545 150 1619 190 561

115 268 208 311 XX.
236 268 286 311 Id
316 271 427 313 enim
456 272 603 314 dicunt
631 275 780 314 contra
803 272 1014 315 rationem
1040 273 1228 314 omnium
1254 272 1625 315 Sacramentorum

61 343 151 382 tam
183 340 352 384 Veteris
390 357 518 395 quam
544 342 660 385 Novi
689 343 967 396 Testamenti,
998 358 1180 397 quorum
1208 344 1372 386 nullum
1403 343 1623 386 ostendere

63 415 242 465 possunt
280 413 525 456 institutum
561 414 651 456 sine
680 415 839 456 visibili
869 415 1012 468 aliquo
1043 415 1178 468 signo.
1208 415 1385 469 Alioqui
1414 416 1627 458 sufficeret

63 483 116 525 ad
153 484 329 526 verbum
367 485 562 527 accedere
598 485 775 527 verbum
812 488 860 527 ut
888 485 1009 527 fieret
1039 485 1372 529 Sacramentum.
1403 486 1629 528 Praeterea

63 556 227 597 externi
253 555 317 596 illi
346 558 464 598 actus
492 570 578 598 non
602 559 701 598 sunt
725 557 849 610 signa
873 556 1060 599 efficacia
1083 557 1300 600 interioris
1325 557 1629 611 poenitentiae,

64 639 159 667 cum
196 626 341 679 potius
378 627 569 681 interior,
608 643 734 670 causa
773 629 828 669 sit
867 628 1100 670 exterioris.
1142 630 1178 670 3.
1211 628 1332 678 Quod
1361 629 1629 683 Augustinus

62 696 106 737 in
143 696 369 750 Baptismo
407 699 598 752 requirit,
637 700 680 740 id
709 700 761 741 ad
791 701 932 742 omnia
962 699 1146 742 Sacram.
1177 700 1222 741 in
1251 715 1404 754 genere
1437 701 1628 742 extendit

62 766 154 809 Lib.
196 769 257 810 19.
297 772 444 811 contra
481 770 624 812 Faust.
664 786 696 813 c.
728 771 788 813 16.
820 772 934 824 quod
963 772 1050 813 sint
1073 771 1386 813 invisibilis
1412 772 1630 825 gratiae

64 839 222 892 signa
259 841 526 884 visibilia.
556 841 707 883 Visum
736 845 878 884 autem
907 844 951 884 in
980 858 1132 896 genere
1162 843 1297 897 accipi
1326 858 1405 897 pro
1437 843 1631 896 quolibet

63 924 199 963 sensu,
239 926 355 954 mera
391 912 627 966 sophistica
666 916 740 966 est,
781 914 942 967 alioqui
978 913 1138 956 frustra
1167 914 1430 956 distinxisset
1459 914 1630 968 Augus-

62 981 178 1024 tinus
215 983 344 1026 verba
381 984 611 1026 invisibilia
646 1001 670 1026 a
709 985 959 1037 visibilibus,
1000 986 1043 1027 id
1073 988 1136 1028 est
1165 985 1463 1028 Sacramentis.
1493 986 1550 1028 Et
1578 1002 1630 1029 ne

63 1053 114 1095 de
156 1055 246 1107 ejus
287 1070 411 1097 sensu
455 1055 692 1108 dubitetur;
737 1057 877 1109 quod
919 1057 1137 1098 videtur
1182 1056 1358 1109 (inquit)
1399 1057 1442 1098 in
1481 1056 1630 1099 Sacra-

62 1125 229 1177 mentis,
254 1125 419 1168 habet
444 1127 679 1181 speciem
704 1127 1070 1180 corporalem3
1099 1127 1239 1180 quod
1261 1127 1621 1181 intelligitur

61 1195 297 1239 fructum
326 1197 492 1240 habet
521 1198 883 1252 spiritualem.
909 1198 1027 1252 Ergo
1053 1198 1295 1252 symbolum
1318 1198 1631 1242 Sacramentale

62 1282 229 1322 semper
258 1268 444 1322 aliquam
473 1269 768 1323 substantiam,
801 1284 978 1324 eamque
1006 1270 1233 1322 visibilem,
1265 1284 1353 1312 esse
1382 1273 1562 1312 constat.

115 1339 232 1382 XXI.
270 1339 399 1382 Mitto
440 1341 552 1394 quod
591 1342 803 1384 dissensus
841 1341 897 1383 sit
935 1342 1047 1383 inter
1085 1340 1334 1383 Pontificios
1374 1341 1423 1383 de
1451 1343 1631 1383 materia

61 1410 177 1453 illius
216 1410 501 1463 Sacramenti3
541 1427 681 1466 quam,
723 1413 797 1466 qui
832 1415 1067 1466 sequuntur
1096 1412 1285 1465 Scotum,
1316 1413 1359 1453 in
1389 1413 1479 1454 sola
1507 1414 1630 1455 abso-

39 1482 223 1524 ‘lutione
264 1486 444 1536 ponunt,
489 1498 596 1536 quae
635 1483 831 1526 omnibus
870 1484 977 1536 aliis,
1016 1487 1057 1525 et
1094 1499 1193 1538 pars
1232 1484 1435 1526 materiae
1473 1487 1549 1536 est,
1589 1488 1630 1526 et

59 1553 198 1596 forma
236 1554 383 1606 simul;
422 1555 536 1608 quod
571 1555 835 1597 absurditate
864 1570 949 1597 non
980 1558 1107 1597 caret.
1151 1554 1245 1607 Sed,
1278 1555 1392 1607 quod
1419 1555 1629 1609 imprimis

62 1625 310 1677 notandum,
365 1625 505 1668 forma
547 1625 623 1667 illa
671 1626 951 1668 absolutionis
998 1628 1061 1667 est
1113 1626 1334 1667 inventum
1382 1625 1628 1679 humanum,

63 1712 172 1750 quae
210 1712 347 1750 neque
383 1697 428 1738 in
457 1696 689 1751 Scriptura,
719 1712 857 1750 neque
885 1698 929 1738 in
959 1699 1052 1738 tota
1082 1697 1339 1750 antiquitate
1370 1697 1535 1750 uspiam
1563 1713 1630 1740 re-

61 1768 237 1821 peritur.
267 1767 355 1811 Ubi
384 1771 527 1811 autem
554 1784 641 1811 non
670 1772 733 1810 est
762 1769 938 1811 verbum
967 1768 1062 1820 Dei,
1090 1783 1177 1810 non
1206 1770 1270 1809 est
1295 1767 1628 1822 Sacramentum,

0 1872 3 1873 ⁷
61 1854 140 1882 nec
163 1840 289 1893 valet,
315 1840 429 1893 quod
454 1840 583 1882 verba
606 1840 680 1882 illa
705 1839 875 1890 Christi,
902 1840 1133 1890 Quorum
1152 1840 1490 1882 remiseritis
1514 1855 1629 1894 pec-

63 1914 207 1964 cata,
246 1912 628 1964 remittentur,
667 1915 743 1954 etc.
782 1911 1033 1964 virtualiter,
1072 1913 1119 1953 ut
1158 1911 1404 1964 loquuntur,
1445 1911 1628 1954 formam

8 1995 11 1997 ·
61 1981 177 2023 illam
215 1983 432 2025 continere
470 1983 703 2033 somniant;
743 1983 779 2025 si
817 1983 928 2024 enim
965 1983 1010 2024 in
1048 1982 1186 2024 verbis
1214 1982 1299 2024 illis
1326 1982 1488 2024 inclusa
1518 1986 1629 2025 esset

63 2051 325 2095 Sacramenti
363 2053 540 2107 alicujus
579 2053 729 2106 forma,
764 2056 1013 2107 sequeretur
1043 2054 1172 2096 etiam
1199 2054 1242 2095 in
1271 2054 1411 2096 verbis
1442 2056 1628 2106 annexis,

63 2138 291 2177 quorum
328 2124 686 2166 retinueritis
717 2127 965 2178 peccata,
994 2127 1210 2167 retenta
1242 2127 1388 2177 sunt,
1421 2125 1628 2167 inclusam

64 2210 153 2237 esse
204 2195 388 2238 formam
441 2196 643 2238 contrarii
685 2196 860 2250 alicujus
904 2195 1179 2247 Sacramenti,
1225 2195 1370 2237 eadem
1412 2196 1524 2253 enim
1566 2199 1630 2238 est

62 2266 292 2320 utrobique
329 2268 462 2317 rati0;
492 2270 540 2309 ut
566 2282 668 2321 ergo
698 2282 784 2310 non
814 2267 955 2321 aliqua
986 2267 1172 2309 efficacia
1201 2266 1520 2320 Sacramentali,
1549 2268 1628 2308 im-

62 2338 376 2392 poenitentium
404 2341 580 2392 peccata
608 2339 858 2391 retinentur,
889 2338 960 2381 sed
983 2338 1102 2380 verbi
1126 2338 1258 2380 divini
1282 2338 1544 2381 Ministerio:
1569 2339 1629 2380 sic

63 2410 180 2452 nulla
220 2425 327 2464 opus
367 2413 430 2452 est
469 2410 774 2453 Sacramentali
814 2410 1012 2462 efficacia,
1044 2410 1096 2452 ad
1124 2410 1378 2452 remittenda
1406 2410 1629 2464 poeniten-

61 2481 177 2523 tibus
207 2484 395 2535 peccata,
421 2482 493 2524 sed
519 2482 610 2524 solo
633 2482 752 2524 verbi
776 2481 1027 2534 ministerio,
1053 2481 1372 2535 poenitentibus
1398 2482 1627 2535 applicato.

114 2551 250 2595 XXH.
288 2552 339 2595 In
370 2553 561 2595 Ecclesia
588 2554 734 2606 veteri,
764 2554 923 2595 usitata
951 2553 1032 2595 fuit
1062 2553 1348 2606 poenitentia3
1380 2568 1526 2596 eorum
1556 2554 1629 2607 qui

63 2626 163 2677 post
192 2624 376 2678 primam
405 2639 524 2666 suam
553 2625 872 2667 conversionem
901 2625 946 2666 in
974 2627 1149 2678 peccata
1174 2624 1485 2677 relabebantur,
1512 2626 1628 2678 cujus

64 2696 259 2750 exempla
286 2696 423 2738 multa
453 2696 636 2750 proferri
664 2699 854 2750 possunt,
881 2696 925 2737 in
956 2696 1109 2749 quibus
1132 2696 1325 2738 remissio
1350 2711 1449 2738 vera
1474 2696 1629 2739 collata

64 2768 128 2808 est
166 2767 526 2821 resipiscentibus,
565 2768 654 2810 sine
683 2768 771 2809 ulla
799 2767 1064 2810 Sacramenti
1093 2766 1301 2820 specialis,
1330 2768 1374 2808 in
1404 2783 1497 2809 eam
1526 2783 1626 2820 rem,

69 2836 449 2880 administratione.
488 2839 513 2879 2
550 2837 657 2892 Reg.
698 2839 761 2889 12,
801 2838 862 2879 13.
902 2837 1144 2891 applicatur
1185 2853 1208 2879 a
1244 2837 1446 2880 Nathane
1473 2838 1628 2881 Davidi

63 2907 290 2962 absolutio,
318 2925 395 2963 per
421 2909 526 2952 haec
554 2909 696 2962 verba,
725 2908 988 2951 Dominus
1018 2909 1316 2950 transtulit
1344 2914 1626 2963 peccatum

63 2981 221 3022 tuum.
251 2979 343 3023 Nec
373 2983 436 3023 est
467 2981 581 3034 quod
609 2979 894 3023 Bellarminus
923 2983 1115 3030 recurrat
1140 2981 1193 3022 ad
1217 2980 1443 3034 specialem
1466 2982 1629 3024 revela-

1486 3056 1520 3080 36
