1931 3224
571 117 635 161 Dn
663 117 923 160 Siommmo
952 116 1159 160 BAPrisMI.
1572 118 1647 159 501

91 242 260 297 proprii
287 242 371 284 sint
398 242 584 297 ascripti,
615 243 743 295 atque
771 241 902 284 insiti.
931 241 1026 284 Hoc
1056 241 1168 283 enim
1193 255 1292 283 casu
1316 240 1476 282 multae
1500 240 1652 282 Refor-

90 317 229 356 matae
257 313 471 356 Ecclesiae
501 328 572 355 eos
600 313 832 367 baptizant,
864 312 963 366 quia
993 328 1016 354 a
1049 312 1140 354 Deo
1170 312 1215 353 in
1239 311 1421 354 foederis
1447 311 1511 352 sui
1538 326 1650 352 com-

90 385 335 428 munionem
370 385 452 427 hoc
490 387 616 438 pacto
649 399 720 427 eos
750 384 898 426 ascisci
924 384 1130 437 judicant,
1159 383 1286 436 idque
1317 382 1466 425 Genes.
1495 382 1557 434 17,
1588 382 1651 423 12.

92 458 134 498 et
175 456 235 497 13.
275 457 388 509 quod
424 456 468 498 111
500 456 634 498 veteri
664 456 854 498 Ecclesia
882 456 943 498 ita
973 458 1093 497 extra
1123 454 1456 497 controversiam
1482 453 1576 506 fuit,
1605 456 1652 494 ut

89 527 355 580 Augustinus
394 542 444 569 ex
475 527 557 569 hoc
585 527 699 569 facto
730 530 1030 581 argumentum
1061 526 1209 568 efficax
1241 526 1458 568 electionis
1487 525 1652 579 gratui-

90 600 159 640 tae
188 598 387 639 adversus
416 597 671 651 Pelagianos
700 613 1006 651 nonnunquam
1035 597 1213 639 duxerit.

144 668 188 710 L.
228 667 318 710 Nec
355 671 497 710 tamen
525 669 620 710 ideo
652 669 909 711 excludimus
939 669 991 711 ab
1020 669 1145 722 hujus
1174 669 1435 711 Sacramenti
1464 684 1652 711 commu-

90 740 216 781 nione
244 739 428 781 infantes
459 755 542 791 eos,
573 740 646 793 qui
675 755 725 781 ex
754 740 993 781 Christiana
1019 740 1152 793 stirpe
1178 743 1220 782 et
1242 740 1472 793 baptizatis
1498 755 1652 793 paren-

89 811 203 853 tibus
232 811 324 852 nati
352 814 462 863 sunt,
494 811 572 853 etsi
600 811 792 865 ipsorum
820 814 1018 865 parentes
1046 827 1122 865 per
1145 813 1278 853 vitam
1301 812 1553 865 improbam,
1580 814 1652 853 aut

88 882 216 923 fidem
251 882 475 935 impuram,
513 882 695 923 foederis
732 882 776 923 111
814 881 1038 935 Baptismo
1069 882 1283 935 obsignati
1315 882 1548 923 efficaciam
1576 882 1649 923 ad-

88 968 233 995 versus
271 968 315 995 se
352 953 520 995 irritam
555 953 754 1005 reddant3
795 953 830 994 si
864 954 917 995 ab
946 953 1095 995 iisdem
1124 953 1372 1006 parentibus
1402 956 1475 994 aut
1504 968 1650 995 eorum

88 1025 352 1079 propinquis,
383 1025 458 1066 sub
491 1039 671 1076 quorum
699 1026 913 1077 potestate
944 1026 1054 1075 sunt,
1080 1025 1204 1076 juxta
1230 1025 1421 1066 ordinem
1444 1025 1488 1066 in
1504 1024 1650 1066 Eccle-

88 1095 160 1136 siis
187 1096 345 1137 nostris
374 1097 622 1137 consuetum
650 1094 873 1147 Baptismo
905 1095 1161 1146 offeruntur;
1194 1096 1293 1147 quia
1320 1096 1397 1137 sub
1422 1111 1533 1137 novo
1560 1096 1649 1138 foe-

89 1166 185 1208 dere
217 1166 328 1208 filius
354 1181 440 1208 non
464 1166 546 1208 fert
570 1166 843 1219 iniquitatem
867 1166 1013 1219 patris,
1045 1169 1086 1207 et
1111 1167 1226 1207 Deus
1255 1167 1532 1208 nihilominus
1561 1182 1650 1208 ma-

87 1240 159 1280 net
184 1238 391 1291 ejusmodi
416 1238 647 1280 liberorum
662 1237 789 1289 Deus,
808 1238 1165 1290 quemadmodum
1178 1238 1270 1291 ipse
1285 1240 1480 1289 testatur,
1496 1238 1648 1280 Ezech.

88 1309 150 1351 16.
182 1311 223 1350 et
252 1309 315 1350 23.
345 1309 419 1350 ubi
447 1308 678 1362 impiorum
714 1308 1006 1350 Israelitarum
1043 1308 1200 1349 liberos
1236 1308 1347 1349 filios
1381 1323 1477 1349 suos
1512 1312 1648 1361 vocat,

90 1396 196 1434 quos
224 1381 316 1422 Deo
346 1382 594 1434 genuerant,
619 1380 699 1422 etsi
729 1394 799 1421 eos
824 1379 1024 1422 Molocho
1052 1380 1274 1431 offerrent3
1301 1382 1343 1421 et
1367 1379 1482 1421 Deus
1518 1396 1568 1422 ex
1597 1381 1648 1423 iis

86 1467 163 1505 per
193 1451 452 1493 ordinariam
488 1451 607 1493 verbi
634 1451 997 1505 praedicationem
1024 1451 1258 1493 Ecclesiam
1288 1466 1408 1493 suam
1437 1451 1648 1493 ordinarie

88 1538 256 1576 quoque
297 1523 475 1576 colligit.
515 1522 638 1565 Unde
678 1526 720 1565 et
758 1523 963 1576 ejusmodi
992 1522 1293 1575 Israelitarum,
1321 1538 1501 1576 quorum
1525 1524 1650 1565 multi

85 1594 130 1635 in
158 1594 378 1649 impietate
408 1609 482 1636 sua
511 1594 680 1636 fuerant
706 1594 877 1646 mortui,
906 1609 992 1636 non
1021 1595 1160 1635 minus
1191 1610 1318 1647 quam
1347 1594 1516 1648 piorum
1543 1595 1648 1637 libe-

84 1680 154 1707 ros
183 1666 425 1707 circumcidi
449 1666 590 1719 jussit,
619 1666 644 1707 J
650 1681 707 1707 os.
736 1666 772 1718 5,
801 1666 839 1707 4.
866 1668 908 1707 et
933 1667 969 1707 6.
1000 1667 1113 1719 quod
1142 1667 1271 1708 etiam
1296 1666 1486 1708 Ecclesia
1510 1666 1643 1708 Israe—

82 1737 200 1778 litica
229 1739 271 1778 et
299 1736 539 1779 Christiana
562 1737 781 1790 primitiva
805 1737 1044 1779 faciendum
1071 1752 1158 1779 esse
1175 1740 1296 1779 extra
1312 1737 1646 1779 controversiam

84 1823 251 1862 semper
279 1808 443 1850 habuit.

138 1878 204 1921 LI.
242 1878 518 1933 Baptismi
556 1881 828 1933 Adjuncta
867 1883 988 1931 sunt,
1026 1880 1171 1922 Primo
1209 1881 1350 1922 unitas
1389 1882 1490 1933 ejus,
1521 1880 1647 1922 sicuti

85 1951 197 1993 enim
224 1951 351 1993 semel
379 1954 548 1993 tantum
570 1952 796 2004 nascimur,
823 1953 884 1994 ita
909 1955 949 1994 et
975 1953 1103 1994 semel
1117 1953 1388 2003 renascimur,
1405 1968 1453 1994 ac
1469 1952 1646 2005 proinde

85 2025 127 2064 et
163 2022 499 2076 regenerationis
532 2024 701 2077 signum
730 2024 859 2065 semel
887 2025 1131 2078 accipimus.
1162 2024 1284 2066 Unde
1313 2024 1439 2066 sicuti
1469 2025 1646 2065 circum-

84 2093 186 2134 cisio
224 2094 351 2135 semel
389 2094 545 2136 collata
583 2096 767 2148 repetita
804 2110 890 2137 non
926 2095 1020 2147 fuit,
1060 2096 1121 2137 ita
1150 2098 1191 2137 et
1219 2096 1490 2149 Baptismum
1517 2097 1646 2138 semel

83 2164 273 2217 legitime
312 2165 515 2207 collatum
551 2167 830 2219 repetendum
868 2182 970 2219 esse,
1009 2167 1138 2209 Sacra
1176 2168 1398 2220 Scriptura
1423 2183 1501 2209 nec
1528 2183 1646 2208 man-

84 2235 196 2287 dato,
247 2251 325 2277 nec
378 2237 569 2291 exemplo
611 2237 746 2279 docet.
791 2237 902 2287 Quin
945 2240 1106 2290 contra,
1150 2238 1392 2291 ubicunque
1433 2238 1646 2291 Baptismi

82 2305 242 2346 mentio
283 2305 327 2346 in
369 2305 495 2347 Novo
539 2306 811 2350 Testamento
854 2310 915 2362 fit,
959 2309 1083 2351 unius
1125 2312 1294 2351 tantum
1334 2310 1559 2363 Baptismi,
1605 2313 1645 2352 et

84 2376 213 2417 semel
243 2376 386 2418 collati
412 2377 461 2418 fit
488 2378 660 2421 mentio.
690 2378 815 2422 Unde
844 2395 1013 2434 quoque
1039 2384 1080 2423 et
1104 2395 1300 2434 expresse
1325 2395 1432 2422 unus
1456 2382 1644 2431 vocatur,

82 2446 195 2501 Eph.
223 2448 261 2501 4,
291 2449 327 2490 5.

135 2520 225 2563 LII.
269 2520 499 2575 Tempus
540 2521 777 2577 Baptismo,
821 2523 946 2566 sicuti
989 2523 1309 2566 Circumcisioni
1350 2523 1444 2574 fuit,
1482 2522 1645 2564 nullum

83 2596 246 2636 certum
282 2594 596 2648 praescriptum
634 2597 716 2636 est:
747 2595 917 2636 interim
945 2598 1102 2646 tamen,
1133 2610 1259 2648 quam
1290 2594 1475 2648 primum
1504 2593 1539 2635 is
1569 2609 1644 2648 per

82 2666 297 2708 Ecclesiae
326 2666 518 2708 ordinem
547 2668 588 2707 et
617 2666 864 2720 baptizandi
887 2667 1174 2708 valetudinem
1198 2666 1347 2707 haberi
1370 2668 1527 2719 potest,
1548 2680 1643 2707 eum

82 2737 312 2791 petendum
344 2737 594 2790 judicamus,
634 2737 735 2790 quia
772 2738 985 2779 ordinaria
1023 2737 1188 2779 divinae
1227 2738 1388 2791 gratiae
1426 2737 1644 2791 signa-cula

61 2809 126 2851 ¹et
161 2809 445 2851 instrumenta
482 2808 645 2862 negligi
681 2824 704 2850 a
731 2808 855 2850 nobis
884 2808 972 2850 sine
1001 2811 1176 2862 peccato
1206 2823 1293 2850 non
1322 2811 1512 2861 possunt,
1543 2823 1642 2851 con-

81 2881 214 2922 temni
243 2895 343 2922 vero
372 2894 457 2921 non
485 2879 568 2921 nisi
594 2894 751 2933 magno
782 2894 876 2921 cum
904 2882 1078 2933 peccato
1109 2895 1157 2922 ac
1184 2879 1372 2934 periculo
1405 2882 1596 2933 possunt.

135 2949 245 2992 LIII.
285 2950 455 2992 Locus
495 2950 631 2992 omnis
669 2949 947 2992 conventibus
986 2950 1115 2992 sacris
1153 2950 1387 2992 destinatus
1417 2950 1640 3003 Baptismo
