1931 3224
494 101 558 144 DE
587 101 628 145 S.
657 100 812 144 ScmPT.
842 102 985 145 Pmsp.
1014 118 1061 145 ΕΤ
1089 103 1274 147 INTERPR.
1614 109 1663 149 41

106 228 168 271 163
208 227 261 270 ad
299 241 406 281 quos
444 225 610 279 scribit)
651 226 790 281 quod
828 227 1125 270 attendant
1162 231 1403 273 sermoni
1433 231 1667 286 prophe-

107 299 235 350 tico,
265 297 307 340 id
335 299 409 349 est,
435 296 679 351 scripturis,
711 297 880 340 donec
909 299 1111 341 lucifer
1138 300 1192 341 in
1219 300 1465 353 ipsorum
1496 303 1666 345 cordi-

107 369 204 411 bus
235 369 460 411 oriatur.

161 439 277 482 XIV.
315 438 405 482 Imo
444 453 543 481 vero
582 439 733 482 beati
772 440 1072 494 praedicantur
1101 457 1125 483 a
1153 441 1317 484 Davide
1347 442 1415 485 Ps.
1448 445 1482 496 1,
1513 446 1549 487 2.
1581 446 1667 498 qui

68 566 73 570 ι
106 511 340 553 interdiu
365 525 422 553 ac
445 513 610 553 noctu
631 512 685 554 in
708 511 828 566 lege
853 511 950 554 Dei
972 513 1322 556 meditantur.
1339 515 1585 568 EtAct.17,
1605 517 1667 558 11.

106 583 333 624 laudantur
370 597 471 636 prae
515 583 665 624 ceteris
703 582 855 625 Judaei
893 583 1151 627 Beroeenses
1192 586 1326 638 quod
1365 586 1667 641 Scripturas

109 653 361 706 quotidie
404 654 792 706 examinarent,
839 669 901 695 an
946 670 1036 697 eae
1079 657 1157 698 sic
1200 671 1253 698 se
1290 657 1571 700 haberent.
1610 660 1669 702 Et

108 725 244 779 Apoc.
275 726 309 777 1,
341 726 377 767 3.
421 725 570 768 beati
613 725 703 767 fore
733 726 942 779 dicuntur,
989 727 1079 780 qui
1116 728 1309 782 legunt
1349 732 1403 771 et
1440 730 1669 772 audiunt

109 811 382 839 sermones
421 796 755 851 prophetiae
794 798 920 850 ejus,
961 801 1014 840 et
1052 802 1278 841 servant
1317 815 1451 853 quae
1486 801 1540 843 in
1567 801 1669 843 illa

109 870 268 909 erant
298 868 521 922 scripta.
552 867 668 917 Quae
698 868 840 910 omnia
869 869 1062 910 mandari
1093 885 1141 912 ac
1167 871 1453 913 commendari
1476 872 1669 914 fidelibus

107 939 226 981 nullo
256 939 383 981 modo
412 942 599 993 possent,
629 940 712 981 nisi
740 939 962 994 Scriptura
990 941 1052 982 ita
1082 944 1192 983 esset
1221 944 1518 996 attemperata,
1548 946 1596 985 ut
1621 959 1669 986 ea

109 1025 216 1063 quae
255 1010 437 1052 salutem
467 1013 664 1064 spectant
692 1011 736 1052 in
764 1011 846 1052 fide
876 1014 918 1053 et
947 1012 1149 1065 moribus,
1181 1012 1233 1054 ab
1263 1013 1411 1056 iisdem
1440 1029 1518 1068 pro
1543 1029 1669 1057 voca-

107 1082 225 1123 tione
255 1082 460 1135 cujusque
488 1082 677 1136 intelligi
705 1084 893 1136 possent.

160 1152 254 1195 XV.
293 1152 601 1195 Demonstrant
637 1153 743 1195 illud
781 1154 910 1196 etiam
947 1154 1249 1209 inscriptiones
1288 1156 1589 1212 plerorumque
1617 1157 1670 1200 li-

107 1225 280 1267 brorum
322 1240 550 1277 sacrorum,
589 1225 800 1279 imprimis
837 1226 1118 1280 epistolarum
1145 1227 1506 1282 Apostolicarum,
1538 1245 1670 1283 quae

109 1297 171 1339 ad
201 1311 380 1339 omnes
408 1296 609 1339 fideles
639 1299 692 1339 et
715 1312 904 1340 nomen
933 1298 1032 1340 Dei
1055 1299 1379 1342 invocantes
1406 1301 1668 1358 diriguntur;

109 1369 223 1423 quod
261 1383 361 1410 sane
399 1369 452 1410 ab
492 1369 608 1411 omni
644 1369 810 1411 ratione
850 1372 961 1411 esset
999 1370 1197 1423 alienum,
1237 1372 1319 1413 nisi
1359 1372 1411 1414 ab
1448 1373 1554 1427 ipsis
1582 1374 1672 1428 legi

109 1443 150 1483 et
188 1456 267 1495 pro
295 1441 518 1483 vocatione
546 1440 734 1494 intelligi
763 1443 951 1494 possent,
993 1456 1088 1483 cum
1126 1457 1174 1485 eo
1215 1458 1299 1496 quo
1330 1443 1448 1486 decet
1475 1444 1601 1487 modo
1629 1447 1671 1486 et

107 1512 345 1555 reverentia
375 1511 427 1553 ad
456 1526 596 1553 earem
623 1511 852 1553 lectionem
882 1512 1098 1554 accedunt.

160 1581 276 1625 XVI.
316 1582 514 1632 Quinimo
554 1581 595 1625 S.
633 1582 833 1637 Sciptura
868 1583 1014 1625 multis
1044 1584 1211 1627 disertis
1241 1585 1346 1628 locis
1375 1601 1474 1628 suae
1503 1586 1668 1641 perspi-

110 1654 281 1696 cuitatis
319 1656 361 1696 et
391 1654 626 1696 evidentiae
655 1654 736 1696 sibi
764 1655 1058 1697 testimonium
1088 1656 1277 1710 praebet.
1308 1656 1480 1699 Deuter.
1510 1658 1573 1710 29,
1604 1659 1666 1700 29.

111 1725 214 1767 dicit
236 1724 398 1767 Moses:
423 1724 566 1768 Haec
594 1725 753 1767 nobis
779 1728 830 1767 et
852 1726 998 1768 filiis
1021 1727 1231 1769 nostris
1258 1731 1382 1770 sunt
1409 1729 1668 1781 revelata,

109 1798 167 1837 ut
215 1795 480 1838 faciamus
535 1796 712 1838 01111113
758 1797 923 1838 verba
964 1797 1115 1850 hujus
1158 1798 1312 1852 legis.
1356 1798 1456 1853 Cap.
1500 1800 1563 1851 30,
1607 1801 1669 1842 11.

111 1867 266 1910 dicitur
313 1870 669 1921 praeceptum
707 1867 807 1910 hoc
843 1882 946 1910 non
984 1883 1100 1910 esse
1138 1870 1411 1912 occultum
1451 1886 1475 1913 a
1511 1871 1669 1914 nobis

110 1953 203 1980 1160
257 1939 628 1992 longinquum.
680 1938 748 1981 Ps.
793 1940 881 1992 119,
927 1940 1015 1982 105.
1060 1944 1237 1983 vocatur
1279 1942 1503 1984 lucerna
1545 1943 1671 1997 pedi

111 2012 313 2063 nostro,
358 2012 408 2052 et
449 2010 540 2052 lux
577 2011 772 2053 itineri
811 2013 1014 2053 nostro.
1053 2011 1178 2054 Prov.
1216 2013 1252 2065 6,
1292 2013 1355 2054 23.
1396 2013 1550 2056 dicitur
1587 2014 1671 2056 lex

110 2081 212 2122 lux.
243 2083 267 2122 2
294 2081 408 2124 Petr.
439 2082 475 2123 1.
501 2082 744 2136 appellatur
767 2082 855 2125 fax
882 2083 1174 2137 splendens
1198 2085 1251 2126 in
1276 2084 1512 2128 obscuro
1537 2086 1670 2128 1000.

112 2153 136 2193 2
174 2152 267 2195 Cor.
305 2153 342 2206 3,
383 2153 444 2195 14.
484 2156 668 2196 testatur
710 2154 960 2208 Apostolus,
1009 2156 1252 2198 velamen
1294 2157 1433 2210 quod
1474 2158 1526 2199 in
1567 2157 1614 2198 le
1630 2172 1671 2198 c-

112 2224 263 2266 tione
283 2223 506 2266 Veteris
533 2224 762 2268 Testam.
791 2226 1123 2269 Judaeorum
1151 2227 1533 2270 induratorum
1562 2243 1671 2270 cor-

114 2295 271 2337 dibus
311 2299 429 2338 erat
466 2297 796 2351 impositum,
835 2313 929 2351 per
967 2297 1244 2340 Christum
1281 2299 1496 2342 aboleri
1534 2302 1584 2342 et
1609 2299 1670 2341 ab

114 2381 295 2409 eorum
333 2367 594 2409 cordibus
624 2368 862 2410 ablatum
890 2369 975 2422 iri,
1008 2384 1120 2411 cum
1150 2370 1211 2411 ad
1239 2369 1525 2413 Dominum
1555 2385 1671 2413 con-

112 2438 258 2480 versi
294 2438 519 2480 fuerint.
558 2438 658 2492 Cap.
697 2440 734 2492 4,
773 2441 810 2481 2.
850 2440 1010 2492 scribit,
1055 2455 1098 2482 se
1147 2440 1529 2484 declaratione
1581 2456 1672 2483 seu

114 2509 396 2552 evidentia
450 2511 737 2564 veritatis,
796 2512 1168 2554 commendare
1219 2527 1270 2554 se
1313 2513 1491 2566 ipsum
1533 2513 1673 2566 apud

115 2597 318 2626 omnem
364 2583 765 2624 conscientiam
811 2583 1085 2625 hominum
1122 2585 1175 2626 in
1213 2587 1516 2638 conspectu
1552 2584 1671 2636 Dei3

113 2655 216 2697 imo
246 2654 291 2696 si
318 2653 681 2707 Evangelium
710 2670 858 2697 suum
882 2658 1087 2698 tectum
1113 2658 1205 2708 est,
1232 2656 1302 2697 iis
1327 2657 1531 2697 tectum
1557 2669 1671 2697 esse

115 2726 205 2779 qui
242 2728 488 2779 pereunt,
528 2726 581 2767 in
619 2726 815 2779 quibus
855 2726 996 2769 Deus
1026 2726 1189 2779 hujus
1220 2726 1392 2768 seculi
1422 2741 1672 2769 excaeca-

114 2798 192 2840 vit
219 2800 445 2850 mentes,
477 2812 539 2839 ne
569 2798 806 2840 irradiet
835 2813 924 2841 eos
953 2799 1129 2840 lumen
1159 2797 1469 2850 Evangelii.

167 2868 304 2912 XVII.
340 2869 459 2911 Idem
497 2869 790 2911 demonstrant
829 2870 990 2921 effecta,
1026 2884 1134 2922 quae
1162 2869 1293 2912 verbo
1321 2870 1483 2924 scripto
1513 2870 1674 2925 passim

114 2939 160 2980 in
195 2938 416 2994 Scriptura
454 2940 758 2992 attribuuntur,
797 2941 927 2982 etiam
955 2940 1137 2982 maxime
1174 2940 1473 2993 imperitorum
1501 2943 1544 2982 et
1572 2941 1672 2982 sim-
