1931 3224
638 147 702 190 DE
732 147 863 191 Coma
891 147 1055 191 DOMINI.
1547 148 1625 189 505

64 272 310 315 remissione
352 272 509 314 usitata
550 272 731 314 fuerunt.
774 272 942 314 Dicitur
979 275 1122 314 autem
1157 273 1218 314 ita
1255 272 1322 314 vel
1360 288 1384 314 a
1425 272 1624 314 missione

66 344 308 386 oblatorum
331 359 355 385 a
380 343 607 396 Fidelibus,
633 344 698 386 vel
722 360 745 386 a
770 344 980 398 principio
999 344 1294 386 celebrationis
1310 343 1624 399 Mysteriorum,

67 413 180 467 quod
216 413 357 465 fiebat,
395 412 714 456 Catechumenis
745 417 786 456 et
815 415 1141 457 Poenitentibus
1171 415 1298 456 missa
1328 430 1400 456 seu
1424 414 1626 456 missione

64 485 198 526 facta:
237 485 303 526 vel
342 499 366 526 a
394 484 489 536 fine,
529 499 622 526 cum
653 486 780 527 sacris
810 486 993 539 peractis
1021 486 1150 528 missa
1179 501 1251 528 seu
1279 487 1423 528 missio
1452 487 1501 528 fit
1529 486 1627 527 fide-

66 556 176 597 libus
220 555 413 607 abeundi,
457 556 620 598 solenni
661 556 741 598 hac
779 557 973 609 formula,
1011 557 1059 598 It
1071 572 1092 599 e
1127 557 1224 599 mis
1236 572 1254 598 s
1267 572 1291 598 a
1330 572 1350 599 e
1364 560 1431 609 st,
1469 557 1514 599 id
1553 559 1627 608 est,

66 627 211 669 missio
242 630 316 668 est.
346 626 537 668 Vocatur
567 642 737 680 quoque
766 628 967 670 deteriori
995 643 1096 670 aevo
1127 627 1155 669 S
1169 643 1192 669 a
1204 643 1225 669 c
1235 644 1254 669 r
1266 643 1289 669 a
1299 643 1340 669 m
1353 643 1373 670 e
1384 643 1411 669 n
1421 630 1440 669 t
1451 644 1478 669 u
1489 643 1531 669 m
1561 627 1629 668 al-

66 701 85 740 t
97 713 121 740 a
131 698 228 750 ris,
247 698 361 750 quod
377 699 419 739 et
434 697 656 751 Lutherus,
673 699 814 740 nescio
832 714 915 752 qua
931 714 1069 750 causa,
1087 699 1338 740 servandum
1354 699 1433 740 sibi
1449 698 1629 752 putavit.

120 769 194 811 VI.
225 769 303 810 Est
332 771 475 811 autem
499 769 638 811 Coena
667 769 841 812 Domini
866 771 1100 812 alterum
1124 770 1250 812 novi
1274 769 1516 812 foederis
1541 785 1631 811 seu

68 841 392 882 testamenti
431 840 863 893 Sacramentum,
894 856 1045 895 nemp
1060 857 1081 883 e
1111 842 1430 895 spiritualis
1459 842 1631 883 nutri-

68 912 263 964 tionis,
303 927 326 953 a
365 911 585 953 Christo
625 912 853 954 Domino
892 915 1082 955 nostro
1111 913 1379 955 fidelibus
1407 913 1631 954 institu—
1661 960 1683 965 ἢ

69 986 198 1036 tuni,
240 998 340 1036 quo
380 998 515 1036 pane
551 983 754 1036 fracto,
797 986 847 1025 et
878 984 1001 1025 vino
1041 983 1244 1035 effuso,
1284 983 1536 1026 Christus
1577 987 1632 1025 ut

70 1070 263 1109 passus
301 1057 653 1106 mortuusque
683 1069 773 1096 seu
804 1069 999 1107 corpus
1029 1056 1145 1108 ejus
1174 1055 1410 1096 fractum
1440 1057 1488 1096 et
1517 1070 1631 1096 san-

71 1127 191 1180 guis
243 1125 454 1167 effusus
497 1125 548 1165 in
591 1124 970 1166 remissionem
1013 1128 1369 1178 peccatorum
1413 1125 1632 1179 signifi—

72 1201 244 1250 catur,
285 1211 578 1248 eorumque
616 1196 1059 1250 participatione
1090 1212 1146 1238 ac
1176 1198 1550 1239 communione
1580 1198 1633 1239 in

73 1270 248 1312 cibum
287 1270 470 1323 potum
485 1282 584 1320 que
613 1267 968 1321 spiritualem
997 1269 1337 1310 sumentibus
1368 1269 1633 1322 offertur,

73 1343 123 1382 et
161 1339 427 1381 fidelibus
467 1338 772 1380 confertur:
810 1338 991 1393 Usurp
1006 1340 1199 1381 andum
1227 1341 1288 1382 ad
1319 1340 1532 1382 Christi
1562 1355 1634 1382 re-

74 1411 475 1463 cordationem,
503 1425 615 1452 cum
635 1410 830 1452 mortis
856 1411 971 1463 ejus
994 1412 1453 1463 annunciatione3
1471 1413 1635 1464 atque

74 1484 135 1525 ad
171 1483 446 1534 unionem,
487 1483 1029 1535 communionemque
1058 1498 1170 1524 011111
1200 1482 1422 1524 Christo
1451 1483 1634 1536 capite

73 1556 126 1596 in
152 1569 332 1597 verum
357 1568 554 1607 corpus
578 1554 887 1606 mysticum3
915 1554 1106 1595 cedens
1126 1554 1394 1596 fidelibus
1414 1554 1467 1595 in
1490 1554 1634 1595 vitae

74 1628 330 1668 aeternae
360 1625 843 1676 certiorationem,
875 1627 927 1666 et
957 1625 1193 1678 gloriam
1223 1626 1440 1679 gratiae
1470 1624 1580 1666 Dei.

126 1696 221 1739 VII.
247 1696 418 1738 Causa
449 1696 710 1738 efficiens
739 1696 1130 1738 institutionis
1163 1696 1346 1749 quidem,
1375 1699 1438 1738 est
1460 1696 1636 1737 Domi-

73 1783 100 1809 n
112 1783 138 1808 u
151 1783 169 1809 s
207 1767 235 1810 J
247 1782 268 1809 e
280 1782 298 1808 s
310 1783 386 1819 us,
423 1767 524 1809 novi
549 1767 730 1809 foederis
760 1767 925 1820 gratiae
955 1770 1115 1819 auctor,
1144 1767 1345 1820 Novique
1375 1766 1637 1809 Testamenti

73 1839 284 1881 mediator
310 1841 351 1881 et
374 1841 567 1890 testator,
594 1839 783 1892 adeoque
809 1839 1100 1892 symbolorum
1126 1840 1214 1892 ejus
1238 1839 1386 1880 unicus
1403 1838 1636 1881 institutor.

74 1911 123 1953 Id
161 1911 272 1953 enim
303 1925 490 1952 summae
520 1910 748 1964 potestatis
779 1912 841 1952 est
871 1911 996 1962 actio,
1027 1912 1200 1963 ejusque
1230 1913 1292 1952 est
1323 1911 1445 1963 signa
1474 1910 1637 1964 gratiae

75 1982 239 2035 addere,
271 1983 389 2035 cujus
419 1985 482 2024 est
511 1983 695 2035 gratiam
724 1982 924 2034 tribuere,
955 1985 997 2024 et
1025 1982 1068 2024 id
1099 1983 1212 2035 quod
1242 1982 1364 2036 signa
1394 1982 1639 2035 praeferunt

76 2069 124 2096 ac
153 2054 425 2108 promittunt,
455 2056 672 2107 praestare
703 2057 743 2096 et
773 2053 949 2096 efficere.
982 2053 1027 2094 M
1038 2054 1051 2095 i
1062 2069 1089 2095 n
1101 2054 1115 2094 i
1127 2069 1144 2095 s
1156 2056 1173 2094 t
1186 2054 1230 2095 ri
1260 2056 1402 2095 autem
1427 2053 1457 2095 C
1470 2053 1499 2094 h
1510 2069 1530 2095 r
1540 2053 1554 2094 i
1566 2068 1584 2094 s
1594 2053 1638 2094 ti

77 2125 146 2168 hic
173 2129 248 2178 est,
279 2141 344 2178 qu
356 2141 379 2167 o
393 2126 418 2166 d
447 2141 471 2166 a
483 2141 504 2167 c
516 2140 537 2167 c
549 2140 570 2167 e
580 2141 607 2179 p
620 2126 664 2166 it
693 2141 717 2167 a
746 2125 783 2166 D
797 2140 821 2167 o
834 2126 940 2167 min
952 2140 975 2167 o
989 2159 997 2177 ,
1023 2125 1207 2167 fideliter
1232 2125 1320 2167 sine
1346 2125 1638 2176 diminutione,

76 2197 326 2250 adjectione,
369 2197 692 2250 mutationeque
733 2197 829 2249 ulla,
874 2196 1091 2238 Ecclesiae
1129 2196 1308 2248 tradere,
1348 2199 1389 2238 et
1427 2196 1640 2237 illibatum

77 2283 337 2320 conservare,
366 2268 490 2310 Matt.
521 2269 584 2320 28,
615 2268 677 2310 20.
709 2269 730 2309 1
762 2267 855 2310 Cor.
887 2268 949 2319 11,
980 2268 1043 2309 23.

130 2337 247 2381 VIII.
291 2338 680 2380 Exhibitionis
707 2353 835 2394 ⁴vero,
879 2338 992 2380 idem
1034 2337 1208 2391 proprie
1251 2337 1524 2387 Christus,
1569 2338 1639 2391 qui

79 2409 249 2462 quidem
287 2410 470 2451 exterius
500 2409 705 2463 symbola,
735 2409 920 2463 primum
949 2409 1041 2463 ipse
1069 2424 1145 2462 per
1174 2424 1230 2461 se,
1271 2411 1312 2450 et
1341 2408 1536 2462 deinceps
1565 2423 1640 2462 per

76 2480 367 2523 Ministros
406 2480 574 2522 Verbi
605 2481 683 2532 sui,
714 2481 867 2533 quibus
896 2480 985 2535 ipse
1013 2480 1095 2522 hoc
1124 2495 1198 2522 suo
1228 2480 1399 2521 nomine
1429 2479 1641 2521 commisit

80 2554 121 2594 et
160 2553 293 2604 adest,
332 2552 586 2593 auctoritate
617 2567 692 2593 sua
721 2552 914 2604 exhibet3
944 2552 1122 2594 interius
1151 2566 1251 2593 vero
1281 2566 1367 2593 rem
1399 2550 1538 2604 ipsam
1566 2565 1642 2604 per

78 2623 352 2678 Spiritum
381 2623 642 2665 Sanctum
670 2624 863 2666 fidelibus
894 2623 1069 2665 confert.

131 2695 205 2737 IX.
235 2695 429 2738 Instituit
459 2710 588 2748 porro
618 2698 659 2737 et
685 2695 878 2737 exhibuit
902 2695 1164 2737 Dominus
1189 2693 1216 2736 J
1228 2708 1369 2746 esus,
1394 2693 1642 2737 convivator

78 2767 204 2820 hujus
234 2767 340 2809 sacri
370 2766 563 2818 convivii,
594 2782 647 2809 ea
675 2769 833 2808 nocte
864 2781 965 2819 qua
994 2765 1340 2817 tradebatur,
1368 2780 1522 2818 nempe
1550 2780 1643 2807 ves-

79 2839 172 2893 peri
209 2840 352 2880 sextae
396 2838 479 2880 diei
516 2837 736 2890 Sabbathi,
783 2853 855 2879 seu
897 2837 1174 2879 hebdomadis
1215 2836 1353 2890 prima
1381 2836 1644 2890 Azymorum

79 2908 315 2962 Paschatis,
345 2909 575 2951 secundum
603 2909 866 2951 Judaeorum
892 2923 1065 2961 morem,
1097 2908 1208 2950 diem
1236 2923 1260 2950 a
1290 2923 1468 2961 vespera
1496 2908 1644 2951 incho-

82 2981 266 3031 antium3
311 2980 453 3033 idque,
497 2983 544 3020 ut
585 2979 666 3021 hac
706 2979 911 3032 temporis
955 2980 1274 3021 circumstantia
1317 2994 1492 3021 coenam
1535 2980 1645 3022 hanc
