1931 3224
237 150 316 191 284
804 149 1045 191 DISPUTATIO
1075 148 1229 191 XXIX.

288 273 339 314 Χ.
382 273 550 314 Causa
595 275 818 314 externa
863 272 1180 326 satisfactionis,
1224 288 1248 314 a
1290 272 1418 315 Patre
1456 274 1660 329 decretae,
1701 280 1743 319 et
1773 293 1797 319 a

235 344 344 386 Filio
383 345 616 396 susceptae,
656 346 720 385 est
756 343 926 384 miseria
962 345 1121 396 nostra,
1160 344 1202 385 id
1231 347 1307 396 est,
1336 348 1524 399 peccata,
1555 349 1597 388 et
1626 348 1796 400 quidem

234 419 451 458 aeternam
488 430 671 469 poenam
701 415 990 468 promerentia
1021 418 1062 456 et
1093 416 1319 469 exigentia,
1349 417 1393 458 in
1424 432 1550 469 quam
1580 419 1795 462 miseratio

234 487 316 528 Dei
353 487 580 539 ferebatur,
621 490 662 529 et
702 487 755 529 ob
797 501 923 538 quam
952 501 1112 539 poenas
1142 502 1287 529 omnes
1316 489 1440 530 nobis
1470 489 1634 532 debitas
1665 491 1797 533 subiit

234 557 368 599 Filius
409 557 502 610 Dei,
545 561 593 599 ut
630 573 705 611 per
745 573 839 599 eum
875 557 1082 611 pristinae
1110 558 1305 600 felicitati
1334 560 1667 614 restitueremur,
1697 562 1795 604 Esa.

233 630 297 681 43,
328 630 363 671 5.
402 630 467 671 Et
505 630 621 682 ipse
660 629 1006 681 vulneratus,
1047 644 1138 671 seu
1175 630 1363 672 dolore
1394 631 1631 674 affectus
1661 636 1742 675 est
1772 650 1796 676 a

234 700 812 754 praevaricationibus
849 701 1080 752 nostris,
1120 703 1170 742 et
1207 702 1442 744 attritus
1481 706 1562 745 est
1599 704 1660 746 ab
1698 705 1795 746 ini-

235 772 543 825 quitatibus
571 771 804 823 nostris,
836 773 878 812 et
906 786 943 812 v.
967 771 1004 812 8.
1030 771 1070 812 A
1095 773 1577 825 praevaricatione
1603 777 1796 829 populi

232 844 332 884 mei
361 843 524 897 plaga
551 842 680 893 fuit;
713 843 866 895 quibus
891 843 995 884 locis
1028 846 1080 884 ⁹72
1120 858 1145 884 a
1181 844 1246 885 vel
1279 844 1360 896 ab,
1393 860 1443 887 ex
1473 847 1678 889 sermonis
1706 847 1795 888 He—

231 913 348 954 braei
398 912 676 967 proprietate,
720 913 801 955 Lxx
829 914 1011 955 reddunt
1054 914 1122 956 δια
1156 914 1233 962 τας
1267 916 1476 969 ἁμαρτίας
1509 918 1576 959 καὶ
1609 919 1793 969 ἀνομίας,

230 987 409 1039 propter
451 988 637 1038 peccata,
679 985 929 1038 iniquitates
971 987 1154 1038 nostras,
1196 985 1318 1028 Rom.
1360 988 1398 1040 4,
1442 988 1505 1029 25.
1536 988 1794 1032 Traditus

233 1056 514 1109 (Christus
539 1057 781 1109 scilicet,
808 1057 861 1098 in
883 1072 1069 1099 manus
1095 1061 1445 1111 peccatorum
1470 1063 1520 1102 et
1544 1063 1794 1115 mortem)

232 1128 298 1171 δια
337 1129 392 1171 τα
427 1129 769 1182 παραπτώματα,
806 1132 1037 1183 propter
1073 1129 1317 1172 offensas
1346 1133 1579 1174 nostras.
1610 1133 1697 1176 Ubi
1726 1134 1794 1176 δια

231 1215 326 1243 oum
354 1201 594 1243 accusativo
624 1215 794 1243 causam
822 1203 944 1243 notat
970 1202 1290 1243 antecedentem
1320 1204 1361 1244 et
1386 1202 1688 1256 impellentem.
1713 1204 1795 1247 At-

231 1288 312 1326 que
349 1273 410 1315 ita
448 1274 656 1327 accipitur
693 1273 935 1327 plurimum,
974 1274 1226 1327 praesertim
1264 1289 1359 1316 cum
1398 1276 1672 1329 conjungitur
1701 1292 1795 1319 cum

230 1344 587 1398 perpessionibus.

281 1415 354 1457 XI.
386 1415 592 1458 Similiter
621 1415 842 1469 Scriptura
872 1415 1001 1458 Sacra
1026 1416 1096 1458 hic
1120 1416 1256 1458 utitur
1282 1416 1374 1469 ὑπὲρ
1408 1418 1450 1458 et
1481 1417 1579 1470 περὶ,
1610 1432 1793 1472 super,

229 1502 308 1541 pro
346 1502 420 1529 seu
458 1487 524 1539 ob,
565 1487 713 1528 eodem
751 1501 888 1539 sensu,
928 1488 948 1528 1
981 1487 1073 1529 Cor.
1102 1488 1165 1539 15,
1195 1489 1232 1529 3.
1265 1488 1518 1531 Christus
1547 1492 1793 1532 mortuus

230 1561 310 1599 est
339 1559 434 1611 ὑπὲρ
468 1558 686 1611 αμαρτιῶν,
722 1573 818 1611 pro
848 1559 1093 1611 peccatis
1121 1560 1344 1601 nostris.
1375 1559 1465 1601 Gal.
1497 1561 1532 1612 1,
1561 1561 1598 1602 4.
1630 1560 1795 1603 Dedit

229 1630 568 1683 semetipsum
611 1644 706 1683 pro
748 1630 830 1672 vel
875 1629 937 1671 ob
980 1632 1209 1683 peccata
1245 1632 1447 1672 nostra.
1486 1631 1595 1673 Heb.
1637 1633 1699 1683 10,
1730 1633 1792 1674 12.

229 1700 483 1742 Christus
523 1700 729 1742 obtulit
757 1700 1103 1742 sacrificium
1132 1715 1229 1754 pro
1259 1701 1523 1754 peccatis.
1561 1703 1619 1744 Et
1648 1703 1668 1744 1
1700 1703 1792 1746 Pet.

226 1772 264 1824 3,
304 1772 366 1813 18.
407 1771 661 1813 Christus
702 1774 863 1815 semel
903 1773 988 1825 περὶ
1015 1774 1233 1827 αμαρτιῶν,
1260 1773 1321 1815 ob
1348 1777 1576 1827 peccata
1600 1790 1792 1829 passus

229 1845 331 1895 est,
352 1845 558 1896 justus,
584 1845 690 1898 ὑπὲρ,
724 1859 819 1898 pro
849 1845 1091 1899 injustis.
1125 1844 1212 1887 Ubi
1240 1846 1332 1898 ὑπὲρ
1366 1848 1408 1887 et
1438 1846 1524 1899 περὶ
1550 1845 1713 1888 Latinis
1738 1847 1792 1889 ob

227 1917 268 1956 et
305 1930 397 1968 pro,
435 1915 688 1969 praesertim
730 1916 890 1958 relatae
929 1917 981 1958 ad
1008 1931 1111 1969 rem,
1141 1917 1383 1971 significant
1411 1932 1497 1959 non
1526 1919 1665 1959 minus
1695 1933 1792 1960 cau-

227 2001 314 2028 sam
344 1985 627 2039 impulsivam,
658 2002 786 2040 quam
809 1987 992 2040 finalem,
1019 2003 1127 2041 quae
1152 1988 1281 2030 etiam
1303 1988 1555 2042 impulsivae
1581 1989 1791 2032 rationem

225 2057 367 2099 habet.
1060 2046 1063 2050 .

281 2127 377 2170 XII.
415 2127 698 2182 Intelligenda
737 2144 838 2183 ergo
878 2130 971 2171 istis
1010 2131 1211 2183 loquendi
1250 2131 1502 2183 rationibus,
1547 2147 1571 2172 a
1613 2134 1655 2173 et
1697 2148 1790 2186 pro

226 2202 424 2255 peccatis,
463 2201 525 2243 ob
565 2203 606 2243 et
644 2205 873 2255 propter
910 2205 1098 2256 peccata,
1137 2217 1262 2244 causa
1290 2202 1520 2256 impulsiva
1550 2205 1591 2244 et
1621 2203 1791 2256 quidem

226 2272 457 2325 meritoria,
485 2272 529 2314 id
559 2275 633 2325 est,
666 2288 749 2326 qua
777 2288 959 2326 poenam
989 2274 1173 2327 peccatis
1201 2275 1361 2316 nostris
1392 2274 1579 2316 debitam
1603 2275 1789 2328 respicit,

225 2343 411 2397 peccatis
441 2343 597 2385 nostris
627 2344 688 2385 ita
715 2344 997 2395 inerentibus3
1024 2359 1111 2386 non
1135 2347 1277 2386 autem
1302 2347 1470 2386 tantum
1495 2346 1660 2388 occasio
1687 2361 1790 2399 qua-

225 2415 458 2468 liscunque,
499 2417 544 2456 ut
580 2414 792 2457 infaustus
829 2416 900 2458 ille
930 2416 1106 2459 Socinus
1136 2419 1334 2470 nugatur.
1366 2416 1482 2467 Quae
1510 2419 1654 2459 tamen
1683 2418 1718 2460 si
1746 2419 1791 2460 in

226 2486 362 2528 causis
393 2489 468 2538 est,
499 2488 551 2528 ad
579 2487 853 2541 impulsivam
882 2487 1030 2529 referri
1061 2488 1196 2530 debet.
1228 2488 1288 2530 At
1315 2488 1447 2531 talem
1479 2489 1790 2543 expositionem

226 2557 449 2611 Scriptura
479 2561 521 2600 et
551 2559 785 2601 communis
814 2559 1016 2612 loquendi
1045 2574 1145 2601 usus
1174 2575 1260 2602 non
1289 2561 1490 2603 admittit.

278 2630 394 2672 XIII.
433 2631 686 2684 Materia,
726 2646 798 2673 seu
836 2632 1074 2684 pretium
1117 2631 1541 2674 Satisfactionis
1571 2635 1669 2674 sunt
1699 2647 1789 2674 om-

225 2719 298 2745 nes
326 2704 522 2745 miseriae
552 2706 593 2745 et
624 2703 846 2755 cruciatus,
878 2718 983 2756 quos
1012 2703 1203 2747 Christus
1234 2719 1258 2745 a
1287 2704 1425 2757 prima
1455 2704 1601 2745 statim
1633 2704 1788 2746 nativi-

225 2776 325 2826 tate,
378 2789 512 2827 usque
556 2775 608 2816 ad
653 2776 887 2816 extremum
929 2774 1049 2815 illum
1090 2775 1275 2816 muneris
1318 2774 1591 2816 sacerdotalis
1633 2778 1786 2826 actum,

225 2846 434 2898 passionis
473 2846 646 2898 scilicet,
678 2846 900 2897 sustinuit3
931 2847 1160 2900 praecipue
1190 2861 1289 2888 vero
1319 2861 1432 2888 mors
1462 2846 1608 2898 crucis,
1641 2848 1788 2900 exqui-

225 2917 306 2958 sita
335 2916 419 2967 illa,
445 2918 740 2971 cruciatusque
765 2918 981 2960 cumulate
1007 2918 1178 2972 sumpti,
1205 2933 1310 2971 quos
1335 2918 1432 2960 Esa.
1460 2933 1492 2959 c.
1518 2919 1581 2960 53.
1608 2919 1787 2973 dolores,

225 2987 548 3043 aegritudinem,
579 2989 765 3043 plagam,
794 2989 983 3042 vulnera,
1012 2989 1204 3042 livorem,
1236 2990 1336 3043 quin
1367 2992 1408 3031 et
1436 2991 1617 3032 mortem
1641 2990 1786 3044 appel-
