1931 3224
388 133 452 176 DE
481 133 633 176 MISSAE
662 133 883 177 SAcmmcm
911 148 1077 182 EJUSQUE
1105 149 1301 177 Anusmus.
1545 136 1622 178 537

62 260 172 302 circa
208 259 279 301 vix
318 259 545 312 quicquam
582 258 754 300 stultius
792 259 875 301 dici
913 261 1068 312 potest,
1112 274 1239 313 quam
1278 259 1437 302 Christi
1466 273 1623 313 corpus

60 330 293 372 etiamnum
329 331 374 372 in
410 331 478 372 his
514 330 640 372 terris
677 331 730 372 ab
766 330 1010 373 hominibus
1049 332 1273 373 immolari.
1301 330 1420 373 Idem
1449 332 1498 373 de
1528 346 1623 373 san-

60 401 200 455 guinis
239 402 397 444 Christi
426 401 717 443 immolatione
742 402 1019 454 judicandum
1049 405 1126 455 est,
1157 417 1264 455 quae
1293 403 1337 444 in
1365 402 1497 444 Missa
1527 403 1624 444 abs-

62 488 142 526 que
184 474 273 525 ejus
315 473 518 514 effusione
560 487 656 514 vere
699 487 746 514 ac
787 473 961 527 proprie
1004 473 1095 515 fieri
1132 474 1294 527 nequit,
1333 474 1542 527 nobisque
1580 474 1625 515 in

61 544 336 587 Sacramento
364 544 660 586 Eucharistiae
687 559 773 586 non
802 545 1048 598 gloriosum,
1075 548 1205 598 prout
1229 545 1357 588 hodie
1383 548 1446 587 est
1467 545 1625 587 Christi

62 630 230 668 corpus,
259 615 332 656 sed
363 615 464 656 olim
493 615 607 657 cruci
636 615 809 657 affixum
839 618 1143 669 repraesentat.

115 686 228 728 XXI.
267 686 351 728 Hic
386 686 546 727 frustra
581 689 782 740 regerunt
818 686 1046 738 Pontificii,
1078 688 1233 741 legalia
1262 689 1468 732 sacrificia
1495 689 1625 733 fuisse

62 758 436 801 commemorativa
475 772 522 799 ac
557 759 919 810 repraesentativa
957 759 1153 801 sacrificii
1181 759 1315 802 futuri
1344 761 1389 802 in
1419 776 1552 813 cruce,
1583 765 1625 803 et

60 831 204 871 tamen
232 828 406 882 proprie
437 828 549 870 dicta
578 829 796 871 sacrificia.
826 829 915 871 Illis
940 830 1098 884 quippe
1123 831 1339 873 sacrificiis
1364 847 1451 874 non
1474 833 1626 874 immo-

60 901 195 942 latum
223 899 306 940 fuit
333 899 476 952 ipsum
506 914 660 952 corpus
689 899 793 942 Jesu
822 900 992 954 Christi,
1024 901 1150 943 sicuti
1178 901 1395 944 Pontificii
1423 902 1467 944 in
1495 903 1626 945 Missa

60 971 154 1013 fieri
183 973 386 1020 asserunt,
415 971 487 1012 sed
516 985 695 1025 corpora
723 971 951 1024 hircorum,
984 972 1218 1014 vitulorum
1249 987 1296 1014 ac
1327 973 1507 1015 aliorum
1535 974 1625 1015 ani-

61 1041 236 1084 malium
277 1042 378 1083 olim
415 1042 609 1083 futurum
648 1041 805 1083 Christi
842 1042 1094 1084 sacrificium
1132 1044 1276 1096 typice
1315 1044 1625 1097 adumbrantia,

61 1114 226 1166 hocque
257 1113 460 1165 exhibito,
491 1113 622 1154 veluti
651 1113 826 1155 umbrae
855 1129 879 1155 a
904 1113 1003 1156 Sole
1032 1117 1130 1155 sunt
1159 1115 1341 1166 sublata,
1367 1130 1419 1157 ne
1444 1116 1626 1170 amplius

62 1185 114 1227 ad
152 1185 356 1239 pristinos
393 1199 491 1226 suos
529 1200 630 1226 usus
667 1188 930 1227 revocentur.
969 1185 1019 1228 In
1047 1187 1131 1228 illis
1160 1190 1382 1240 praeterea
1409 1187 1626 1229 sacrificiis

61 1257 270 1311 legalibus
309 1271 490 1310 corpora
528 1257 773 1300 animalium
812 1273 919 1311 quae
958 1258 1258 1311 offerebantur,
1298 1260 1350 1301 ad
1386 1260 1543 1302 realem
1584 1262 1626 1302 et

62 1331 281 1372 externam
309 1328 590 1371 mutationem
619 1331 747 1382 atque
777 1330 1111 1372 destructionem
1140 1331 1468 1381 ordinabantur;
1499 1333 1627 1384 atque

62 1400 306 1454 hujusmodi
342 1416 486 1443 rerum
524 1401 763 1443 oblatarum
800 1402 982 1444 mutatio
1023 1405 1065 1444 et
1093 1402 1339 1455 destructio,
1369 1405 1417 1445 ut
1444 1403 1627 1456 ipsemet

62 1472 214 1514 statuit
255 1472 537 1515 Bellarminus
573 1472 682 1514 Lib.
724 1473 759 1514 1.
799 1473 858 1515 de
896 1472 1085 1525 Missa,
1127 1488 1232 1528 cap.
1271 1475 1307 1515 2.
1347 1475 1391 1515 in
1429 1474 1626 1516 omnibus

61 1543 278 1585 sacrificiis
307 1559 405 1586 vere
433 1559 481 1586 ac
509 1544 684 1598 proprie
713 1545 836 1586 dictis
863 1544 1108 1597 requiritur.
1137 1544 1277 1587 Nemo
1306 1545 1478 1587 interim
1512 1545 1626 1588 Pon-

61 1614 292 1657 tificiorum
334 1614 509 1657 Missam
550 1630 698 1657 verum
736 1631 785 1657 ac
821 1616 1045 1669 proprium
1084 1616 1338 1658 sacrificium
1375 1632 1625 1670 nuncupan-

62 1686 182 1738 tium,
222 1686 425 1728 hactenus
464 1686 568 1728 adeo
606 1701 739 1739 usque
779 1687 986 1738 deliravit,
1023 1689 1070 1728 ut
1108 1686 1283 1728 Missam
1321 1687 1373 1728 ad
1411 1702 1554 1730 veram
1584 1691 1626 1730 et

62 1757 219 1799 realem
260 1757 450 1810 corporis
491 1772 538 1799 ac
577 1757 795 1810 sanguinis
834 1756 1005 1809 Christi,
1039 1772 1150 1799 nunc
1179 1758 1233 1799 ad
1261 1757 1403 1799 Patris
1431 1758 1496 1799 sui
1526 1758 1626 1799 dex-

62 1831 175 1871 tram
217 1829 415 1881 sedentis,
457 1829 741 1871 mutationem
785 1844 833 1871 ac
876 1829 1210 1871 destructionem
1255 1843 1343 1870 esse
1387 1829 1627 1871 ordinatam

63 1900 220 1942 diserte
250 1900 538 1943 affirmaverit.

116 1971 252 2014 XXII.
296 1972 460 2016 Scimus
501 1972 809 2014 Bellarminum
849 1972 956 2014 Lib.
1000 1973 1035 2014 l.
1080 1972 1138 2013 de
1180 1971 1367 2024 Missa,
1413 1987 1520 2025 cap.
1564 1973 1625 2014 11.

63 2057 260 2094 asserere,
297 2043 529 2084 rectissime
566 2057 692 2096 posse
732 2043 815 2085 dici
852 2043 895 2084 in
934 2043 1140 2086 sacrificio
1182 2043 1338 2086 Missae
1376 2045 1625 2097 sanguinem

64 2113 223 2156 Christi
260 2115 429 2157 effundi.
469 2114 551 2158 Sed
589 2130 639 2157 ex
676 2115 758 2157 hac
793 2116 928 2169 ipsius
968 2116 1200 2158 assertione
1227 2118 1360 2169 patet,
1390 2116 1533 2170 ipsum
1561 2117 1627 2158 sui

63 2184 357 2227 immemorem
399 2185 653 2239 sibimetipsi
696 2186 996 2229 contradicere.
1039 2186 1154 2229 Nam
1192 2187 1239 2240 si,
1277 2190 1326 2229 ut
1365 2188 1467 2230 alibi
1504 2188 1627 2230 docet

63 2256 358 2309 Bellarminus,
397 2257 529 2298 Missa
566 2259 629 2299 est
667 2257 919 2299 sacrificium
954 2258 1235 2311 incruentum,
1273 2259 1508 2302 rectissime
1546 2260 1628 2302 dici

63 2328 214 2380 nequit
250 2328 294 2369 in
332 2328 538 2370 sacrificio
577 2327 731 2370 Missae
770 2329 1022 2382 sanguinem
1061 2329 1219 2372 Christi
1258 2331 1436 2373 effundi:
1473 2346 1551 2373 nec
1582 2332 1626 2373 in

64 2400 213 2441 eodem
237 2400 376 2453 capite
400 2400 463 2441 11.
487 2402 600 2442 recte
625 2400 778 2442 statuit
800 2400 844 2442 in
869 2400 1025 2443 Missae
1050 2402 1367 2444 consecratione
1397 2402 1627 2446 consistere

63 2471 500 2524 repraesentationem
514 2471 709 2514 sacrificii
725 2472 872 2514 crucis.
888 2472 989 2514 Non
1005 2474 1117 2515 enim
1131 2473 1415 2526 significativa
1432 2473 1629 2516 sacrificii

64 2542 468 2596 repraesentatione,
498 2543 570 2584 sed
597 2543 702 2585 reali
731 2545 820 2596 ejus
850 2543 1064 2586 oblatione
1093 2545 1266 2598 sanguis
1295 2545 1540 2587 effunditur.

116 2613 275 2656 XXIII.
314 2613 440 2656 Falsa
476 2628 646 2666 quoque
684 2617 748 2656 est
785 2615 889 2657 haec
928 2618 1080 2668 quarta
1118 2616 1309 2668 assertio,
1340 2616 1547 2670 Corpus
1577 2620 1628 2660 et

65 2686 289 2739 sanguis
318 2685 526 2727 Christi
555 2686 649 2728 sub
679 2687 967 2739 speciebus
992 2688 1150 2740 panis
1176 2691 1226 2730 et
1250 2687 1363 2729 vini
1386 2688 1439 2730 in
1461 2688 1627 2731 Missa

64 2758 394 2800 immolatur.
419 2756 599 2798 Nullum
623 2757 735 2799 enim
759 2758 1010 2800 sacrificium
1036 2761 1257 2801 externum
1280 2775 1377 2802 vere
1398 2762 1439 2802 et
1453 2762 1627 2815 proprie

66 2829 227 2871 dictum
268 2844 456 2882 unquam
496 2828 764 2870 immolatum
806 2829 888 2871 fuit
930 2830 1006 2871 sub
1048 2830 1188 2884 specie
1226 2830 1285 2872 rei
1320 2831 1515 2874 alterius:
1555 2833 1628 2875 sed

67 2901 289 2954 quodlibet
317 2900 394 2943 sub
424 2901 597 2955 propria
626 2915 701 2942 sua
726 2900 865 2954 specie
890 2915 937 2942 ac
960 2901 1099 2943 forma
1122 2904 1295 2944 externa
1318 2902 1410 2945 Deo
1436 2903 1628 2946 oblatum

65 2971 159 3023 fuit,
197 2974 286 3014 tam
323 2987 347 3014 a
389 2971 687 3014 Sacerdotibus
724 2970 923 3014 Leviticis
952 2972 1029 3013 sub
1057 2971 1218 3024 Veteri,
1247 2988 1374 3026 quam
1404 2989 1428 3016 a
1457 2973 1625 3018 Christo
