1931 3224
246 147 323 187 280
786 148 1031 191 DISPUTATIO
1059 149 1140 191 XX
1147 150 1259 192 VIII.

246 272 356 312 tram
386 271 538 323 Patris,
569 273 760 325 quotidie
790 274 922 315 sentit
950 273 1153 326 Ecclesia,
1184 277 1225 316 et
1253 275 1398 318 hostes
1429 277 1601 330 Christi,
1631 280 1809 335 ipseque

246 341 348 383 adeo
387 341 580 394 Satanas,
622 343 755 385 velint
792 343 942 393 nolint,
983 345 1247 386 admirantur
1283 349 1324 388 et
1354 349 1697 393 contremiscunt.
1726 352 1809 395 Ec-

246 412 418 455 clesiam
448 415 560 456 enim
589 430 709 456 suam
738 416 867 457 verbo
899 431 947 457 ac
977 415 1140 469 Spiritu
1171 431 1260 469 sue,
1289 418 1376 460 illis
1401 419 1560 462 frustra
1583 422 1809 467 adversan-

245 485 372 537 tibus,
411 485 589 539 colligit,
621 487 821 528 adversus
851 487 986 528 totius
1016 488 1162 529 mundi
1192 490 1465 543 tyrannidem
1494 495 1622 546 atque
1651 495 1808 538 infero-

244 571 337 597 rum
376 559 522 609 portas
560 560 792 609 conservat,
832 557 1147 600 Antichristum
1184 561 1340 614 spiritu
1380 564 1463 606 oris
1506 566 1571 606 sui
1616 567 1807 621 conficit3

245 630 286 668 et
325 629 681 680 quemadmodum
717 629 1030 682 benignitatem
1069 646 1200 685 suam,
1239 648 1288 675 ac
1318 635 1482 688 gratiae
1511 652 1610 680 suae
1638 639 1808 682 divitias

245 700 351 740 veris
391 700 604 742 Ecclesiae
643 701 857 754 membris,
896 705 988 743 tum
1027 703 1072 744 in
1110 704 1302 756 ipsorum
1332 708 1614 761 conscientiis,
1645 712 1737 752 tum
1763 711 1810 753 in

244 772 435 824 ipsorum
473 775 647 813 externo
688 775 814 825 statu,
856 774 1048 826 quotidie
1087 775 1225 828 magis
1264 791 1313 818 ac
1349 779 1485 831 magis
1511 781 1708 833 explicat,
1747 782 1809 823 ita

243 844 371 884 etiam
409 844 636 885 manifesta
666 845 817 897 judicii
857 846 1026 887 venturi
1067 846 1200 900 signa,
1232 846 1429 889 adversus
1459 849 1642 892 istorum
1672 851 1807 905 pluri-

241 928 333 955 mos
361 914 497 956 indies
522 914 780 957 manifestat.

294 983 471 1026 XXXII.
511 985 630 1027 Haec
668 989 811 1028 autem
850 988 992 1030 omnia
1032 989 1229 1031 nituntur
1266 990 1570 1034 intercessione
1604 993 1692 1045 illa,
1724 1009 1808 1047 qua

242 1055 432 1097 Christus
468 1071 554 1098 non
591 1060 760 1099 tantum
797 1059 841 1099 in
871 1061 986 1101 statu
1022 1075 1097 1102 suo
1128 1060 1294 1113 humili,
1325 1062 1398 1103 sed
1426 1063 1495 1104 vel
1522 1063 1734 1117 imprimis
1762 1065 1808 1108 in

242 1129 358 1167 statu
396 1127 470 1169 illo
510 1142 585 1169 suo
626 1128 830 1181 glorioso,
871 1131 984 1184 apud
1023 1131 1196 1174 Patrem
1235 1133 1472 1187 intercedit,
1514 1134 1636 1177 Rom.
1676 1136 1712 1188 8,
1742 1136 1806 1179 34.

242 1197 349 1240 Heb.
381 1200 417 1250 7,
447 1198 510 1241 25.
542 1200 563 1240 1
594 1199 694 1242 5011.
725 1202 761 1252 2,
792 1202 828 1243 1.
861 1204 938 1244 010.

294 1269 494 1312 XXXIII.
524 1270 642 1313 Haec
671 1275 813 1314 autem
844 1272 1005 1315 Christi
1034 1274 1282 1317 intercessio
1311 1277 1356 1318 in
1381 1277 1510 1319 coelis
1535 1278 1588 1320 ad
1614 1280 1808 1322 dextram

241 1341 334 1393 Dei,
373 1356 460 1383 non
499 1345 563 1384 est
603 1343 728 1385 unica
767 1347 809 1386 et
848 1345 940 1386 sola
967 1346 1079 1388 actio
1109 1348 1341 1389 sacerdotis
1373 1348 1544 1402 Christi,
1572 1353 1620 1392 ut
1649 1352 1806 1406 impius

242 1412 421 1454 Socinus
469 1414 608 1467 fingit,
656 1415 728 1457 sed
778 1415 994 1458 actionum
1041 1418 1369 1461 sacerdotalium
1412 1436 1515 1472 una;
1561 1437 1644 1475 qua
1685 1426 1806 1477 post-

241 1499 367 1536 quam
419 1500 462 1526 se
513 1485 654 1538 ipsum
700 1487 745 1528 111
787 1488 913 1529 terris
957 1491 1077 1530 extra
1114 1492 1345 1532 sacrarium
1385 1493 1579 1546 coeleste,
1618 1494 1806 1537 hostiam

240 1554 589 1608 propitiatoriam
640 1572 718 1610 pro
771 1560 959 1611 peccatis
1011 1560 1169 1602 nostris
1221 1562 1391 1615 obtulit,
1442 1563 1486 1604 in
1536 1564 1630 1617 ipso
1685 1566 1804 1609 coelo

241 1640 384 1667 coram
421 1626 528 1669 facie
565 1627 706 1670 Patris
744 1629 1002 1684 interpellat,
1042 1632 1170 1685 idque
1208 1633 1407 1676 adversus
1445 1633 1648 1677 Satanan]
1678 1638 1806 1689 atque

241 1698 330 1750 ejus
368 1698 664 1749 instrumenta,
706 1703 747 1742 et
783 1716 862 1755 pro
902 1703 1093 1745 Ecclesia
1133 1707 1261 1757 atque
1292 1706 1381 1758 ejus
1409 1706 1624 1759 membris,
1658 1722 1805 1760 quem-

239 1769 467 1811 admodum
494 1771 719 1825 utriusque
745 1774 941 1826 egregius
968 1776 1097 1828 typus
1121 1775 1246 1817 nobis
1269 1776 1529 1830 proponitur
1552 1776 1678 1820 Zach.
1703 1779 1741 1831 3,
1766 1780 1803 1821 2.

240 1842 282 1881 et
311 1855 428 1893 seqq.

292 1911 490 1954 XXXIV.
533 1912 739 1957 Consistit
781 1917 924 1957 autem
965 1915 1071 1958 haec
1112 1916 1360 1960 intercessio
1401 1933 1474 1960 seu
1511 1919 1802 1973 interpellatio

238 1982 397 2025 Christi
434 1984 479 2026 in
517 1984 633 2027 hisce
660 1985 819 2028 tribus:
852 1986 884 2028 I.
916 1987 1038 2036 Quod
1068 1987 1262 2030 Christus
1290 1989 1478 2031 hostiam
1508 2005 1628 2032 suam
1656 1992 1803 2045 propi-

236 2054 456 2098 tiatoriam
493 2057 537 2098 iu
575 2056 716 2111 ipsum
754 2058 985 2099 sacrarium
1025 2059 1219 2112 coeleste,
1257 2060 1365 2102 illud
1402 2061 1526 2103 nobis
1565 2063 1803 2105 sanctifica-

237 2130 369 2179 tul'US,
408 2128 612 2176 intulerit,
655 2131 696 2170 et
734 2129 794 2170 ibi
835 2133 1080 2183 compareat
1118 2145 1261 2173 coram
1300 2132 1408 2174 facie
1445 2133 1526 2175 Dei
1556 2149 1635 2187 pro
1664 2134 1800 2188 nobis,

236 2197 344 2239 Heb.
383 2199 419 2250 9,
458 2199 521 2241 23.
559 2200 622 2241 24.
661 2199 714 2242 Π.
756 2199 878 2249 Quod
914 2202 1136 2244 voluntate
1174 2218 1222 2244 ac
1260 2203 1468 2247 desiderio
1508 2219 1583 2246 suo
1623 2205 1801 2258 ardenti,
1849 2232 1851 2234 -

238 2269 594 2321 quemadmodum
633 2270 676 2312 in
705 2271 831 2313 terris
861 2274 987 2314 antea
1016 2272 1185 2326 fecerat,
1214 2273 1313 2316 5011.
1347 2275 1410 2327 17,
1440 2275 1502 2317 11.
1535 2276 1596 2318 15.
1626 2277 1690 2318 24.
1721 2279 1799 2320 etc.

236 2340 297 2381 ita
327 2342 369 2381 et
397 2340 441 2382 in
471 2341 598 2383 coelis
630 2343 743 2395 apud
772 2342 957 2395 Patrem,
986 2345 1136 2387 mortis
1168 2361 1266 2388 suae
1294 2347 1381 2388 vim
1409 2350 1537 2401 atque
1568 2348 1801 2391 efficaciam

234 2412 357 2453 nobis
398 2412 450 2454 ad
490 2413 671 2455 salutem
712 2414 917 2468 applicari
954 2416 1157 2469 postulet,
1196 2420 1244 2458 ut
1283 2417 1409 2460 Zach.
1450 2420 1485 2471 1,
1524 2421 1586 2463 12.
1629 2424 1670 2464 01
1699 2421 1797 2465 5011.

237 2483 298 2535 14,
340 2483 402 2526 16.
440 2484 544 2527 110111
582 2485 677 2527 Αο1.
708 2487 743 2538 2,
782 2486 847 2528 33.
885 2486 1026 2528 videre
1064 2490 1140 2529 est.
1179 2488 1387 2543 Denique,
1427 2492 1540 2544 quod
1569 2493 1722 2536 merito
1751 2509 1799 2537 ac

237 2555 443 2598 desiderio
475 2571 565 2608 suo,
593 2558 763 2615 nostras
795 2572 941 2611 preces
970 2559 1012 2599 in
1043 2559 1214 2602 nomine
1245 2562 1333 2613 ejus
1364 2562 1528 2616 effusas,
1560 2564 1651 2607 Deo
1678 2565 1798 2608 Patri

235 2628 380 2681 gratas
407 2630 449 2669 et
473 2630 669 2682 acceptas
694 2630 856 2681 reddat,
882 2629 909 2672 5
914 2630 980 2673 011.
1010 2632 1072 2683 14,
1098 2633 1135 2674 6.
1163 2636 1204 2675 01
1229 2633 1291 2675 13.
1317 2633 1419 2675 item
1443 2635 1463 2675 1
1481 2634 1632 2687 J0h.2,
1651 2636 1685 2678 1.
1703 2638 1796 2678 012.

289 2700 464 2742 XXXV.
498 2700 688 2750 Quorum
719 2702 908 2744 omnium
935 2703 1104 2756 elegans
1129 2707 1272 2758 typus,
1298 2705 1536 2759 explicante
1559 2707 1654 2760 ipso
1677 2708 1796 2761 Apo-

238 2771 349 2812 stolo
375 2771 526 2824 Paulo,
551 2772 660 2815 Heb.
688 2774 724 2815 7.
755 2775 796 2815 et
821 2774 858 2815 9.
883 2774 965 2816 fuit
991 2775 1205 2828 ingressus
1226 2777 1379 2818 summi
1395 2779 1627 2821 sacerdotis
1642 2779 1686 2821 in
1701 2794 1797 2822 san-

238 2844 352 2884 ctum
383 2846 641 2898 sanctorum,
668 2846 762 2899 ipso
788 2846 854 2888 die
887 2847 1222 2900 propitiationis.
1251 2848 1365 2891 Nam
1390 2848 1421 2891 I.
1447 2848 1699 2892 sacrificium
1725 2865 1795 2893 ex-

237 2913 470 2966 piatorium
497 2917 617 2957 extra
643 2917 876 2959 sacrarium
902 2918 1170 2971 offerebatur,
1199 2922 1241 2961 et
1270 2921 1359 2973 ejus
1384 2921 1557 2973 sanguis
1583 2921 1733 2964 deinde
1752 2923 1796 2964 in

238 2984 466 3026 sacrarium
504 2987 557 3027 ab
598 2988 746 3030 eodem
784 2988 1057 3031 inferebatur.
1094 2989 1147 3031 Π.
1179 2991 1346 3032 suffitus
1377 2991 1575 3043 sanguini
1603 2992 1667 3034 illi
1695 3007 1795 3034 con-
