1931 3224
301 131 380 172 446
886 126 1129 168 D1spuTA'r1o
1164 125 1272 168 XLI.

303 269 393 297 nes
431 252 823 306 suppeditatas
856 251 1264 302 commissuras,
1295 265 1354 292 ex
1382 251 1433 292 vi
1461 251 1612 292 intus
1639 253 1858 304 agente,
1890 269 1899 279 *-

303 341 398 380 pro
435 337 685 366 mensura
715 322 982 374 cujusque
1009 320 1255 373 membri,
1284 321 1679 363 incrementum
1709 321 1859 375 capit

304 396 524 450 corpori
577 394 929 443 conveniens,
973 392 1033 433 ad
1077 392 1159 433 sui
1201 391 1379 446 ipsius
1423 393 1859 434 exstructionem

303 482 396 520 per
426 465 737 513 caritatem,
768 466 809 505 et
840 478 929 516 cap.
959 463 995 515 5,
1027 463 1089 504 23.
1118 461 1228 504 Item
1253 462 1339 504 Col.
1366 462 1400 512 1,
1426 463 1488 504 18.
1516 465 1557 503 et
1578 463 1615 514 2,
1642 463 1703 504 1Ο.
1731 465 1772 504 et
1797 462 1858 504 19.

354 537 428 579 IV.
469 537 560 586 Qua
594 536 765 589 quidem
794 534 955 588 Capitis
985 533 1275 585 similitudine,
1305 548 1469 574 summa
1500 533 1739 585 eminentia,
1770 548 1859 575 arc-

300 609 464 651 tissima
504 610 545 650 et
582 606 912 661 proportionata
951 605 1003 647 ad
1032 605 1352 658 supernaturale
1389 605 1473 647 hoc
1511 604 1668 646 Christi
1708 619 1861 659 corpus

303 679 562 733 symmetria,
607 679 720 730 unio,
762 677 1002 720 communio
1042 679 1169 730 atque
1208 676 1441 729 συμπάθεια
1485 676 1761 730 significatur.
1800 675 1862 718 Ut

303 751 414 793 enim
452 752 579 804 caput
615 750 660 791 in
696 749 868 791 homine
907 749 1094 791 eminens
1134 763 1183 789 ac
1211 763 1409 802 suprema
1438 749 1628 802 corporis
1657 763 1756 802 pars
1786 750 1861 800 est,

301 822 345 863 in
384 837 467 874 quo
506 821 764 874 principium
804 820 930 871 vitae,
969 835 1166 861 sensuum
1205 822 1246 861 et
1274 822 1416 861 motus
1446 822 1521 872 est,
1552 835 1575 861 a
1604 834 1688 873 quo
1717 834 1863 861 eorum

303 894 493 936 defluxus
523 895 564 934 et
591 893 636 934 in
665 907 819 946 corpus
847 892 1044 943 influxus,
1074 891 1284 932 malorum
1313 892 1492 944 aversio,
1523 891 1734 934 bonorum
1762 906 1862 945 pro-

302 966 478 1019 spectio,
517 967 559 1006 et
598 964 731 1006 totius
762 963 953 1017 corporis
981 963 1173 1016 regimen
1202 963 1378 1014 residet;
1408 964 1470 1005 ita
1500 963 1692 1005 Christus
1721 977 1862 1017 supra,

302 1037 357 1088 111,
398 1039 438 1078 et
477 1035 587 1077 circa
616 1034 850 1077 Ecclesiam
879 1034 1158 1088 spiritualiter
1187 1049 1275 1076 sese
1305 1034 1447 1077 habet.
1478 1035 1623 1088 Atque
1652 1035 1758 1076 haec
1785 1033 1863 1076 Ca-

302 1108 405 1162 pitis
443 1107 732 1149 denominatio
771 1106 832 1148 ad'
862 1108 1022 1148 ceteras
1061 1120 1230 1159 quoque
1270 1106 1524 1148 extenditur.
1563 1106 1688 1149 Unde
1728 1105 1864 1159 Caput

303 1195 485 1234 sponsae
521 1179 687 1230 dicitur,
719 1178 740 1220 1
772 1176 864 1219 Cor.
896 1178 958 1218 11.
990 1179 1032 1218 et
1058 1176 1168 1232 Eph.
1199 1178 1234 1219 5.
1266 1177 1404 1231 Caput
1430 1178 1593 1232 populi,
1625 1177 1762 1231 Caput
1790 1193 1864 1219 an-

303 1250 405 1304 guli,
435 1253 512 1292 etc.
543 1250 708 1291 dicitur.

356 1320 409 1363 V.
451 1320 698 1377 Secundo
742 1335 766 1361 a
808 1319 969 1361 rebus
1009 1317 1400 1362 Oeconomicis
1438 1321 1695 1374 sumitur,
1737 1320 1864 1374 idque

304 1393 535 1436 secundum
563 1392 789 1446 primarias
820 1392 909 1443 ejus
937 1391 1178 1443 relationes,
1206 1406 1359 1445 nempe
1388 1392 1423 1433 1.
1454 1391 1655 1445 Sponsi
1684 1394 1734 1434 et
1763 1391 1865 1433 Ma-

303 1465 425 1516 riti,
468 1464 630 1506 scilicet
672 1462 886 1504 Ecclesiae
928 1476 1106 1516 sponsae
1152 1464 1193 1503 et
1236 1463 1391 1513 uxoris,
1434 1462 1639 1517 Sponsi
1683 1462 1864 1515 quidem,

304 1535 428 1577 Matt.
459 1536 496 1587 9,
527 1535 589 1576 15.
618 1535 639 1575 1
671 1533 770 1575 Joh.
799 1534 836 1584 3,
866 1534 929 1574 29.
958 1531 1094 1585 Apoc.
1125 1533 1186 1585 18,
1217 1534 1279 1575 23.
1311 1536 1352 1575 et
1379 1535 1443 1586 21,
1467 1535 1503 1576 9.
1530 1534 1740 1586 Mariti,
1765 1549 1865 1576 vero

304 1608 328 1648 2
368 1606 460 1648 Cor.
500 1606 562 1657 11,
602 1606 666 1646 11.
704 1604 792 1647 Ubi
828 1603 1010 1645 habetur
1048 1604 1170 1655 ratio,
1210 1607 1257 1645 ut
1297 1605 1536 1647 coalitionis
1574 1605 1797 1658 utriusque
1823 1604 1868 1646 in

304 1693 432 1719 unam
469 1691 650 1729 carnem,
688 1691 761 1718 seu
798 1690 963 1729 coerS,
1003 1675 1221 1717 societatis
1255 1677 1417 1729 totalis,
1447 1692 1495 1719 ac
1524 1675 1868 1731 participationis

306 1749 494 1791 omnium
534 1749 757 1800 bonorum,
802 1746 1020 1793 αὑὲτεντίοις
1058 1752 1099 1792 et
1133 1749 1242 1802 juris
1279 1748 1487 1790 maritalis
1515 1748 1560 1790 in
1589 1763 1776 1799 uxorem,
1805 1747 1867 1788 vi-

305 1820 443 1862 cissim
482 1821 757 1873 subjectionis
795 1821 938 1863 uxoris
976 1821 1054 1863 sub
1091 1821 1261 1872 marito,
1298 1820 1409 1874 Eph.
1448 1820 1484 1872 5,
1523 1820 1586 1861 24.
1616 1817 1868 1861 Affectionis

303 1892 407 1934 item
446 1907 519 1934 seu
555 1893 710 1934 amoris
750 1894 792 1934 et
828 1907 953 1934 curae
991 1907 1093 1946 erga
1128 1907 1316 1944 uxorem,
1353 1906 1391 1933 v.
1429 1891 1493 1932 25.
1531 1890 1598 1932 Ita
1627 1892 1667 1932 et
1697 1889 1868 1941 Christi,

306 1978 414 2016 cum,
444 1979 582 2019 super,
612 1964 657 2005 in
685 1966 727 2005 et
756 1978 856 2017 erga
885 1964 1120 2006 Ecclesiam
1148 1979 1280 2005 suam.

357 2034 433 2077 VI.
484 2035 648 2077 Deinde
698 2036 743 2076 in
786 2049 941 2088 genere
985 2035 1156 2088 quidem
1194 2033 1635 2076 Patrisfamilias
1682 2048 1868 2086 suorum,

305 2122 379 2148 seu
419 2107 695 2160 propriorum
740 2121 787 2148 ac
829 2106 1173 2158 domesticorum,
1215 2122 1239 2148 a
1278 2120 1361 2159 quo
1398 2107 1492 2147 tota
1529 2104 1693 2146 familia
1732 2104 1870 2157 (utin

306 2193 433 2231 quam
465 2179 534 2231 jus
571 2177 721 2230 habet)
762 2178 971 2231 dependet
1008 2193 1056 2220 ac
1092 2178 1269 2231 regitur.
1299 2175 1424 2219 Unde
1454 2175 1648 2217 Christus
1676 2175 1869 2217 Paterfa-

304 2249 454 2302 milias,
482 2252 523 2292 et
551 2250 695 2292 fideles
725 2249 946 2293 domestici
975 2249 1057 2291 Dei
1081 2252 1123 2291 et
1148 2248 1308 2291 Christi
1333 2249 1542 2301 dicuntur,
1568 2247 1693 2290 Matt.
1718 2248 1780 2300 10,
1804 2247 1868 2289 25.

308 2323 349 2362 et
377 2322 440 2363 36.
471 2321 569 2363 Luc.
601 2322 663 2372 13,
693 2321 755 2362 15.
784 2321 896 2374 Eph.
927 2322 963 2372 2,
994 2321 1055 2362 19.

359 2391 455 2434 VII.
484 2392 535 2434 In
563 2392 703 2446 specie
732 2407 832 2434 vero
862 2392 1048 2434 Patris
1074 2392 1270 2445 filiorum,
1295 2391 1574 2444 fratrumque,
1597 2390 1720 2432 Matt.
1745 2391 1809 2442 23,
1832 2390 1868 2431 9.

305 2463 493 2517 Neque
531 2463 725 2506 Patres
762 2464 1053 2505 vocemini:
1091 2479 1226 2505 unus
1257 2463 1395 2505 enim
1423 2465 1605 2505 vester
1637 2461 1871 2504 omnium

305 2534 492 2584 Pater,
530 2535 673 2576 Deus
712 2535 891 2588 (scilicet
929 2535 1179 2588 spiritualis)
1219 2550 1311 2577 vos
1350 2537 1527 2576 autem
1564 2548 1738 2575 omnes
1768 2533 1870 2574 fra-

305 2609 428 2648 tres.
458 2607 572 2649 Esai.
589 2607 625 2659 8,
657 2607 718 2648 18.
749 2606 880 2648 Hebr.
910 2607 947 2658 2,
978 2607 1039 2648 13.
1072 2606 1186 2648 Esai.
1215 2607 1252 2658 9,
1282 2607 1319 2647 5.
1351 2608 1392 2647 et
1421 2606 1484 2658 53,
1514 2605 1578 2646 30.
1609 2605 1682 2646 ubi
1707 2604 1871 2658 patriae

305 2678 534 2732 potestatis
573 2680 792 2731 respectus
830 2680 905 2719 est.
946 2677 1146 2726 Quamvis
1186 2677 1288 2718 alibi
1323 2676 1558 2730 improprie
1598 2678 1639 2717 et
1675 2677 1871 2729 metony-

306 2750 426 2802 mice,
466 2738 619 2803 nempe
658 2749 1050 2800 instrumentaliter,
1093 2748 1194 2802 quin
1233 2751 1274 2790 et
1312 2748 1477 2790 ratione
1506 2747 1694 2799 affectus,
1725 2747 1872 2788 minis-

307 2821 384 2861 tris
414 2820 494 2862 Dei
524 2835 572 2862 ea
601 2820 832 2874 appellatio
862 2820 1091 2873 aliquando
1121 2819 1467 2870 communicetur,
1498 2819 1519 2860 1
1550 2817 1641 2860 Cor.
1672 2818 1710 2869 4,
1741 2818 1803 2859 15.

361 2890 478 2933 VIII.
520 2892 632 2941 Quin
670 2890 803 2933 Heri
842 2895 883 2934 et
919 2892 1156 2944 Domini,
1186 2890 1346 2933 scilicet
1373 2890 1629 2932 famulorum
1659 2891 1701 2931 et
1729 2903 1871 2930 servo-

308 2978 415 3015 rum,
459 2964 641 3016 qualiter
685 2963 935 3017 simpliciter
977 2962 1197 3015 Dominus,
1239 2961 1435 3004 videlicet
1480 2960 1644 3002 animae
1687 2961 1729 3002 et
1771 2974 1871 3001 con-
