1931 3224
697 162 760 204 DE
788 161 875 204 S.S.
905 161 1144 204 THEOLOGIA.
1674 161 1700 201 3

144 301 252 339 quae
290 288 353 329 est
389 286 616 329 secundum
653 286 869 340 pietatem,
907 301 956 328 ac
990 285 1203 339 sapientes
1239 284 1388 327 reddat
1423 284 1476 326 ad
1509 284 1700 338 ipsorum

143 357 321 400 salutem
350 360 392 399 et
419 357 601 411 gloriam
628 372 746 399 suam
775 359 1003 399 aeternam.

194 427 246 470 X.
286 428 427 471 Genus
465 428 738 483 Theologiae,
778 428 844 470 vel
877 427 1108 479 scientiam,
1138 426 1204 468 vel
1233 426 1485 480 sapientiam
1513 425 1701 468 facimus.

143 500 372 543 Scientiam
403 500 587 553 quidem,

196 573 234 614 1.
264 571 372 622 Quia
395 571 437 614 S.
462 571 684 626 Scriptura
708 572 898 626 epitheta
922 574 963 614 et
989 571 1137 613 effecta
1160 569 1360 612 scientiae
1385 570 1467 624 ipsi
1492 569 1701 623 attribuit,

142 642 222 685 Es.
252 643 542 695 53‚.11.Jer.
571 644 608 695 3,
638 643 699 686 15.
731 642 848 685 Joh.
878 643 941 695 17,
971 644 1008 684 3.
1039 644 1064 683 2
1094 642 1205 684 Cor.
1235 642 1272 693 8,
1302 642 1339 684 7.

196 715 234 756 2.
264 713 371 763 Quia
405 716 468 756 est
495 715 649 756 notitia
677 729 818 756 rerum
845 714 1187 765 necessariarum,
1216 712 1284 754 vel
1313 712 1518 765 absolute,
1548 715 1596 754 ut
1623 712 1703 755 Dei

144 787 187 827 et
214 786 520 827 attributorum
551 787 659 839 ejus3
688 786 755 827 vel
783 801 834 827 ex
862 785 1093 839 hypothesi
1121 784 1354 827 voluntatis
1377 783 1470 837 Dei,
1493 785 1542 825 ut
1567 783 1702 826 cultus

144 859 186 899 et
216 872 390 912 operum
418 857 562 911 ipsius.

197 929 234 970 3.
277 928 384 978 Quia
425 928 617 970 veritatis
653 928 768 981 parit
806 928 1027 979 ἐπίγνωσιν,
1073 926 1174 969 Tit.
1213 927 1250 978 1,
1281 927 1318 978 1,
1356 927 1398 968 id
1434 929 1509 979 est,
1544 929 1702 969 certam

144 999 361 1052 mentique
395 999 722 1053 profundissime
759 999 936 1041 infixam
974 999 1237 1053 agnitionem
1266 998 1589 1040 evidentissimis
1618 998 1703 1040 suis

145 1071 588 1124 demonstrationibus,
616 1072 683 1113 vel
711 1086 786 1125 per
814 1072 959 1125 priora
989 1074 1030 1113 et
1056 1070 1268 1125 principia
1298 1071 1626 1122 constitutionis,
1656 1073 1703 1112 ut

144 1141 333 1183 Matth.
378 1142 440 1195 11,
483 1143 546 1184 26.
590 1142 717 1196 Eph.
763 1144 798 1195 1,
842 1143 879 1195 5,
922 1142 987 1185 vel
1030 1157 1106 1196 per
1148 1141 1387 1195 posteriora
1425 1146 1466 1183 et
1493 1141 1704 1195 principia

145 1214 413 1267 cognitionis,
443 1216 490 1256 ut
519 1213 662 1256 Rom.
691 1215 728 1266 1,
759 1215 822 1256 20.

196 1285 270 1327 ΧΙ.
306 1285 570 1340 Sapientiam
610 1301 779 1339 quoque
816 1300 949 1339 genus
987 1285 1249 1338 Theologiae
1285 1284 1475 1337 facimus,
1503 1283 1570 1326 his
1597 1283 1703 1325 moti

143 1357 400 1399 rationibus:

197 1430 233 1471 1.
274 1429 483 1479 Quoniam
520 1429 722 1472 Salomon
759 1429 841 1472 hoc
878 1429 1049 1471 nomine
1087 1443 1180 1470 eam
1217 1430 1447 1481 nuncupat,
1483 1426 1633 1469 Prov.
1667 1427 1702 1479 1,

145 1514 253 1554 cap.
290 1515 347 1543 ac
384 1501 765 1555 sequentibus,
796 1504 837 1544 et
865 1501 1097 1557 Apostolus
1127 1499 1348 1552 Paulus,
1378 1501 1399 1542 1
1433 1498 1543 1542 Cor.
1574 1500 1611 1551 1,
1640 1498 1702 1541 21.

148 1574 199 1614 et
227 1572 290 1623 12,
319 1572 355 1614 8.

199 1644 236 1684 2.
275 1642 485 1692 Quoniam
521 1643 732 1697 principia
770 1658 845 1685 sua
879 1643 1139 1696 reliquarum
1177 1642 1446 1684 scientiarum
1484 1641 1704 1695 principiis

146 1714 272 1768 longe
299 1715 465 1767 altiora,
494 1730 657 1769 nempe,
687 1718 952 1757 sacrosancta
981 1718 1023 1757 et
1046 1717 1226 1768 augusta
1248 1714 1324 1756 Dei
1348 1714 1479 1767 ipsius
1502 1713 1706 1767 mysteria

146 1785 331 1828 humano
359 1787 531 1841 ingenio
560 1787 862 1838 inscrutabilia,
886 1787 1130 1829 hominibus
1153 1785 1355 1828 methodo
1381 1785 1558 1828 docendi
1583 1799 1705 1827 exac-

147 1857 311 1899 tissima
339 1860 468 1911 atque
498 1858 848 1900 excellentissima
876 1858 1094 1912 proponit.

198 1929 235 1970 3.
267 1928 476 1978 Quoniam
506 1930 593 1983 ejus
624 1929 926 1984 contemplatio
956 1929 1227 1983 potissimum
1256 1931 1449 1971 versatur
1474 1929 1584 1971 circa
1607 1928 1706 1970 sub-

140 2001 254 2053 jecta
291 2002 475 2053 aeterna,
513 2001 692 2053 infinita,
719 2001 963 2053 ineffabilia,
993 2001 1184 2052 immota,
1214 2000 1463 2055 spiritualia,
1495 2000 1706 2052 coelestia,

144 2072 333 2126 nullique
369 2073 718 2115 transmutationi
754 2075 827 2115 aut
865 2072 1131 2126 corruptioni
1170 2071 1368 2124 obnoxia,
1400 2075 1448 2114 ut
1475 2071 1556 2114 hac
1585 2072 1635 2114 de
1661 2087 1708 2115 re

144 2144 236 2186 fuse
264 2144 410 2187 scribit
439 2144 666 2199 August.
696 2144 805 2187 Lib.
837 2145 898 2198 12,
931 2145 989 2187 de
1018 2144 1159 2186 Trin.
1191 2159 1299 2198 cap.
1329 2143 1391 2185 14.
1700 2135 1704 2136 ⁷

198 2216 236 2258 4.
267 2216 389 2266 Quod
421 2216 526 2259 haec
552 2216 683 2259 veluti
711 2216 901 2258 omnium
930 2216 1247 2270 disciplinarum
1275 2230 1424 2257 norma
1452 2215 1707 2257 architecto·
1763 2251 1765 2253 .

145 2287 252 2340 nica,
282 2302 331 2329 ac
359 2302 555 2341 suprema
583 2288 772 2330 omnium
801 2287 1017 2330 actionum
1045 2287 1343 2340 rationumque
1371 2287 1532 2329 arbitra
1558 2287 1707 2329 ceteris
1782 2294 1784 2297 ’

147 2358 332 2400 scientiis
360 2359 612 2412 praeluceat,
641 2359 777 2412 iisque
801 2359 973 2400 modum
996 2358 1102 2400 bene
1127 2361 1169 2400 et
1192 2358 1317 2400 beate
1340 2357 1519 2410 vivendi,
1545 2357 1707 2400 omnia-

148 2444 229 2483 que
258 2430 310 2471 ad
339 2429 421 2472 Dei
449 2430 629 2484 gloriam
656 2430 865 2473 referendi
893 2430 1166 2484 praescribat.
1197 2429 1409 2483 Quidquid
1438 2428 1548 2471 enim
1577 2429 1706 2471 homo

148 2501 222 2553 (ut
261 2501 339 2543 ait
380 2501 737 2556 Augustinus,
780 2501 887 2544 Lib.
932 2503 993 2555 12,
1038 2502 1097 2544 de
1140 2501 1283 2543 Trin.
1328 2515 1435 2554 cap.
1477 2500 1557 2553 14.)
1588 2503 1708 2543 extra

147 2572 428 2629 Theologiam
465 2573 670 2625 didicerit,
708 2573 744 2615 si
779 2573 955 2616 noxium
984 2575 1059 2625 est,
1091 2573 1136 2615 in
1165 2572 1303 2616 Sacris
1331 2572 1562 2626 Scripturis
1590 2571 1707 2614 dam-

146 2646 286 2695 natur,
315 2643 350 2685 si
377 2643 494 2696 utile,
522 2644 583 2686 ibi
609 2645 822 2687 invenitur
852 2647 893 2687 et
922 2644 1199 2698 approbatur.

200 2713 294 2756 XII.
337 2713 562 2767 Objectum
603 2715 863 2769 Theologiae
905 2730 1000 2758 cum
1041 2730 1108 2758 res
1146 2715 1307 2757 divinas
1344 2729 1432 2757 esse
1468 2714 1704 2767 asserimus,

147 2785 224 2827 sub
252 2785 333 2828 hac
360 2785 645 2842 applicatione
670 2787 1013 2840 complectimur:
1038 2788 1074 2829 1.
1099 2786 1238 2829 Deum
1259 2786 1412 2840 ipsum.
1438 2787 1475 2829 2.
1490 2786 1706 2841 Dogmata

148 2858 190 2898 et
212 2856 415 2898 beneficia
438 2857 579 2899 divina
602 2858 656 2899 ad
680 2858 909 2900 salutarem
933 2857 1013 2900 Dei
1037 2857 1336 2911 cognitionem,
1353 2858 1704 2910 communionem,
1738 2881 1741 2914 ¹,

148 2929 189 2969 et
216 2926 463 2970 fruitionem
489 2929 735 2972 necessaria.
764 2930 801 2971 3.
831 2943 1106 2983 quaecunque
1133 2931 1231 2970 sunt
1259 2928 1304 2970 in
1330 2943 1472 2971 rerum
1501 2932 1652 2972 natura
1680 2920 1705 2972 a
1741 2927 1745 2955 ·.

146 2997 239 3040 Deo
277 3002 418 3042 creata
455 3001 498 3042 et
536 3000 742 3053 ordinata,
771 3002 978 3053 quatenus
1007 3000 1059 3042 ad
1086 2999 1224 3042 Deum
1252 3002 1473 3053 tamquam
1500 3000 1553 3042 ad
1582 3015 1704 3043 suum
