1931 3224
470 161 533 203 DE
562 161 664 203 an
690 176 737 203 ΕΤ
766 160 1092 202 PERSEVERANTIA
1122 160 1375 203 SANoroauM.
1630 162 1707 203 315

142 286 460 340 perseverantia
497 285 750 340 quantitatis
791 287 832 327 et
861 283 1068 338 graduum
1095 287 1310 337 utcunque
1338 284 1551 338 intercisa,
1585 284 1708 327 habi-

144 360 213 400 tus
243 360 284 400 et
312 357 532 411 qualitatis
562 357 879 410 perseverantia
909 371 996 398 non
1029 359 1176 398 cessat.

197 428 396 470 XXXIII.
436 428 672 471 Definimus
714 442 814 482 ergo
851 427 1224 482 perseverantiam,
1264 428 1512 470 continuum
1542 430 1584 470 et
1612 443 1708 482 per-

144 502 322 553 petuum
358 514 633 553 progressum
662 502 703 541 et
731 499 1078 553 perdurationem
1105 513 1202 540 vere
1229 498 1431 550 fidelium,
1461 499 1507 540 in
1535 502 1710 552 accepta

143 571 273 613 semel
310 570 450 624 gratia
488 573 530 612 et
566 570 647 612 fide
671 571 935 624 justificante
962 585 1096 623 usque
1123 570 1176 612 ad
1203 570 1317 612 vitae
1346 571 1485 623 finem,
1516 571 1707 624 gratuito

143 642 225 685 Dei
261 641 465 684 beneficio
504 642 733 683 secundum
771 643 990 683 aeternum
1028 641 1302 695 propositum
1330 641 1562 695 electionis,
1594 657 1708 685 com-

143 713 408 755 municatum
437 712 527 754 sine
555 712 644 755 ullo
672 713 862 755 fidelium
891 713 1057 765 merito,
1084 728 1161 766 per
1184 713 1416 756 efficaciam
1440 716 1482 756 et
1507 714 1708 756 virtutem

144 783 328 838 Spiritus
365 782 510 825 Sancti
546 798 623 836 per
658 783 883 836 Evangelii
919 783 1202 825 ministerium
1233 784 1461 838 operantiS‚
1493 787 1534 826 et
1564 785 1708 839 obsig-

143 855 284 897 nantis
321 854 625 908 promissiones
664 854 842 907 gratiae,
882 856 929 895 ut
967 854 1012 895 in
1048 854 1100 895 iis
1128 854 1314 896 finaliter
1341 858 1552 909 maneant,
1585 858 1626 898 et
1656 857 1707 897 ab

142 926 194 968 iis
230 940 449 979 nunquam
485 926 656 979 penitus
694 924 901 977 excidant,
933 925 985 966 ad
1027 925 1209 978 gloriam
1239 925 1320 967 Dei
1349 926 1558 979 donantis,
1589 929 1630 969 et
1658 928 1708 969 fi-

144 997 300 1040 delium
350 996 714 1051 perseverantium
756 996 949 1048 salutem,
991 995 1115 1038 Rom.
1159 997 1222 1048 11,
1265 997 1328 1038 29.
1371 997 1495 1040 Matt.
1538 999 1600 1051 24,
1644 999 1707 1040 24.

143 1069 168 1110 2
199 1068 292 1110 Cor.
322 1069 358 1119 1,
388 1069 424 1109 8.
454 1067 564 1108 Phil.
595 1068 630 1119 1,
661 1068 697 1108 6.
729 1069 770 1108 613
800 1068 836 1119 2,
868 1068 929 1109 13.
962 1067 983 1108 1
1014 1066 1105 1108 Ρ61.
1135 1067 1171 1119 5,
1204 1067 1265 1109 10.
1298 1068 1319 1108 1
1352 1067 1451 1110 ι1011.
1481 1070 1518 1121 3,
1548 1070 1585 1111 9.

195 1138 392 1181 XXXIV.
437 1137 572 1179 Causa
616 1137 801 1180 efficiens
842 1138 1046 1191 primaria
1088 1141 1129 1180 et
1173 1140 1421 1182 secundaria
1461 1141 1606 1183 eadem
1644 1144 1707 1184 681

144 1225 251 1263 quae
287 1209 398 1260 fidei,
438 1223 565 1262 quam
603 1208 677 1261 qui
707 1209 835 1250 semel
863 1209 990 1261 dedit,
1021 1224 1188 1263 semper
1221 1214 1455 1264 conservat,
1487 1214 1528 1254 61
1558 1212 1708 1254 iisdem

142 1281 278 1323 utitur
320 1279 544 1322 ordinariis
588 1279 752 1331 mediis,
797 1282 839 1321 61
879 1280 1275 1323 instrumentalibus
1318 1283 1468 1335 causis,
1506 1283 1589 1325 hoc
1631 1286 1707 1336 est,

142 1351 263 1394 verbi
306 1351 436 1392 divini
477 1350 794 1404 praedicatione
837 1353 879 1392 61
914 1350 1286 1394 Sacramentorum
1326 1353 1706 1397 administratione.

143 1422 332 1476 Cumque
370 1422 426 1464 sit
464 1422 622 1464 donum
658 1436 772 1463 mere
808 1422 1056 1475 gratuitum,
1087 1426 1207 1466 extra
1236 1423 1376 1467 Deum
1406 1427 1448 1467 et
1478 1425 1711 1478 Christum,

139 1495 258 1536 nulla
297 1494 536 1547 quaerenda
570 1496 633 1535 est
667 1507 791 1535 causa
826 1508 899 1535 seu
937 1496 1223 1547 προηγουμένη,
1261 1496 1376 1538 1111118
1414 1512 1601 1550 movens,
1635 1513 1707 1541 seu

143 1565 476 1620 προκαταρκτικὴ,
517 1567 636 1607 extra
663 1580 913 1618 provocans.
943 1565 1057 1608 Nam
1085 1566 1127 1608 id
1157 1566 1271 1609 Deus
1299 1567 1484 1621 largitur
1512 1583 1563 1610 ex
1591 1584 1707 1611 mera

141 1638 282 1691 gratia
320 1639 361 1679 et
390 1651 534 1678 amore
562 1650 663 1689 erga
692 1651 763 1678 608
793 1651 898 1689 (11108
926 1637 1008 1679 fide
1038 1637 1090 1679 ab
1120 1640 1292 1681 aeterno
1323 1639 1479 1681 donare
1509 1640 1706 1692 decrevit,

142 1709 195 1750 ad
234 1708 278 1750 id
323 1707 452 1749 etiam
494 1707 687 1750 ordinato
727 1707 885 1750 Christi
923 1709 1089 1761 merito,
1128 1724 1212 1762 quo
1250 1710 1373 1752 nobis
1412 1710 1523 1753 hanc
1550 1711 1594 1753 in
1622 1712 1705 1754 fide

141 1778 501 1834 perseverantiam
540 1778 777 1832 acquisivit.
816 1779 931 1821 Hinc
959 1782 1022 1822 est
1051 1781 1164 1833 quod
1193 1780 1351 1823 Paulus
1380 1781 1502 1824 Rom.
1533 1783 1569 1835 5,
1599 1784 1636 1825 9.
1666 1786 1708 1825 61

141 1851 204 1892 10.
244 1865 294 1892 ex
326 1850 631 1902 justificatione
670 1853 711 1892 et
749 1850 1094 1893 reconciliatione
1123 1854 1269 1893 nostra
1299 1868 1375 1906 per
1407 1852 1565 1896 Christi
1593 1870 1707 1897 mor-

140 1924 228 1964 tem
269 1922 491 1974 acquisita,
535 1921 684 1963 salutis
728 1924 899 1963 nostrae
941 1922 1133 1964 futurum
1174 1924 1548 1978 complementum,
1593 1927 1708 1980 quod

140 1993 230 2036 sine
272 1992 587 2047 perseverantia
630 2007 719 2034 esse
763 2007 850 2035 non
887 1996 1041 2048 potest,
1082 1994 1258 2048 colligit.
1297 1995 1355 2037 Et
1393 1995 1585 2038 Christus
1614 1998 1707 2052 ipse

139 2063 240 2106 Joh.
282 2064 344 2116 10,
390 2064 452 2105 15.
496 2065 727 2117 postquam
772 2064 879 2106 dixit
921 2080 965 2106 se
1004 2066 1232 2107 animam
1271 2080 1414 2108 suam
1450 2068 1707 2121 posuisse

141 2149 238 2188 pro
282 2134 476 2176 ovibus
518 2134 651 2187 suis,
691 2135 853 2177 addidit
890 2151 928 2177 v.
967 2136 1029 2178 28.
1067 2151 1170 2179 non
1208 2138 1490 2192 perituras
1530 2153 1616 2181 eas
1653 2141 1706 2182 in

141 2208 443 2257 aeternum,
469 2221 563 2248 nec
587 2206 826 2259 aliquem
850 2222 1010 2260 posse
1032 2222 1119 2250 eas
1140 2222 1333 2262 rapere
1353 2209 1411 2251 de
1429 2224 1584 2251 manu
1602 2225 1706 2253 sua.

195 2276 373 2319 XXXV.
400 2277 654 2319 Excluditur
684 2293 785 2332 ergo
816 2293 840 2320 a
869 2280 1186 2332 perseverantia
1214 2280 1481 2333 Sanctorum,
1506 2282 1706 2324 meritum

143 2363 267 2390 omne
296 2348 517 2401 condigni3
549 2349 663 2402 quod
692 2350 821 2392 etiam
850 2351 1119 2404 aliquatenus
1148 2351 1366 2394 Pontificii
1394 2352 1594 2406 fatentur,
1626 2354 1705 2395 etsi

143 2420 258 2472 quod
293 2434 379 2461 una
416 2434 545 2460 manu
583 2420 696 2474 dant,
727 2421 862 2463 altera
892 2422 1098 2475 auferant,
1130 2423 1230 2465 dum
1261 2426 1466 2477 asserunt,
1496 2425 1706 2468 auxilia

142 2490 492 2533 sufficientia
543 2492 810 2544 actualia,
864 2507 996 2546 quae
1040 2495 1353 2537 necessaria
1398 2510 1512 2537 esse
1552 2497 1706 2549 justo

142 2562 456 2614 affirmant,
496 2564 551 2604 ut
590 2564 872 2616 superatis
910 2565 1318 2607 tentationibus
1349 2566 1704 2620 gravioribus

141 2632 194 2675 in
234 2633 349 2675 vita
392 2633 813 2689 occurrentibus
851 2649 1208 2687 perseverare
1245 2651 1412 2689 usque
1449 2638 1504 2678 in
1542 2637 1706 2680 finem

141 2704 339 2758 possit,
379 2704 567 2746 cadere
606 2704 699 2745 sub
728 2705 837 2746 tale
867 2706 1141 2759 meritum,
1172 2707 1341 2749 exclusa
1368 2710 1537 2750 tantum
1567 2723 1591 2750 a
1617 2724 1706 2751 me-

141 2775 226 2817 rito
255 2775 393 2828 primo
423 2776 572 2830 gratia.
603 2776 668 2818 De
696 2777 848 2819 merito
881 2779 1129 2831 congrui,
1161 2779 1275 2831 quod
1297 2782 1464 2832 vocant,
1490 2780 1706 2823 haesitan-

141 2849 207 2889 ter
243 2846 469 2899 affirmant,
509 2847 799 2901 probabile
829 2863 965 2902 esse,
996 2850 1192 2891 mereri
1217 2851 1421 2902 justum
1450 2852 1563 2893 suis
1592 2867 1705 2895 ora-

141 2917 389 2960 tionibus
441 2921 491 2961 et
542 2919 775 2974 pietatis
828 2920 1030 2962 studiis
1081 2920 1307 2963 finalem
1353 2937 1703 2976 perseveran-

142 2989 296 3041 tiam,
333 2989 466 3032 licet
493 3003 596 3032 non
624 3005 830 3044 semper
859 2995 1230 3045 consequatur
1260 2993 1525 3046 eju'smodi
1552 3010 1702 3049 prae-
