<?xml version="1.0" encoding="UTF-8"?>
<!DOCTYPE html PUBLIC "-//W3C//DTD XHTML 1.0 Transitional//EN"
    "http://www.w3.org/TR/xhtml1/DTD/xhtml1-transitional.dtd">
<html xmlns="http://www.w3.org/1999/xhtml" xml:lang="en" lang="en">
 <head>
  <title>
</title>
<meta http-equiv="Content-Type" content="text/html;charset=utf-8" />
  <meta name='ocr-system' content='tesseract 3.04.00' />
  <meta name='ocr-capabilities' content='ocr_page ocr_carea ocr_par ocr_line ocrx_word'/>
</head>
<body>
  <div class='ocr_page' id='page_1' title='image "./synopsispurioris00poly_0073.png"; bbox 0 0 1931 3224; ppageno 0'>
   <div class='ocr_carea' id='block_1_1' title="bbox 492 122 1645 172">
    <p class='ocr_par' dir='ltr' id='par_1_1' title="bbox 492 122 1645 172">
     <span class='ocr_line' id='line_1_1' title="bbox 492 122 1645 172; baseline 0.007 -8"><span class='ocrx_word' id='word_1_1' title='bbox 492 122 556 166; x_wconf 74' lang='lat' dir='ltr'>DE</span> <span class='ocrx_word' id='word_1_2' title='bbox 584 122 689 165; x_wconf 77' lang='lat' dir='ltr'><strong>NAT.</strong></span> <span class='ocrx_word' id='word_1_3' title='bbox 720 122 798 166; x_wconf 80' lang='lat' dir='ltr'>Dm</span> <span class='ocrx_word' id='word_1_4' title='bbox 825 138 872 166; x_wconf 83' lang='lat' dir='ltr'>ET</span> <span class='ocrx_word' id='word_1_5' title='bbox 902 123 1036 167; x_wconf 83' lang='lat' dir='ltr'>D1v1N.</span> <span class='ocrx_word' id='word_1_6' title='bbox 1065 125 1236 167; x_wconf 74' lang='lat' dir='ltr'>Arrmss.</span> <span class='ocrx_word' id='word_1_7' title='bbox 1595 132 1645 172; x_wconf 85' lang='lat'>51</span> 
     </span>
    </p>
   </div>
   <div class='ocr_carea' id='block_1_2' title="bbox 79 246 1647 3013">
    <p class='ocr_par' dir='ltr' id='par_1_2' title="bbox 84 246 1647 435">
     <span class='ocr_line' id='line_1_2' title="bbox 85 246 1646 302; baseline 0.004 -13"><span class='ocrx_word' id='word_1_8' title='bbox 85 247 254 290; x_wconf 82' lang='lat' dir='ltr'>Graecis</span> <span class='ocrx_word' id='word_1_9' title='bbox 291 246 533 289; x_wconf 87' lang='lat' dir='ltr'>Hebraeam</span> <span class='ocrx_word' id='word_1_10' title='bbox 570 249 836 291; x_wconf 88' lang='lat' dir='ltr'>notationem</span> <span class='ocrx_word' id='word_1_11' title='bbox 879 250 1049 302; x_wconf 88' lang='lat' dir='ltr'>addunt,</span> <span class='ocrx_word' id='word_1_12' title='bbox 1081 265 1104 291; x_wconf 93' lang='lat' dir='ltr'>a</span> <span class='ocrx_word' id='word_1_13' title='bbox 1136 254 1180 289; x_wconf 76' lang='grc' dir='ltr'>’Ἴ</span> <span class='ocrx_word' id='word_1_14' title='bbox 1212 249 1336 301; x_wconf 85' lang='lat' dir='ltr'>Dai,</span> <span class='ocrx_word' id='word_1_15' title='bbox 1366 251 1408 292; x_wconf 89' lang='lat' dir='ltr'>id</span> <span class='ocrx_word' id='word_1_16' title='bbox 1438 255 1513 302; x_wconf 86' lang='lat' dir='ltr'>est,</span> <span class='ocrx_word' id='word_1_17' title='bbox 1544 254 1646 295; x_wconf 89' lang='lat' dir='ltr'>suf-</span> 
     </span>
     <span class='ocr_line' id='line_1_3' title="bbox 84 318 1647 377; baseline 0.003 -17"><span class='ocrx_word' id='word_1_18' title='bbox 84 319 227 369; x_wconf 86' lang='lat' dir='ltr'>ficit,</span> <span class='ocrx_word' id='word_1_19' title='bbox 264 319 374 361; x_wconf 88' lang='lat' dir='ltr'>unde</span> <span class='ocrx_word' id='word_1_20' title='bbox 412 318 634 371; x_wconf 81' lang='lat' dir='ltr'>Saddai,</span> <span class='ocrx_word' id='word_1_21' title='bbox 674 319 754 361; x_wconf 93' lang='lat' dir='ltr'>Dei</span> <span class='ocrx_word' id='word_1_22' title='bbox 794 335 947 362; x_wconf 88' lang='lat' dir='ltr'>nomen</span> <span class='ocrx_word' id='word_1_23' title='bbox 986 321 1052 362; x_wconf 84' lang='lat' dir='ltr'>sit.</span> <span class='ocrx_word' id='word_1_24' title='bbox 1097 320 1237 362; x_wconf 86' lang='lat' dir='ltr'>Latini</span> <span class='ocrx_word' id='word_1_25' title='bbox 1277 336 1301 362; x_wconf 91' lang='lat' dir='ltr'>a</span> <span class='ocrx_word' id='word_1_26' title='bbox 1331 321 1504 373; x_wconf 84' lang='lat' dir='ltr'>Graeco,</span> <span class='ocrx_word' id='word_1_27' title='bbox 1536 323 1647 377; x_wconf 87' lang='lat' dir='ltr'>aspi-</span> 
     </span>
     <span class='ocr_line' id='line_1_4' title="bbox 85 391 1148 435; baseline 0.002 -3"><span class='ocrx_word' id='word_1_28' title='bbox 85 393 178 433; x_wconf 87' lang='lat' dir='ltr'>rata</span> <span class='ocrx_word' id='word_1_29' title='bbox 207 391 248 432; x_wconf 90' lang='lat' dir='ltr'>in</span> <span class='ocrx_word' id='word_1_30' title='bbox 277 393 446 433; x_wconf 87' lang='lat' dir='ltr'>tenuem</span> <span class='ocrx_word' id='word_1_31' title='bbox 477 394 653 435; x_wconf 89' lang='lat' dir='ltr'>mutata.</span> <span class='ocrx_word' id='word_1_32' title='bbox 686 391 827 433; x_wconf 88' lang='lat' dir='ltr'>Deus</span> <span class='ocrx_word' id='word_1_33' title='bbox 859 392 1148 435; x_wconf 82' lang='lat' dir='ltr'>efformarunt.</span> 
     </span>
    </p>

    <p class='ocr_par' dir='ltr' id='par_1_3' title="bbox 83 461 1646 1159">
     <span class='ocr_line' id='line_1_5' title="bbox 138 461 1645 519; baseline 0.003 -16"><span class='ocrx_word' id='word_1_34' title='bbox 138 461 232 504; x_wconf 89' lang='lat' dir='ltr'><strong>XII.</strong></span> <span class='ocrx_word' id='word_1_35' title='bbox 260 461 503 518; x_wconf 86' lang='lat' dir='ltr'>Usurpatur</span> <span class='ocrx_word' id='word_1_36' title='bbox 530 467 670 506; x_wconf 87' lang='lat' dir='ltr'>autem</span> <span class='ocrx_word' id='word_1_37' title='bbox 695 479 850 506; x_wconf 86' lang='lat' dir='ltr'>nomen</span> <span class='ocrx_word' id='word_1_38' title='bbox 874 464 956 506; x_wconf 89' lang='lat' dir='ltr'>hoc</span> <span class='ocrx_word' id='word_1_39' title='bbox 980 464 1059 506; x_wconf 88' lang='lat' dir='ltr'>Dei</span> <span class='ocrx_word' id='word_1_40' title='bbox 1085 465 1127 506; x_wconf 90' lang='lat' dir='ltr'>in</span> <span class='ocrx_word' id='word_1_41' title='bbox 1153 463 1385 519; x_wconf 81' lang='lat' dir='ltr'>Scripturis</span> <span class='ocrx_word' id='word_1_42' title='bbox 1409 466 1645 519; x_wconf 85' lang='lat' dir='ltr'>dupliciter,</span> 
     </span>
     <span class='ocr_line' id='line_1_6' title="bbox 84 534 1646 592; baseline 0.003 -16"><span class='ocrx_word' id='word_1_43' title='bbox 84 535 150 576; x_wconf 89' lang='lat' dir='ltr'>vel</span> <span class='ocrx_word' id='word_1_44' title='bbox 193 534 320 584; x_wconf 71' lang='grc' dir='ltr'>ὅντως,</span> <span class='ocrx_word' id='word_1_45' title='bbox 372 549 470 577; x_wconf 85' lang='lat' dir='ltr'>vere</span> <span class='ocrx_word' id='word_1_46' title='bbox 508 538 549 577; x_wconf 91' lang='lat' dir='ltr'>et</span> <span class='ocrx_word' id='word_1_47' title='bbox 585 536 752 586; x_wconf 86' lang='lat' dir='ltr'>usitate,</span> <span class='ocrx_word' id='word_1_48' title='bbox 778 537 844 578; x_wconf 91' lang='lat' dir='ltr'>vel</span> <span class='ocrx_word' id='word_1_49' title='bbox 869 540 1218 590; x_wconf 63' lang='grc' dir='ltr'>κκταιχρηστικῶς,</span> <span class='ocrx_word' id='word_1_50' title='bbox 1251 538 1434 588; x_wconf 76' lang='lat' dir='ltr'>abusive,</span> <span class='ocrx_word' id='word_1_51' title='bbox 1460 538 1646 592; x_wconf 87' lang='lat' dir='ltr'>illudque</span> 
     </span>
     <span class='ocr_line' id='line_1_7' title="bbox 83 606 1644 665; baseline 0.003 -17"><span class='ocrx_word' id='word_1_52' title='bbox 83 620 228 648; x_wconf 87' lang='lat' dir='ltr'>rursus</span> <span class='ocrx_word' id='word_1_53' title='bbox 265 606 331 648; x_wconf 87' lang='lat' dir='ltr'>vel</span> <span class='ocrx_word' id='word_1_54' title='bbox 366 608 564 655; x_wconf 75' lang='grc' dir='ltr'>οὐσιωδῶς,</span> <span class='ocrx_word' id='word_1_55' title='bbox 608 622 702 649; x_wconf 89' lang='lat' dir='ltr'>cum</span> <span class='ocrx_word' id='word_1_56' title='bbox 741 609 1021 650; x_wconf 89' lang='lat' dir='ltr'>communiter</span> <span class='ocrx_word' id='word_1_57' title='bbox 1049 609 1138 651; x_wconf 89' lang='lat' dir='ltr'>sine</span> <span class='ocrx_word' id='word_1_58' title='bbox 1169 609 1521 652; x_wconf 86' lang='lat' dir='ltr'>determinatione</span> <span class='ocrx_word' id='word_1_59' title='bbox 1550 625 1644 665; x_wconf 87' lang='lat' dir='ltr'>per-</span> 
     </span>
     <span class='ocr_line' id='line_1_8' title="bbox 84 675 1644 734; baseline 0.003 -16"><span class='ocrx_word' id='word_1_60' title='bbox 84 691 284 719; x_wconf 85' lang='lat' dir='ltr'>sonarum</span> <span class='ocrx_word' id='word_1_61' title='bbox 320 675 572 720; x_wconf 82' lang='lat' dir='ltr'>Divinarum</span> <span class='ocrx_word' id='word_1_62' title='bbox 610 679 828 733; x_wconf 74' lang='lat' dir='ltr'>accipitur,</span> <span class='ocrx_word' id='word_1_63' title='bbox 868 682 914 720; x_wconf 92' lang='lat' dir='ltr'>ut</span> <span class='ocrx_word' id='word_1_64' title='bbox 954 679 1095 722; x_wconf 89' lang='lat' dir='ltr'>Deus</span> <span class='ocrx_word' id='word_1_65' title='bbox 1135 683 1214 722; x_wconf 88' lang='lat' dir='ltr'>est</span> <span class='ocrx_word' id='word_1_66' title='bbox 1244 681 1499 734; x_wconf 89' lang='lat' dir='ltr'>spiritus,</span> <span class='ocrx_word' id='word_1_67' title='bbox 1528 681 1556 722; x_wconf 85' lang='lat' dir='ltr'><strong>J</strong></span> <span class='ocrx_word' id='word_1_68' title='bbox 1568 681 1644 723; x_wconf 91' lang='lat' dir='ltr'>oh.</span> 
     </span>
     <span class='ocr_line' id='line_1_9' title="bbox 83 748 1646 805; baseline 0.003 -15"><span class='ocrx_word' id='word_1_69' title='bbox 83 749 122 800; x_wconf 88' lang='grc'>4,</span> <span class='ocrx_word' id='word_1_70' title='bbox 155 749 231 798; x_wconf 83' lang='grc'>24.,</span> <span class='ocrx_word' id='word_1_71' title='bbox 263 748 329 791; x_wconf 87' lang='lat' dir='ltr'>vel</span> <span class='ocrx_word' id='word_1_72' title='bbox 368 750 653 799; x_wconf 69' lang='grc' dir='ltr'>ὑποστατικῶς,</span> <span class='ocrx_word' id='word_1_73' title='bbox 681 765 774 792; x_wconf 88' lang='lat' dir='ltr'>cum</span> <span class='ocrx_word' id='word_1_74' title='bbox 800 751 880 793; x_wconf 89' lang='lat' dir='ltr'>Dei</span> <span class='ocrx_word' id='word_1_75' title='bbox 904 766 1058 793; x_wconf 88' lang='lat' dir='ltr'>nomen</span> <span class='ocrx_word' id='word_1_76' title='bbox 1082 755 1220 793; x_wconf 85' lang='lat' dir='ltr'>certae</span> <span class='ocrx_word' id='word_1_77' title='bbox 1248 767 1453 805; x_wconf 79' lang='lat' dir='ltr'>personae</span> <span class='ocrx_word' id='word_1_78' title='bbox 1483 753 1646 805; x_wconf 83' lang='lat' dir='ltr'>subjec-</span> 
     </span>
     <span class='ocr_line' id='line_1_10' title="bbox 84 819 1646 875; baseline 0.002 -14"><span class='ocrx_word' id='word_1_79' title='bbox 84 820 169 862; x_wconf 88' lang='lat' dir='ltr'>tive</span> <span class='ocrx_word' id='word_1_80' title='bbox 210 819 427 872; x_wconf 71' lang='lat' dir='ltr'>tribuitur,</span> <span class='ocrx_word' id='word_1_81' title='bbox 470 824 518 863; x_wconf 89' lang='lat' dir='ltr'>ut</span> <span class='ocrx_word' id='word_1_82' title='bbox 559 821 691 873; x_wconf 88' lang='lat' dir='ltr'>Patri,</span> <span class='ocrx_word' id='word_1_83' title='bbox 734 821 874 863; x_wconf 83' lang='lat' dir='ltr'>Rom.</span> <span class='ocrx_word' id='word_1_84' title='bbox 926 823 962 873; x_wconf 87' lang='lat'>7,</span> <span class='ocrx_word' id='word_1_85' title='bbox 1016 822 1078 864; x_wconf 86' lang='grc'>25.</span> <span class='ocrx_word' id='word_1_86' title='bbox 1130 825 1179 864; x_wconf 92' lang='lat' dir='ltr'>et</span> <span class='ocrx_word' id='word_1_87' title='bbox 1231 823 1268 874; x_wconf 88' lang='grc'>8,</span> <span class='ocrx_word' id='word_1_88' title='bbox 1320 823 1370 874; x_wconf 85' lang='grc'>3.,</span> <span class='ocrx_word' id='word_1_89' title='bbox 1423 822 1544 875; x_wconf 84' lang='lat' dir='ltr'>Filio,</span> <span class='ocrx_word' id='word_1_90' title='bbox 1598 827 1646 865; x_wconf 91' lang='lat' dir='ltr'>ut</span> 
     </span>
     <span class='ocr_line' id='line_1_11' title="bbox 85 890 1645 946; baseline 0.002 -14"><span class='ocrx_word' id='word_1_91' title='bbox 85 892 106 932; x_wconf 96' lang='grc'><strong>1</strong></span> <span class='ocrx_word' id='word_1_92' title='bbox 124 890 250 933; x_wconf 86' lang='lat' dir='ltr'>Tim.</span> <span class='ocrx_word' id='word_1_93' title='bbox 278 892 316 943; x_wconf 86' lang='lat'>3,</span> <span class='ocrx_word' id='word_1_94' title='bbox 339 892 401 933; x_wconf 88' lang='grc'>16.</span> <span class='ocrx_word' id='word_1_95' title='bbox 430 891 542 933; x_wconf 87' lang='lat' dir='ltr'>Act.</span> <span class='ocrx_word' id='word_1_96' title='bbox 572 893 634 944; x_wconf 91' lang='grc'>20,</span> <span class='ocrx_word' id='word_1_97' title='bbox 651 893 726 944; x_wconf 84' lang='grc'>28.,</span> <span class='ocrx_word' id='word_1_98' title='bbox 753 895 795 934; x_wconf 89' lang='lat' dir='ltr'>et</span> <span class='ocrx_word' id='word_1_99' title='bbox 819 892 999 946; x_wconf 85' lang='lat' dir='ltr'>Spiritui</span> <span class='ocrx_word' id='word_1_100' title='bbox 1015 892 1183 945; x_wconf 84' lang='lat' dir='ltr'>Sancto,</span> <span class='ocrx_word' id='word_1_101' title='bbox 1208 893 1319 935; x_wconf 92' lang='lat' dir='ltr'>Act.</span> <span class='ocrx_word' id='word_1_102' title='bbox 1345 894 1381 945; x_wconf 78' lang='lat'>5,</span> <span class='ocrx_word' id='word_1_103' title='bbox 1398 894 1435 935; x_wconf 81' lang='lat'>4.</span> <span class='ocrx_word' id='word_1_104' title='bbox 1460 893 1645 935; x_wconf 82' lang='lat' dir='ltr'>Maxime</span> 
     </span>
     <span class='ocr_line' id='line_1_12' title="bbox 85 961 1642 1017; baseline 0.001 -13"><span class='ocrx_word' id='word_1_105' title='bbox 85 965 227 1005; x_wconf 87' lang='lat' dir='ltr'>autem</span> <span class='ocrx_word' id='word_1_106' title='bbox 262 961 381 1004; x_wconf 86' lang='lat' dir='ltr'>Patri</span> <span class='ocrx_word' id='word_1_107' title='bbox 419 964 736 1017; x_wconf 68' lang='lat' dir='ltr'>appropriatur,</span> <span class='ocrx_word' id='word_1_108' title='bbox 775 963 914 1006; x_wconf 85' lang='lat' dir='ltr'>Rom.</span> <span class='ocrx_word' id='word_1_109' title='bbox 956 965 990 1015; x_wconf 89' lang='lat'>1,</span> <span class='ocrx_word' id='word_1_110' title='bbox 1031 964 1066 1006; x_wconf 92' lang='lat'>1.</span> <span class='ocrx_word' id='word_1_111' title='bbox 1103 967 1196 1006; x_wconf 91' lang='lat' dir='ltr'>tum</span> <span class='ocrx_word' id='word_1_112' title='bbox 1235 967 1412 1017; x_wconf 88' lang='lat' dir='ltr'>propter</span> <span class='ocrx_word' id='word_1_113' title='bbox 1441 965 1642 1016; x_wconf 88' lang='lat' dir='ltr'>ordinem,</span> 
     </span>
     <span class='ocr_line' id='line_1_13' title="bbox 85 1032 1645 1088; baseline 0.001 -14"><span class='ocrx_word' id='word_1_114' title='bbox 85 1032 158 1085; x_wconf 88' lang='lat' dir='ltr'>qui</span> <span class='ocrx_word' id='word_1_115' title='bbox 196 1035 258 1074; x_wconf 87' lang='lat' dir='ltr'>est</span> <span class='ocrx_word' id='word_1_116' title='bbox 300 1033 344 1074; x_wconf 91' lang='lat' dir='ltr'>in</span> <span class='ocrx_word' id='word_1_117' title='bbox 386 1033 595 1085; x_wconf 88' lang='lat' dir='ltr'>Personis,</span> <span class='ocrx_word' id='word_1_118' title='bbox 648 1036 739 1076; x_wconf 86' lang='lat' dir='ltr'>tum</span> <span class='ocrx_word' id='word_1_119' title='bbox 792 1036 1083 1077; x_wconf 78' lang='lat' dir='ltr'>oeconomiam</span> <span class='ocrx_word' id='word_1_120' title='bbox 1132 1038 1173 1077; x_wconf 90' lang='lat' dir='ltr'>et</span> <span class='ocrx_word' id='word_1_121' title='bbox 1218 1035 1551 1088; x_wconf 81' lang='lat' dir='ltr'>dispositionem,</span> <span class='ocrx_word' id='word_1_122' title='bbox 1592 1035 1645 1076; x_wconf 88' lang='lat' dir='ltr'>ad</span> 
     </span>
     <span class='ocr_line' id='line_1_14' title="bbox 83 1105 1256 1159; baseline 0.002 -13"><span class='ocrx_word' id='word_1_123' title='bbox 83 1105 333 1158; x_wconf 82' lang='lat' dir='ltr'>mysterium</span> <span class='ocrx_word' id='word_1_124' title='bbox 361 1105 508 1147; x_wconf 89' lang='lat' dir='ltr'>salutis</span> <span class='ocrx_word' id='word_1_125' title='bbox 535 1107 705 1146; x_wconf 89' lang='lat' dir='ltr'>nostrae</span> <span class='ocrx_word' id='word_1_126' title='bbox 735 1106 1059 1159; x_wconf 89' lang='lat' dir='ltr'>procurandum,</span> <span class='ocrx_word' id='word_1_127' title='bbox 1087 1106 1256 1148; x_wconf 86' lang='lat' dir='ltr'>factam.</span> 
     </span>
    </p>

    <p class='ocr_par' dir='ltr' id='par_1_4' title="bbox 82 1175 1645 1733">
     <span class='ocr_line' id='line_1_15' title="bbox 137 1175 1645 1231; baseline 0.001 -14"><span class='ocrx_word' id='word_1_128' title='bbox 137 1175 251 1218; x_wconf 86' lang='lat' dir='ltr'><strong>XIII.</strong></span> <span class='ocrx_word' id='word_1_129' title='bbox 279 1180 625 1230; x_wconf 71' lang='grc' dir='ltr'>Κοιτοιχρηστικῶς</span> <span class='ocrx_word' id='word_1_130' title='bbox 650 1178 717 1219; x_wconf 67' lang='lat' dir='ltr'>ma}</span> <span class='ocrx_word' id='word_1_131' title='bbox 741 1178 889 1231; x_wconf 69' lang='grc' dir='ltr'><em>ἀκύρως</em></span> <span class='ocrx_word' id='word_1_132' title='bbox 913 1178 1084 1219; x_wconf 86' lang='lat' dir='ltr'>abusive</span> <span class='ocrx_word' id='word_1_133' title='bbox 1110 1180 1152 1219; x_wconf 87' lang='lat' dir='ltr'>et</span> <span class='ocrx_word' id='word_1_134' title='bbox 1170 1177 1417 1231; x_wconf 86' lang='lat' dir='ltr'>improprie,</span> <span class='ocrx_word' id='word_1_135' title='bbox 1444 1178 1645 1219; x_wconf 82' lang='lat' dir='ltr'>creaturis</span> 
     </span>
     <span class='ocr_line' id='line_1_16' title="bbox 83 1247 1644 1302; baseline 0.001 -14"><span class='ocrx_word' id='word_1_136' title='bbox 83 1247 312 1299; x_wconf 51' lang='lat' dir='ltr'>tribuiturs</span> <span class='ocrx_word' id='word_1_137' title='bbox 337 1248 404 1290; x_wconf 89' lang='lat' dir='ltr'>vel</span> <span class='ocrx_word' id='word_1_138' title='bbox 441 1252 666 1296; x_wconf 76' lang='grc' dir='ltr'>κοινωνικῶς.</span> <span class='ocrx_word' id='word_1_139' title='bbox 705 1249 747 1291; x_wconf 91' lang='lat' dir='ltr'>id</span> <span class='ocrx_word' id='word_1_140' title='bbox 787 1252 861 1301; x_wconf 91' lang='lat' dir='ltr'>est,</span> <span class='ocrx_word' id='word_1_141' title='bbox 902 1248 1294 1302; x_wconf 78' lang='lat' dir='ltr'>communicatione,</span> <span class='ocrx_word' id='word_1_142' title='bbox 1335 1264 1430 1290; x_wconf 90' lang='lat' dir='ltr'>cum</span> <span class='ocrx_word' id='word_1_143' title='bbox 1467 1249 1644 1302; x_wconf 83' lang='lat' dir='ltr'>Angelis</span> 
     </span>
     <span class='ocr_line' id='line_1_17' title="bbox 83 1319 1644 1375; baseline 0.001 -15"><span class='ocrx_word' id='word_1_144' title='bbox 83 1319 149 1361; x_wconf 91' lang='lat' dir='ltr'>vel</span> <span class='ocrx_word' id='word_1_145' title='bbox 188 1319 444 1372; x_wconf 88' lang='lat' dir='ltr'>hominibus,</span> <span class='ocrx_word' id='word_1_146' title='bbox 482 1324 660 1375; x_wconf 88' lang='lat' dir='ltr'>propter</span> <span class='ocrx_word' id='word_1_147' title='bbox 697 1321 970 1363; x_wconf 82' lang='lat' dir='ltr'>excellentem</span> <span class='ocrx_word' id='word_1_148' title='bbox 1013 1322 1278 1375; x_wconf 87' lang='lat' dir='ltr'>dignitatem,</span> <span class='ocrx_word' id='word_1_149' title='bbox 1319 1321 1557 1375; x_wconf 84' lang='lat' dir='ltr'>potentiam</span> <span class='ocrx_word' id='word_1_150' title='bbox 1603 1324 1644 1362; x_wconf 92' lang='lat' dir='ltr'>et</span> 
     </span>
     <span class='ocr_line' id='line_1_18' title="bbox 84 1390 1644 1447; baseline 0.001 -15"><span class='ocrx_word' id='word_1_151' title='bbox 84 1390 449 1444; x_wconf 83' lang='lat' dir='ltr'>gubernationem,</span> <span class='ocrx_word' id='word_1_152' title='bbox 487 1393 531 1434; x_wconf 88' lang='lat' dir='ltr'>in</span> <span class='ocrx_word' id='word_1_153' title='bbox 571 1408 654 1446; x_wconf 87' lang='lat' dir='ltr'>qua</span> <span class='ocrx_word' id='word_1_154' title='bbox 692 1408 716 1434; x_wconf 89' lang='lat' dir='ltr'>a</span> <span class='ocrx_word' id='word_1_155' title='bbox 753 1392 845 1435; x_wconf 90' lang='lat' dir='ltr'>Deo</span> <span class='ocrx_word' id='word_1_156' title='bbox 885 1393 1118 1445; x_wconf 87' lang='lat' dir='ltr'>constituti,</span> <span class='ocrx_word' id='word_1_157' title='bbox 1158 1408 1369 1446; x_wconf 88' lang='lat' dir='ltr'>quamque</span> <span class='ocrx_word' id='word_1_158' title='bbox 1408 1408 1509 1447; x_wconf 88' lang='lat' dir='ltr'>erga</span> <span class='ocrx_word' id='word_1_159' title='bbox 1540 1392 1644 1434; x_wconf 89' lang='lat' dir='ltr'>alios</span> 
     </span>
     <span class='ocr_line' id='line_1_19' title="bbox 84 1463 1642 1520; baseline 0.001 -17"><span class='ocrx_word' id='word_1_160' title='bbox 84 1465 300 1514; x_wconf 81' lang='lat' dir='ltr'>exercent;</span> <span class='ocrx_word' id='word_1_161' title='bbox 347 1464 413 1506; x_wconf 87' lang='lat' dir='ltr'>vel</span> <span class='ocrx_word' id='word_1_162' title='bbox 461 1464 718 1515; x_wconf 65' lang='grc' dir='ltr'>δοξαστικῶς,</span> <span class='ocrx_word' id='word_1_163' title='bbox 764 1481 814 1507; x_wconf 85' lang='lat' dir='ltr'>ex</span> <span class='ocrx_word' id='word_1_164' title='bbox 859 1466 1058 1520; x_wconf 88' lang='lat' dir='ltr'>opinione</span> <span class='ocrx_word' id='word_1_165' title='bbox 1097 1468 1138 1507; x_wconf 92' lang='lat' dir='ltr'>et</span> <span class='ocrx_word' id='word_1_166' title='bbox 1182 1479 1334 1516; x_wconf 87' lang='lat' dir='ltr'>errore,</span> <span class='ocrx_word' id='word_1_167' title='bbox 1378 1464 1495 1506; x_wconf 82' lang='lat' dir='ltr'>falsis</span> <span class='ocrx_word' id='word_1_168' title='bbox 1537 1463 1642 1514; x_wconf 90' lang='lat' dir='ltr'>Diis,</span> 
     </span>
     <span class='ocr_line' id='line_1_20' title="bbox 82 1531 1641 1589; baseline 0.001 -15"><span class='ocrx_word' id='word_1_169' title='bbox 82 1531 200 1575; x_wconf 83' lang='lat' dir='ltr'>Joh.</span> <span class='ocrx_word' id='word_1_170' title='bbox 239 1535 302 1586; x_wconf 87' lang='lat'>10,</span> <span class='ocrx_word' id='word_1_171' title='bbox 341 1535 404 1577; x_wconf 83' lang='lat'>34.</span> <span class='ocrx_word' id='word_1_172' title='bbox 443 1535 605 1579; x_wconf 51' lang='lat' dir='ltr'>Exod,</span> <span class='ocrx_word' id='word_1_173' title='bbox 644 1538 706 1589; x_wconf 83' lang='lat'>22,</span> <span class='ocrx_word' id='word_1_174' title='bbox 747 1537 810 1578; x_wconf 82' lang='grc'>28.</span> <span class='ocrx_word' id='word_1_175' title='bbox 849 1536 925 1578; x_wconf 81' lang='lat' dir='ltr'>Ps.</span> <span class='ocrx_word' id='word_1_176' title='bbox 965 1538 1028 1588; x_wconf 82' lang='grc'>82,</span> <span class='ocrx_word' id='word_1_177' title='bbox 1067 1537 1103 1578; x_wconf 83' lang='grc'>6.</span> <span class='ocrx_word' id='word_1_178' title='bbox 1144 1538 1164 1578; x_wconf 95' lang='grc'><strong>1</strong></span> <span class='ocrx_word' id='word_1_179' title='bbox 1205 1535 1316 1577; x_wconf 81' lang='lat' dir='ltr'>Cor.</span> <span class='ocrx_word' id='word_1_180' title='bbox 1355 1536 1391 1586; x_wconf 79' lang='lat'>8,</span> <span class='ocrx_word' id='word_1_181' title='bbox 1416 1536 1453 1576; x_wconf 84' lang='lat'>4.</span> <span class='ocrx_word' id='word_1_182' title='bbox 1482 1536 1519 1576; x_wconf 84' lang='lat'>5.</span> <span class='ocrx_word' id='word_1_183' title='bbox 1549 1533 1641 1583; x_wconf 80' lang='lat' dir='ltr'>Quo</span> 
     </span>
     <span class='ocr_line' id='line_1_21' title="bbox 82 1604 1642 1661; baseline 0.001 -16"><span class='ocrx_word' id='word_1_184' title='bbox 82 1604 131 1646; x_wconf 90' lang='lat' dir='ltr'>fit</span> <span class='ocrx_word' id='word_1_185' title='bbox 167 1607 215 1646; x_wconf 87' lang='lat' dir='ltr'>ut</span> <span class='ocrx_word' id='word_1_186' title='bbox 252 1621 408 1648; x_wconf 88' lang='lat' dir='ltr'>nomen</span> <span class='ocrx_word' id='word_1_187' title='bbox 445 1607 538 1659; x_wconf 91' lang='lat' dir='ltr'>Dei,</span> <span class='ocrx_word' id='word_1_188' title='bbox 577 1609 691 1661; x_wconf 87' lang='lat' dir='ltr'>quod</span> <span class='ocrx_word' id='word_1_189' title='bbox 718 1609 958 1651; x_wconf 86' lang='lat' dir='ltr'>individuae</span> <span class='ocrx_word' id='word_1_190' title='bbox 992 1610 1080 1661; x_wconf 87' lang='lat' dir='ltr'>ejus</span> <span class='ocrx_word' id='word_1_191' title='bbox 1110 1608 1314 1650; x_wconf 83' lang='lat' dir='ltr'>essentiae</span> <span class='ocrx_word' id='word_1_192' title='bbox 1343 1606 1642 1660; x_wconf 87' lang='lat' dir='ltr'>significandae</span> 
     </span>
     <span class='ocr_line' id='line_1_22' title="bbox 82 1676 1354 1733; baseline 0.002 -17"><span class='ocrx_word' id='word_1_193' title='bbox 82 1676 306 1729; x_wconf 87' lang='lat' dir='ltr'>proprium</span> <span class='ocrx_word' id='word_1_194' title='bbox 335 1680 409 1729; x_wconf 85' lang='lat' dir='ltr'>est,</span> <span class='ocrx_word' id='word_1_195' title='bbox 440 1693 661 1721; x_wconf 88' lang='lat' dir='ltr'>commune</span> <span class='ocrx_word' id='word_1_196' title='bbox 691 1683 732 1721; x_wconf 89' lang='lat' dir='ltr'>et</span> <span class='ocrx_word' id='word_1_197' title='bbox 762 1680 1070 1733; x_wconf 84' lang='lat' dir='ltr'>appellativum</span> <span class='ocrx_word' id='word_1_198' title='bbox 1099 1678 1259 1720; x_wconf 83' lang='lat' dir='ltr'>factum</span> <span class='ocrx_word' id='word_1_199' title='bbox 1288 1678 1354 1719; x_wconf 88' lang='lat' dir='ltr'>sit.</span> 
     </span>
    </p>

    <p class='ocr_par' dir='ltr' id='par_1_5' title="bbox 79 1746 1643 2430">
     <span class='ocr_line' id='line_1_23' title="bbox 136 1746 1642 1804; baseline 0 -16"><span class='ocrx_word' id='word_1_200' title='bbox 136 1746 252 1789; x_wconf 82' lang='lat' dir='ltr'><strong>XIV.</strong></span> <span class='ocrx_word' id='word_1_201' title='bbox 291 1747 431 1797; x_wconf 82' lang='lat' dir='ltr'>Quare</span> <span class='ocrx_word' id='word_1_202' title='bbox 462 1752 509 1791; x_wconf 86' lang='lat' dir='ltr'>ut</span> <span class='ocrx_word' id='word_1_203' title='bbox 537 1765 580 1792; x_wconf 90' lang='lat' dir='ltr'>se</span> <span class='ocrx_word' id='word_1_204' title='bbox 608 1752 661 1793; x_wconf 90' lang='lat' dir='ltr'>ab</span> <span class='ocrx_word' id='word_1_205' title='bbox 693 1751 900 1802; x_wconf 89' lang='lat' dir='ltr'>omnibus,</span> <span class='ocrx_word' id='word_1_206' title='bbox 931 1751 1004 1804; x_wconf 88' lang='lat' dir='ltr'>qui</span> <span class='ocrx_word' id='word_1_207' title='bbox 1032 1749 1114 1792; x_wconf 86' lang='lat' dir='ltr'>Dei</span> <span class='ocrx_word' id='word_1_208' title='bbox 1142 1750 1311 1791; x_wconf 88' lang='lat' dir='ltr'>nomine</span> <span class='ocrx_word' id='word_1_209' title='bbox 1341 1749 1527 1799; x_wconf 87' lang='lat' dir='ltr'>veniunt,</span> <span class='ocrx_word' id='word_1_210' title='bbox 1560 1747 1642 1789; x_wconf 90' lang='lat' dir='ltr'>dis-</span> 
     </span>
     <span class='ocr_line' id='line_1_24' title="bbox 79 1818 1642 1876; baseline 0.001 -17"><span class='ocrx_word' id='word_1_211' title='bbox 79 1818 290 1872; x_wconf 87' lang='lat' dir='ltr'>jungeret,</span> <span class='ocrx_word' id='word_1_212' title='bbox 327 1834 483 1863; x_wconf 88' lang='lat' dir='ltr'>nomen</span> <span class='ocrx_word' id='word_1_213' title='bbox 519 1822 600 1864; x_wconf 86' lang='lat' dir='ltr'>hoc</span> <span class='ocrx_word' id='word_1_214' title='bbox 639 1837 760 1864; x_wconf 90' lang='lat' dir='ltr'>suum</span> <span class='ocrx_word' id='word_1_215' title='bbox 800 1822 1052 1876; x_wconf 89' lang='lat' dir='ltr'>quibusdam</span> <span class='ocrx_word' id='word_1_216' title='bbox 1089 1820 1426 1875; x_wconf 86' lang='lat' dir='ltr'>proprietatibus</span> <span class='ocrx_word' id='word_1_217' title='bbox 1465 1820 1642 1861; x_wconf 73' lang='lat' dir='ltr'>circum-</span> 
     </span>
     <span class='ocr_line' id='line_1_25' title="bbox 84 1889 1643 1945; baseline 0 -14"><span class='ocrx_word' id='word_1_218' title='bbox 84 1889 243 1942; x_wconf 86' lang='lat' dir='ltr'>scribit,</span> <span class='ocrx_word' id='word_1_219' title='bbox 282 1891 379 1932; x_wconf 90' lang='lat' dir='ltr'>dum</span> <span class='ocrx_word' id='word_1_220' title='bbox 417 1906 460 1933; x_wconf 87' lang='lat' dir='ltr'>se</span> <span class='ocrx_word' id='word_1_221' title='bbox 497 1891 661 1934; x_wconf 88' lang='lat' dir='ltr'>Deum</span> <span class='ocrx_word' id='word_1_222' title='bbox 698 1893 1018 1945; x_wconf 88' lang='lat' dir='ltr'>Abrahami,</span> <span class='ocrx_word' id='word_1_223' title='bbox 1053 1891 1231 1934; x_wconf 88' lang='lat' dir='ltr'>Isaaci</span> <span class='ocrx_word' id='word_1_224' title='bbox 1265 1894 1316 1933; x_wconf 91' lang='lat' dir='ltr'>et</span> <span class='ocrx_word' id='word_1_225' title='bbox 1344 1890 1541 1933; x_wconf 77' lang='lat' dir='ltr'>Jacobi</span> <span class='ocrx_word' id='word_1_226' title='bbox 1571 1905 1643 1932; x_wconf 90' lang='lat' dir='ltr'>seu</span> 
     </span>
     <span class='ocr_line' id='line_1_26' title="bbox 82 1960 1641 2015; baseline 0.001 -13"><span class='ocrx_word' id='word_1_227' title='bbox 82 1960 249 2003; x_wconf 72' lang='lat' dir='ltr'>Israelis</span> <span class='ocrx_word' id='word_1_228' title='bbox 287 1962 400 2013; x_wconf 88' lang='lat' dir='ltr'>dicit,</span> <span class='ocrx_word' id='word_1_229' title='bbox 429 1962 591 2005; x_wconf 85' lang='lat' dir='ltr'>Exod.</span> <span class='ocrx_word' id='word_1_230' title='bbox 620 1964 657 2015; x_wconf 84' lang='lat'>3,</span> <span class='ocrx_word' id='word_1_231' title='bbox 688 1964 724 2006; x_wconf 82' lang='lat'>6.</span> <span class='ocrx_word' id='word_1_232' title='bbox 758 1963 921 2006; x_wconf 90' lang='lat' dir='ltr'>Deum</span> <span class='ocrx_word' id='word_1_233' title='bbox 953 1963 1310 2014; x_wconf 83' lang='lat' dir='ltr'>exercituum,</span> <span class='ocrx_word' id='word_1_234' title='bbox 1341 1962 1480 2004; x_wconf 85' lang='lat' dir='ltr'>Esai.</span> <span class='ocrx_word' id='word_1_235' title='bbox 1513 1962 1548 2013; x_wconf 88' lang='lat'>1,</span> <span class='ocrx_word' id='word_1_236' title='bbox 1579 1962 1641 2003; x_wconf 88' lang='grc'>24.</span> 
     </span>
     <span class='ocr_line' id='line_1_27' title="bbox 83 2031 1641 2088; baseline 0.001 -15"><span class='ocrx_word' id='word_1_237' title='bbox 83 2031 245 2075; x_wconf 90' lang='lat' dir='ltr'>Deum</span> <span class='ocrx_word' id='word_1_238' title='bbox 281 2033 533 2087; x_wconf 91' lang='lat' dir='ltr'>Deorum,</span> <span class='ocrx_word' id='word_1_239' title='bbox 575 2035 729 2077; x_wconf 91' lang='lat' dir='ltr'>Deut.</span> <span class='ocrx_word' id='word_1_240' title='bbox 769 2036 831 2088; x_wconf 89' lang='grc'>10,</span> <span class='ocrx_word' id='word_1_241' title='bbox 869 2037 932 2078; x_wconf 89' lang='grc'>17.</span> <span class='ocrx_word' id='word_1_242' title='bbox 962 2035 1129 2077; x_wconf 87' lang='lat' dir='ltr'>Deum</span> <span class='ocrx_word' id='word_1_243' title='bbox 1160 2050 1342 2076; x_wconf 86' lang='lat' dir='ltr'>verum</span> <span class='ocrx_word' id='word_1_244' title='bbox 1373 2037 1424 2076; x_wconf 88' lang='lat' dir='ltr'>et</span> <span class='ocrx_word' id='word_1_245' title='bbox 1451 2034 1641 2075; x_wconf 86' lang='lat' dir='ltr'>vivum.</span> 
     </span>
     <span class='ocr_line' id='line_1_28' title="bbox 85 2088 1642 2160; baseline 0 -15"><span class='ocrx_word' id='word_1_246' title='bbox 85 2102 296 2157; x_wconf 83' lang='lat' dir='ltr'>Quinimo,</span> <span class='ocrx_word' id='word_1_247' title='bbox 325 2109 411 2148; x_wconf 69' lang='grc' dir='ltr'>’ἿΨ</span> <span class='ocrx_word' id='word_1_248' title='bbox 442 2088 509 2149; x_wconf 61' lang='lat'>¹7&amp;</span> <span class='ocrx_word' id='word_1_249' title='bbox 536 2107 598 2149; x_wconf 84' lang='lat' dir='ltr'>El</span> <span class='ocrx_word' id='word_1_250' title='bbox 622 2106 828 2160; x_wconf 71' lang='lat' dir='ltr'>saddai,</span> <span class='ocrx_word' id='word_1_251' title='bbox 853 2106 1015 2149; x_wconf 82' lang='lat' dir='ltr'>Exod.</span> <span class='ocrx_word' id='word_1_252' title='bbox 1040 2108 1076 2148; x_wconf 84' lang='lat'>6.</span> <span class='ocrx_word' id='word_1_253' title='bbox 1102 2109 1142 2148; x_wconf 91' lang='lat' dir='ltr'>et</span> <span class='ocrx_word' id='word_1_254' title='bbox 1167 2105 1416 2159; x_wconf 88' lang='lat' dir='ltr'>simpliciter</span> <span class='ocrx_word' id='word_1_255' title='bbox 1439 2104 1642 2155; x_wconf 85' lang='lat' dir='ltr'>Saddai,</span> 
     </span>
     <span class='ocr_line' id='line_1_29' title="bbox 85 2176 1642 2231; baseline 0.001 -15"><span class='ocrx_word' id='word_1_256' title='bbox 85 2176 536 2230; x_wconf 88' lang='lat' dir='ltr'>omnipotentem,</span> <span class='ocrx_word' id='word_1_257' title='bbox 563 2193 587 2220; x_wconf 89' lang='lat' dir='ltr'>a</span> <span class='ocrx_word' id='word_1_258' title='bbox 613 2182 716 2221; x_wconf 64' lang='grc' dir='ltr'>ἾἿΨ</span> <span class='ocrx_word' id='word_1_259' title='bbox 756 2178 1020 2229; x_wconf 86' lang='lat' dir='ltr'>vastavit,</span> <span class='ocrx_word' id='word_1_260' title='bbox 1050 2178 1188 2219; x_wconf 85' lang='lat' dir='ltr'>forma</span> <span class='ocrx_word' id='word_1_261' title='bbox 1216 2177 1373 2231; x_wconf 87' lang='lat' dir='ltr'>plurali</span> <span class='ocrx_word' id='word_1_262' title='bbox 1399 2176 1642 2226; x_wconf 81' lang='lat' dir='ltr'>Chaldaica3</span> 
     </span>
     <span class='ocr_line' id='line_1_30' title="bbox 85 2247 1641 2303; baseline 0.001 -17"><span class='ocrx_word' id='word_1_263' title='bbox 85 2247 126 2287; x_wconf 89' lang='lat' dir='ltr'>et</span> <span class='ocrx_word' id='word_1_264' title='bbox 167 2249 251 2303; x_wconf 60' lang='grc' dir='ltr'>ΠΝ</span> <span class='ocrx_word' id='word_1_265' title='bbox 294 2247 467 2300; x_wconf 84' lang='lat' dir='ltr'>Adon,</span> <span class='ocrx_word' id='word_1_266' title='bbox 510 2248 813 2301; x_wconf 89' lang='lat' dir='ltr'>Dominum,</span> <span class='ocrx_word' id='word_1_267' title='bbox 860 2252 1006 2291; x_wconf 46' lang='lat'>0⁹25&amp;</span> <span class='ocrx_word' id='word_1_268' title='bbox 1038 2249 1290 2300; x_wconf 87' lang='lat' dir='ltr'>Adonim,</span> <span class='ocrx_word' id='word_1_269' title='bbox 1331 2251 1373 2289; x_wconf 92' lang='lat' dir='ltr'>et</span> <span class='ocrx_word' id='word_1_270' title='bbox 1412 2248 1641 2298; x_wconf 88' lang='lat' dir='ltr'>Adonai,</span> 
     </span>
     <span class='ocr_line' id='line_1_31' title="bbox 83 2302 1640 2377; baseline 0.001 -20"><span class='ocrx_word' id='word_1_271' title='bbox 83 2315 323 2370; x_wconf 89' lang='lat' dir='ltr'>Domini,</span> <span class='ocrx_word' id='word_1_272' title='bbox 351 2318 505 2372; x_wconf 87' lang='lat' dir='ltr'>plurali</span> <span class='ocrx_word' id='word_1_273' title='bbox 533 2319 728 2362; x_wconf 90' lang='lat' dir='ltr'>similiter</span> <span class='ocrx_word' id='word_1_274' title='bbox 751 2320 909 2371; x_wconf 85' lang='lat' dir='ltr'>forma;</span> <span class='ocrx_word' id='word_1_275' title='bbox 937 2323 978 2362; x_wconf 86' lang='lat' dir='ltr'>et</span> <span class='ocrx_word' id='word_1_276' title='bbox 1004 2302 1120 2377; x_wconf 49' lang='lat'>17’53)</span> <span class='ocrx_word' id='word_1_277' title='bbox 1144 2320 1326 2373; x_wconf 84' lang='lat' dir='ltr'>Elj0n‚</span> <span class='ocrx_word' id='word_1_278' title='bbox 1352 2319 1640 2370; x_wconf 83' lang='lat' dir='ltr'>excelsum,</span> 
     </span>
     <span class='ocr_line' id='line_1_32' title="bbox 84 2389 326 2430; baseline 0.008 -2"><span class='ocrx_word' id='word_1_279' title='bbox 84 2389 161 2429; x_wconf 84' lang='lat' dir='ltr'>etc.</span> <span class='ocrx_word' id='word_1_280' title='bbox 188 2394 326 2430; x_wconf 88' lang='lat' dir='ltr'>vocat.</span> 
     </span>
    </p>

    <p class='ocr_par' dir='ltr' id='par_1_6' title="bbox 82 2458 1641 3013">
     <span class='ocr_line' id='line_1_33' title="bbox 135 2458 1641 2517; baseline 0.001 -17"><span class='ocrx_word' id='word_1_281' title='bbox 135 2458 229 2501; x_wconf 92' lang='lat' dir='ltr'>XV.</span> <span class='ocrx_word' id='word_1_282' title='bbox 259 2459 474 2514; x_wconf 84' lang='lat' dir='ltr'>Imprimis</span> <span class='ocrx_word' id='word_1_283' title='bbox 503 2462 709 2516; x_wconf 85' lang='lat' dir='ltr'>singulari</span> <span class='ocrx_word' id='word_1_284' title='bbox 738 2463 920 2516; x_wconf 88' lang='lat' dir='ltr'>nomine,</span> <span class='ocrx_word' id='word_1_285' title='bbox 951 2467 1055 2517; x_wconf 88' lang='lat' dir='ltr'>puta</span> <span class='ocrx_word' id='word_1_286' title='bbox 1084 2462 1466 2516; x_wconf 84' lang='lat' dir='ltr'>Tetragrammato,</span> <span class='ocrx_word' id='word_1_287' title='bbox 1495 2461 1538 2502; x_wconf 86' lang='lat' dir='ltr'>id</span> <span class='ocrx_word' id='word_1_288' title='bbox 1566 2463 1641 2512; x_wconf 86' lang='lat' dir='ltr'>est,</span> 
     </span>
     <span class='ocr_line' id='line_1_34' title="bbox 84 2533 1638 2586; baseline 0.001 -14"><span class='ocrx_word' id='word_1_289' title='bbox 84 2533 267 2583; x_wconf 87' lang='lat' dir='ltr'>quatuor</span> <span class='ocrx_word' id='word_1_290' title='bbox 309 2533 638 2575; x_wconf 87' lang='lat' dir='ltr'>consonantibus</span> <span class='ocrx_word' id='word_1_291' title='bbox 681 2536 914 2586; x_wconf 86' lang='lat' dir='ltr'>constante,</span> <span class='ocrx_word' id='word_1_292' title='bbox 956 2537 1005 2576; x_wconf 88' lang='lat' dir='ltr'>ut</span> <span class='ocrx_word' id='word_1_293' title='bbox 1041 2533 1219 2576; x_wconf 85' lang='lat' dir='ltr'>Veteres</span> <span class='ocrx_word' id='word_1_294' title='bbox 1255 2535 1472 2583; x_wconf 78' lang='lat' dir='ltr'>vocarunt,</span> <span class='ocrx_word' id='word_1_295' title='bbox 1513 2535 1638 2574; x_wconf 69' lang='grc' dir='ltr'>ΓἻἹΓῬ</span> 
     </span>
     <span class='ocr_line' id='line_1_35' title="bbox 82 2601 1641 2658; baseline 0.001 -15"><span class='ocrx_word' id='word_1_296' title='bbox 82 2601 283 2654; x_wconf 87' lang='lat' dir='ltr'>IHVH,</span> <span class='ocrx_word' id='word_1_297' title='bbox 322 2606 364 2645; x_wconf 87' lang='lat' dir='ltr'>et</span> <span class='ocrx_word' id='word_1_298' title='bbox 402 2607 617 2647; x_wconf 88' lang='lat' dir='ltr'>contracte</span> <span class='ocrx_word' id='word_1_299' title='bbox 651 2609 719 2645; x_wconf 64' lang='lat'>1’7&#39;</span> <span class='ocrx_word' id='word_1_300' title='bbox 749 2604 864 2658; x_wconf 90' lang='lat' dir='ltr'>Iah,</span> <span class='ocrx_word' id='word_1_301' title='bbox 894 2621 937 2648; x_wconf 89' lang='lat' dir='ltr'>se</span> <span class='ocrx_word' id='word_1_302' title='bbox 966 2606 1018 2648; x_wconf 87' lang='lat' dir='ltr'>ab</span> <span class='ocrx_word' id='word_1_303' title='bbox 1049 2606 1244 2647; x_wconf 89' lang='lat' dir='ltr'>omnibus</span> <span class='ocrx_word' id='word_1_304' title='bbox 1273 2604 1498 2657; x_wconf 87' lang='lat' dir='ltr'>separavit,</span> <span class='ocrx_word' id='word_1_305' title='bbox 1529 2604 1641 2656; x_wconf 87' lang='lat' dir='ltr'>quod</span> 
     </span>
     <span class='ocr_line' id='line_1_36' title="bbox 83 2675 1639 2729; baseline 0.001 -14"><span class='ocrx_word' id='word_1_306' title='bbox 83 2676 131 2715; x_wconf 92' lang='lat' dir='ltr'>ut</span> <span class='ocrx_word' id='word_1_307' title='bbox 155 2675 375 2729; x_wconf 88' lang='lat' dir='ltr'>proprium</span> <span class='ocrx_word' id='word_1_308' title='bbox 399 2675 479 2717; x_wconf 90' lang='lat' dir='ltr'>Dei</span> <span class='ocrx_word' id='word_1_309' title='bbox 503 2690 669 2727; x_wconf 88' lang='lat' dir='ltr'>nomen,</span> <span class='ocrx_word' id='word_1_310' title='bbox 693 2677 753 2718; x_wconf 89' lang='lat' dir='ltr'>ita</span> <span class='ocrx_word' id='word_1_311' title='bbox 778 2680 820 2719; x_wconf 89' lang='lat' dir='ltr'>et</span> <span class='ocrx_word' id='word_1_312' title='bbox 843 2677 1239 2719; x_wconf 89' lang='lat' dir='ltr'>incommunicabile</span> <span class='ocrx_word' id='word_1_313' title='bbox 1256 2679 1330 2727; x_wconf 88' lang='lat' dir='ltr'>est,</span> <span class='ocrx_word' id='word_1_314' title='bbox 1355 2675 1493 2716; x_wconf 87' lang='lat' dir='ltr'>Esai.</span> <span class='ocrx_word' id='word_1_315' title='bbox 1518 2675 1582 2726; x_wconf 88' lang='grc'>42,</span> <span class='ocrx_word' id='word_1_316' title='bbox 1602 2675 1639 2716; x_wconf 83' lang='grc'>8.</span> 
     </span>
     <span class='ocr_line' id='line_1_37' title="bbox 83 2744 1638 2801; baseline 0 -15"><span class='ocrx_word' id='word_1_317' title='bbox 83 2744 226 2798; x_wconf 91' lang='lat' dir='ltr'>Atque</span> <span class='ocrx_word' id='word_1_318' title='bbox 254 2745 297 2787; x_wconf 85' lang='lat' dir='ltr'>id</span> <span class='ocrx_word' id='word_1_319' title='bbox 327 2762 351 2788; x_wconf 90' lang='lat' dir='ltr'>a</span> <span class='ocrx_word' id='word_1_320' title='bbox 379 2745 471 2788; x_wconf 89' lang='lat' dir='ltr'>Deo</span> <span class='ocrx_word' id='word_1_321' title='bbox 500 2747 581 2788; x_wconf 88' lang='lat' dir='ltr'>sibi</span> <span class='ocrx_word' id='word_1_322' title='bbox 610 2747 869 2801; x_wconf 89' lang='lat' dir='ltr'>impositum,</span> <span class='ocrx_word' id='word_1_323' title='bbox 900 2747 981 2790; x_wconf 90' lang='lat' dir='ltr'>Dei</span> <span class='ocrx_word' id='word_1_324' title='bbox 1009 2748 1169 2801; x_wconf 92' lang='lat' dir='ltr'>populo</span> <span class='ocrx_word' id='word_1_325' title='bbox 1201 2746 1453 2800; x_wconf 84' lang='lat' dir='ltr'>expositum,</span> <span class='ocrx_word' id='word_1_326' title='bbox 1481 2745 1638 2787; x_wconf 83' lang='lat' dir='ltr'>Exod.</span> 
     </span>
     <span class='ocr_line' id='line_1_38' title="bbox 82 2816 1637 2872; baseline 0 -15"><span class='ocrx_word' id='word_1_327' title='bbox 82 2817 120 2868; x_wconf 84' lang='lat'>3,</span> <span class='ocrx_word' id='word_1_328' title='bbox 159 2817 220 2858; x_wconf 86' lang='lat'>15.</span> <span class='ocrx_word' id='word_1_329' title='bbox 250 2819 400 2860; x_wconf 90' lang='lat' dir='ltr'>notum</span> <span class='ocrx_word' id='word_1_330' title='bbox 435 2820 475 2860; x_wconf 86' lang='lat' dir='ltr'>et</span> <span class='ocrx_word' id='word_1_331' title='bbox 505 2833 599 2860; x_wconf 90' lang='lat' dir='ltr'>cum</span> <span class='ocrx_word' id='word_1_332' title='bbox 627 2819 860 2861; x_wconf 88' lang='lat' dir='ltr'>reverentia</span> <span class='ocrx_word' id='word_1_333' title='bbox 891 2834 939 2861; x_wconf 86' lang='lat' dir='ltr'>ex</span> <span class='ocrx_word' id='word_1_334' title='bbox 968 2818 1049 2861; x_wconf 91' lang='lat' dir='ltr'>Dei</span> <span class='ocrx_word' id='word_1_335' title='bbox 1077 2821 1305 2872; x_wconf 86' lang='lat' dir='ltr'>praecepto</span> <span class='ocrx_word' id='word_1_336' title='bbox 1335 2816 1637 2870; x_wconf 87' lang='lat' dir='ltr'>usurpandum,</span> 
     </span>
     <span class='ocr_line' id='line_1_39' title="bbox 82 2887 1639 2944; baseline -0.001 -15"><span class='ocrx_word' id='word_1_337' title='bbox 82 2887 244 2929; x_wconf 86' lang='lat' dir='ltr'>Exod.</span> <span class='ocrx_word' id='word_1_338' title='bbox 284 2889 346 2941; x_wconf 86' lang='grc'>20,</span> <span class='ocrx_word' id='word_1_339' title='bbox 384 2890 421 2931; x_wconf 87' lang='grc'>2.</span> <span class='ocrx_word' id='word_1_340' title='bbox 452 2890 488 2931; x_wconf 88' lang='grc'>7.</span> <span class='ocrx_word' id='word_1_341' title='bbox 519 2891 561 2931; x_wconf 86' lang='lat' dir='ltr'>et</span> <span class='ocrx_word' id='word_1_342' title='bbox 591 2889 692 2931; x_wconf 90' lang='lat' dir='ltr'>olim</span> <span class='ocrx_word' id='word_1_343' title='bbox 718 2889 897 2944; x_wconf 90' lang='lat' dir='ltr'>publice,</span> <span class='ocrx_word' id='word_1_344' title='bbox 927 2892 969 2932; x_wconf 90' lang='lat' dir='ltr'>et</span> <span class='ocrx_word' id='word_1_345' title='bbox 994 2889 1196 2943; x_wconf 86' lang='lat' dir='ltr'>privatim</span> <span class='ocrx_word' id='word_1_346' title='bbox 1224 2888 1453 2942; x_wconf 85' lang='lat' dir='ltr'>prolatum,</span> <span class='ocrx_word' id='word_1_347' title='bbox 1483 2887 1639 2928; x_wconf 88' lang='lat' dir='ltr'>lectum</span> 
     </span>
     <span class='ocr_line' id='line_1_40' title="bbox 84 2958 1636 3013; baseline -0.001 -13"><span class='ocrx_word' id='word_1_348' title='bbox 84 2960 126 3001; x_wconf 87' lang='lat' dir='ltr'>et</span> <span class='ocrx_word' id='word_1_349' title='bbox 146 2959 350 3012; x_wconf 87' lang='lat' dir='ltr'>auditum,</span> <span class='ocrx_word' id='word_1_350' title='bbox 372 2960 459 3002; x_wconf 90' lang='lat' dir='ltr'>imo</span> <span class='ocrx_word' id='word_1_351' title='bbox 483 2962 524 3002; x_wconf 89' lang='lat' dir='ltr'>et</span> <span class='ocrx_word' id='word_1_352' title='bbox 546 2960 746 3013; x_wconf 87' lang='lat' dir='ltr'>gentibus</span> <span class='ocrx_word' id='word_1_353' title='bbox 767 2960 916 3002; x_wconf 87' lang='lat' dir='ltr'>vicinis</span> <span class='ocrx_word' id='word_1_354' title='bbox 937 2974 1023 3001; x_wconf 92' lang='lat' dir='ltr'>non</span> <span class='ocrx_word' id='word_1_355' title='bbox 1051 2959 1260 3013; x_wconf 88' lang='lat' dir='ltr'>ignotum,</span> <span class='ocrx_word' id='word_1_356' title='bbox 1289 2960 1310 3001; x_wconf 87' lang='lat'>1</span> <span class='ocrx_word' id='word_1_357' title='bbox 1342 2958 1464 3012; x_wconf 85' lang='lat' dir='ltr'>Reg.</span> <span class='ocrx_word' id='word_1_358' title='bbox 1496 2959 1636 3011; x_wconf 85' lang='grc'><strong>17,12.</strong></span> 
     </span>
    </p>
   </div>
  </div>
 </body>
</html>
