1931 3224
425 148 489 190 DE
518 148 618 191 FmE
647 163 695 191 ΕΤ
726 149 1049 191 PERSEVERANTIA
1079 148 1325 191 Simcronum.
1578 152 1654 193 :307

95 275 317 317 distinctas
359 288 449 316 esse
490 273 762 326 contendunt,
808 274 1017 316 fatentur:
1069 276 1245 315 actum
1298 274 1550 316 credendi
1605 290 1629 324 e
1638 279 1656 316 t

95 360 120 387 a
168 345 458 387 voluntate
504 347 560 403 0„ss
614 343 674 386 ab
727 345 1024 386 intellectu
1069 344 1385 397 procedere,
1432 359 1655 397 quorum

94 418 382 468 utrumque
422 417 602 457 natum
645 418 728 458 est
769 431 863 469 per
903 415 1151 457 habitum
1192 415 1414 468 perfici,
1455 418 1496 457 et
1534 416 1654 458 ideo

96 488 350 540 oportere
388 488 493 527 tam
529 486 583 528 in
619 486 909 528 voluntate
950 501 1099 539 quam
1128 487 1181 528 in
1209 486 1510 529 intellectu
1540 502 1656 529 esse

95 557 330 609 aliquem
365 556 633 608 habitum,
673 558 718 599 si
755 557 912 599 debet
953 559 1105 599 actus
1143 556 1278 599 fidei
1307 572 1423 600 esse
1451 559 1656 611 perfec-

58 632 61 635 “
93 630 192 669 tus.
221 627 373 669 Thom.
405 628 440 668 l.
470 627 506 668 2.
538 643 577 680 q.
607 629 670 670 66.
701 631 778 670 art.
808 629 844 670 4.

146 697 263 740 XVI.
301 697 394 740 Nos
433 700 575 740 autem
614 699 804 749 dicimus,
833 698 961 740 fidem
989 699 1170 751 quidem,
1202 701 1409 751 quatenus
1441 703 1504 742 est
1529 701 1656 753 justi-

93 769 236 821 ficans,
261 783 348 810 non
376 783 466 810 esse
492 769 687 811 habitum
716 784 848 811 unum
875 784 1051 811 numero
1083 770 1320 823 simplicem
1351 771 1558 822 absolute,
1584 772 1657 814 sed

94 855 184 882 esse
219 828 352 882 unum
378 839 574 881 habitum
605 840 926 893 aggregatione,
957 842 998 881 et
1028 841 1339 892 quodammodo
1372 843 1658 895 compositum

94 927 145 954 ex
174 911 352 962 duobus,
382 911 455 964 qui
484 911 804 953 coordinatione
832 913 1001 952 tantum
1029 926 1161 952 unum
1191 913 1300 963 sunt,
1332 927 1484 966 nempe
1509 916 1657 966 quate-

92 998 171 1025 nus
207 983 310 1025 fides
342 982 467 1024 simul
495 981 677 1023 involvit
706 981 901 1023 habitum
929 982 1204 1023 exsistentem
1233 982 1278 1023 in
1307 982 1541 1036 voluntate,
1573 999 1656 1037 quo

92 1054 289 1096 voluntas
327 1056 527 1108 prompta
563 1053 613 1094 fit
652 1053 705 1094 ad
734 1052 988 1094 credendum
1016 1055 1057 1094 et
1089 1053 1383 1095 confidendum
1413 1053 1519 1106 Deo,
1551 1069 1656 1107 quo-

94 1126 219 1167 modo
263 1125 345 1167 duo
386 1124 559 1166 habitus
600 1126 781 1177 possunt
819 1138 906 1165 esse
942 1138 1026 1165 una
1062 1124 1210 1176 virtus,
1251 1127 1292 1166 et
1322 1126 1427 1166 duae
1455 1141 1520 1167 res
1549 1141 1656 1167 1111115

95 1198 225 1248 actus,
256 1198 298 1237 et
325 1195 487 1236 multae
517 1195 718 1236 scientiae
749 1195 894 1236 dicunt
918 1194 1126 1247 habitum,
1152 1198 1320 1237 tantum
1336 1196 1657 1239 coordinatione

93 1282 236 1319 unum,
267 1267 340 1319 qui
367 1268 512 1307 tamen
539 1265 705 1307 ratione
734 1265 996 1307 diversarum
1023 1265 1314 1319 potentiarum
1342 1281 1429 1308 non
1458 1270 1522 1308 est
1549 1283 1656 1310 1111115

94 1339 273 1391 simplex
307 1337 494 1388 habitus,
533 1338 606 1378 aut
634 1351 719 1378 una
748 1336 945 1389 qualitas,
975 1337 1048 1378 sed
1075 1337 1233 1390 plures.
1263 1336 1311 1378 Id
1341 1340 1536 1391 agnoscit
1564 1341 1656 1393 ipse

93 1409 249 1452 Suarez
291 1410 399 1463 disp.
440 1409 505 1450 44.
549 1408 599 1449 de
639 1407 870 1460 habitibus,
910 1410 1010 1449 sect.
1049 1408 1112 1449 55.
1144 1411 1186 1449 et
1213 1409 1277 1450 57.
1306 1424 1457 1463 nempe
1487 1413 1656 1463 praeter

92 1480 303 1522 unitatem
344 1479 657 1531 indivisibilem,
701 1494 828 1531 quam
869 1478 1030 1520 habent
1067 1479 1200 1531 aliqui
1236 1479 1421 1528 habitus,
1451 1496 1527 1534 per
1556 1482 1656 1523 sim-

93 1551 226 1606 plices
270 1551 510 1604 qualitates,
554 1550 645 1592 dari
667 1551 731 1591 ”in
774 1549 985 1602 aliquibus
1021 1549 1231 1591 unitatem
1271 1553 1551 1605 compositam
1580 1570 1656 1608 per

93 1623 388 1665 collectionem
431 1624 474 1663 et
516 1621 910 1663 subordinationem
952 1620 1139 1674 plurium
1183 1622 1449 1676 qualitatum,
1494 1624 1657 1677 alioqui

91 1708 177 1736 non
214 1708 340 1748 posse
379 1693 533 1736 salvari
570 1693 744 1734 modum
772 1691 974 1744 loquendi
1002 1691 1052 1733 de
1080 1691 1244 1734 unitate
1286 1692 1580 1747 Scientiarum,
1610 1700 1657 1738 ut

91 1765 210 1808 verbi
245 1765 397 1819 gratia,
429 1764 717 1807 Geometriam
743 1778 830 1805 non
859 1765 1027 1804 tantum
1056 1777 1222 1816 genere,
1255 1765 1326 1806 sed
1357 1766 1485 1807 etiam
1515 1768 1654 1820 specie

91 1852 221 1878 unam
262 1851 351 1879 esse
393 1836 625 1878 scientiam.
673 1833 796 1883 Quod
840 1834 969 1876 etiam
1005 1835 1050 1875 in
1079 1849 1233 1887 genere
1262 1836 1482 1897 qualitatis
1510 1853 1655 1879 verum

92 1923 195 1960 esse,
234 1908 279 1949 in
315 1906 666 1961 dispositionibus
704 1905 894 1959 corporis
933 1906 1131 1957 ostendit,
1171 1906 1270 1959 quia
1302 1907 1462 1949 sanitas
1492 1911 1533 1950 et
1563 1909 1656 1962 pul-

93 1978 301 2030 chritudo,
347 1993 454 2030 quae
496 1978 541 2019 in
583 1977 797 2019 communi
834 1977 959 2018 modo
998 1977 1199 2030 loquendi
1235 1993 1319 2020 una
1348 1980 1531 2031 qualitas
1562 1995 1657 2022 cen-

91 2051 248 2101 sentur,
301 2051 400 2090 sunt
450 2051 594 2091 tamen
637 2062 688 2089 ex
729 2048 1010 2101 proportione
1051 2048 1238 2101 plurium
1279 2050 1546 2092 resultantes.
1589 2051 1658 2093 Sic

91 2135 220 2162 unam
261 2119 565 2162 liberalitatem
608 2118 782 2161 conflari
823 2134 874 2160 ex
911 2119 1063 2160 habitu
1101 2120 1335 2161 voluntatis
1368 2123 1409 2162 et
1439 2122 1656 2174 appetitus

91 2191 295 2243 sensitivi,
333 2191 400 2233 vel
428 2205 583 2232 unam
611 2190 879 2231 virtutem
903 2189 1062 2242 fidei,
1093 2205 1153 2232 ex
1181 2191 1378 2233 habitu
1406 2192 1657 2235 intellec-

91 2265 197 2315 tus,
238 2265 288 2304 et
325 2262 448 2316 piae
486 2261 813 2304 affectionis
842 2261 1176 2318 voluntatis,
1205 2278 1293 2305 non
1321 2266 1464 2305 tamen
1493 2264 1657 2318 simpli-

92 2333 197 2376 citer
235 2333 318 2375 dici
357 2333 434 2375 sub
473 2333 645 2376 nomine
674 2332 860 2385 habitus,
889 2333 1016 2386 idque
1046 2348 1136 2375 esse
1165 2333 1211 2375 in
1239 2336 1419 2387 utraque
1449 2337 1655 2388 potentia,
1678 2388 1681 2389 ⁷

92 2406 165 2447 sed
193 2419 350 2447 nomen
379 2404 622 2458 specificum
652 2403 854 2457 (exempli
884 2404 1026 2459 gratia
1048 2418 1205 2446 nomen
1228 2405 1344 2459 fidei)
1370 2421 1496 2460 saepe
1518 2408 1656 2460 magis

93 2476 317 2518 admittere
356 2477 397 2517 et
435 2475 674 2529 significare
701 2474 817 2516 illam
847 2474 1212 2528 compositionem,
1244 2490 1370 2528 quam
1400 2477 1656 2529 genericum.

144 2545 282 2589 XVII.
319 2545 420 2588 Non
457 2545 602 2599 igitur,
644 2545 759 2598 quod
789 2560 839 2587 ex
868 2545 1119 2587 adversariis
1147 2546 1296 2588 volunt
1326 2547 1532 2600 nonnulli,
1562 2548 1657 2589 tri-

90 2618 316 2661 formem
344 2617 680 2660 Chimaeram
707 2616 997 2669 introducunt,
1028 2617 1101 2669 qui
1126 2617 1171 2659 in
1199 2618 1282 2660 fide
1311 2618 1498 2660 salvifica
1527 2619 1658 2661 talem

94 2691 448 2745 compositionem
492 2689 735 2740 admittunt,
779 2690 821 2730 et
865 2688 990 2729 unius
1030 2688 1129 2730 fidei
1174 2703 1249 2742 per
1291 2690 1656 2742 aggregationem,

90 2764 177 2804 tres
217 2762 350 2804 veluti
394 2764 539 2816 partes
579 2759 856 2811 constituunt,
885 2759 1088 2801 notitiam
1115 2774 1269 2813 nempe
1296 2762 1338 2802 et
1368 2775 1585 2802 assensum
1612 2761 1657 2803 in

91 2833 324 2886 intellectu,
363 2836 404 2876 et
442 2833 641 2875 fiduciam
677 2830 722 2872 111
750 2831 992 2882 voluntate;
1022 2845 1116 2872 cum
1144 2830 1252 2872 nihil
1280 2831 1334 2872 sit
1362 2831 1406 2873 in
1435 2831 1657 2886 Scriptura

92 2902 231 2957 magis
270 2903 454 2956 obvium,
494 2917 621 2955 quam
657 2902 855 2946 notitiam
886 2916 975 2944 esse
998 2904 1169 2955 partem
1197 2902 1309 2954 fidei,
1345 2917 1451 2955 quae
1480 2907 1658 2946 vocatur

97 2973 274 3016 scicntia
302 2962 463 3027 salutis,
492 2973 590 3016 Luc.
621 2974 658 3026 1,
691 2974 753 3016 77.
784 2973 1054 3024 seientia,
1086 2988 1169 3025 qua
1198 2972 1428 3016 Messias
1457 2975 1657 3017 multos
