1931 3224
453 162 517 205 Dss
546 161 740 204 Hommm
769 160 998 203 VocATmNE
1026 173 1075 199 AD
1105 157 1302 200 SALUTEM.
1577 157 1655 198 299

154 287 351 331 XXXIV.
381 287 472 331 Nec
501 301 667 341 semper
694 285 809 328 Deus
838 288 1065 337 utrumque
1097 281 1333 324 vocationis
1361 281 1534 323 modum
1563 281 1656 334 pari

102 362 331 414 eademque
372 360 538 401 ratione
583 357 816 410 conjungit,
861 356 933 397 sed
975 354 1197 406 utriusque
1226 355 1467 395 'concursus
1510 354 1573 394 est
1613 353 1658 393 in

104 431 355 486 quibusdam
385 429 547 481 efficax,
575 429 620 470 in
649 427 901 482 quibusdam
930 426 1137 468 inefficax,

154 500 330 544 XXXV.
377 500 611 542 Consursus
658 499 878 551 utriusque
923 497 1121 539 inefficax
1163 495 1206 536 111
1244 494 1401 549 triplici
1438 493 1659 535 hominum

103 587 257 628 genere
288 571 558 624 conspicitur.
588 570 678 612 Alii
708 570 819 611 enim
847 569 940 611 luce
968 567 1160 610 veritatis
1190 566 1475 619 Evangelicae
1504 565 1660 606 collus-

102 644 218 696 trati,
259 644 311 685 ad
354 657 445 684 eam
483 641 823 695 amplectendam
861 655 947 682 non
976 639 1230 681 afficiuntur.
1260 637 1319 678 Hi
1347 651 1488 678 semen
1518 636 1659 678 Evan-

104 716 207 770 gelii
237 714 465 757 secundum
496 713 608 755 viam
635 713 782 754 tritam
812 711 1041 765 excipiunt,
1071 709 1193 751 Matt.
1225 710 1287 760 13,
1318 709 1380 750 19.

155 784 355 828 XXXVI.
392 784 480 826 Alii
516 784 652 825 lucem
689 783 881 824 veritatis
917 781 1057 823 animo
1088 783 1338 834 conceptam
1369 779 1478 822 curis
1508 794 1556 820 30
1585 794 1659 820 vo-

102 857 340 912 luptatibus
377 856 503 910 hujus
541 855 687 896 mundi
725 853 923 896 suffocari
961 854 1229 906 permittunt.
1260 852 1319 894 Hi
1349 867 1491 894 semen
1520 851 1660 893 Evan-

103 929 205 984 gelii
232 929 345 970 inter
374 928 516 983 spinas
546 927 775 980 excipiunt,
804 925 927 966 Matt.
961 925 1023 976 13,
1053 925 1116 965 22.

157 999 376 1042 XXXVII.
423 999 532 1040 Aliis
580 998 765 1052 Spiritus
814 997 992 1039 Sanctus
1039 996 1177 1038 levem
1223 1010 1321 1037 suae
1360 996 1523 1049 gratiae
1561 1010 1661 1049 gus-

103 1073 195 1112 tum
233 1070 420 1124 praebet,
461 1085 544 1123 quo
585 1069 711 1111 corda
749 1069 939 1123 ipsorum
977 1069 1274 1109 momentaneo
1312 1066 1501 1108 laetitiae
1539 1081 1663 1108 sensu

104 1142 357 1184 afficiuntur.
410 1141 469 1182 Hi
520 1155 661 1183 semen
713 1139 938 1193 Evangelii
980 1139 1024 1180 in
1065 1141 1179 1180 terra
1220 1140 1392 1191 petrosa
1434 1137 1663 1190 excipiunt,

103 1214 227 1256 Matt.
259 1214 320 1265 13,
344 1214 408 1254 20.

156 1283 395 1326 XXXVIII.
426 1283 664 1326 Concursus
692 1283 913 1336 utriusque
943 1282 995 1324 ad
1023 1281 1203 1323 3311116111
1235 1280 1383 1322 efficax
1412 1279 1464 1321 ab
1489 1280 1541 1321 113
1566 1294 1661 1334 per-

105 1357 274 1411 cipitur,
300 1356 343 1398 in
369 1355 522 1409 quibus
546 1354 731 1409 Spiritus
756 1354 936 1396 Sanctus
961 1353 1080 1396 vivae
1095 1352 1193 1394 fidei
1208 1352 1252 1393 in
1267 1351 1434 1393 Christo
1451 1350 1665 1392 radicatae

107 1428 374 1482 πληροφορίαν
404 1442 476 1469 seu
503 1426 701 1469 fiduciam
739 1427 974 1480 ingenerat,
1019 1440 1101 1477 qua
1138 1423 1465 1477 promissionem
1502 1422 1666 1476 gratiae

106 1501 275 1542 interno
314 1499 449 1553 ipsius
487 1498 734 1541 testimonio
774 1499 1047 1554 obsignatam
1077 1496 1158 1538 sibi
1186 1496 1366 1537 firmiter
1396 1509 1443 1535 ac
1473 1508 1666 1547 perseve-

108 1573 252 1613 ranter
290 1571 520 1624 applicant.
559 1570 618 1611 Hi
655 1585 797 1612 semen
836 1569 1060 1623 Evangelii
1097 1569 1142 1610 in
1180 1570 1339 1610 terram
1367 1567 1524 1609 bonam
1555 1566 1666 1607 exci-

110 1643 247 1696 piunt,
278 1642 401 1684 Matt.
429 1643 490 1694 13,
521 1643 585 1683 23.

162 1713 359 1756 XXXIX.
398 1713 462 1756 Ob
503 1714 715 1756 diversum
752 1713 872 1755 illum
909 1712 1145 1754 vocationis
1184 1712 1376 1753 1111611136
1418 1724 1669 1752 00110111311111

111 1801 205 1827 011111
244 1788 429 1837 externa,
459 1785 711 1839 hypocritae
741 1801 835 1827 cum
863 1800 960 1827 vere
987 1783 1190 1826 Israelitis
1219 1783 1263 1824 in
1290 1782 1483 1824 Ecclesia
1511 1781 1669 1823 visibili

112 1856 239 1910 (quae
277 1859 342 1898 est
377 1860 626 1899 vocatorum
665 1855 828 1909 coetus)
868 1856 1191 1910 permiscentur.
1221 1853 1349 1907 Cujus
1378 1852 1669 1907 permistionis

111 1930 308 1981 respectu
345 1928 448 1969 boni
485 1928 681 1970 dicuntur
719 1930 761 1969 et
797 1928 900 1969 mali
939 1928 992 1968 ad
1031 1926 1132 1968 Filii
1171 1928 1214 1967 et
1242 1925 1358 1979 Agni
1386 1924 1467 1966 Dei
1496 1924 1669 1977 nuptias

111 1999 294 2051 invitari,
325 1998 448 2041 Matt.
478 2001 541 2051 22,
568 2000 605 2041 4.
629 1999 840 2052 multique
865 1998 1017 2050 vocati,
1043 1997 1168 2051 pauci
1197 1996 1333 2048 electi,
1363 1995 1486 2037 Matt.
1516 1996 1580 2046 20,
1606 1996 1669 2036 16.

164 2070 251 2112 XL.
282 2070 483 2120 Quamvis
512 2071 622 2112 dona
650 2070 858 2112 nonnulla
883 2085 933 2112 ex
957 2070 1179 2121 utriusque
1204 2068 1441 2110 vocationis
1466 2082 1670 2109 concursu

113 2143 384 2198 profluentia⁷
432 2145 560 2195 atque
604 2142 867 2196 hyprocritis
920 2157 1015 2183 cum
1062 2141 1208 2182 electis
1252 2139 1503 2191 communia,
1546 2139 1671 2180 nimi-

113 2231 218 2268 rum,
258 2216 415 2257 donum
453 2214 711 2268 cognitionis
749 2229 797 2255 ac
834 2216 985 2267 gustus
1023 2212 1127 2254 boni
1162 2211 1245 2253 Dei
1288 2211 1406 2253 verbi
1444 2211 1671 2252 virtutum-

116 2302 196 2340 que
223 2286 355 2327 futuri
384 2285 523 2337 seculi,
553 2285 791 2339 hypocritis
815 2285 867 2326 ad
892 2283 1074 2326 salutem
1095 2298 1182 2325 non
1207 2282 1433 2334 sufficiant⁷
1457 2282 1502 2323 in
1527 2282 1672 2323 electis

114 2359 258 2398 tamen
297 2358 395 2398 sunt
431 2356 484 2396 ad
521 2355 704 2397 salutem
750 2354 1204 2407 προπκρκσκευοιστικοὶ,
1247 2368 1295 2394 30
1334 2353 1564 2394 3601111(111111
1591 2352 1673 2393 Dei

118 2443 218 2481 erga
269 2428 385 2481 ipsos
434 2427 620 2475 εὐδοκίαν,
667 2426 841 2480 praevia
876 2426 1040 2480 gratiae
1078 2424 1313 2478 amplioris,
1352 2439 1434 2477 qua
1472 2424 1546 2465 alii
1578 2424 1672 2476 jure

116 2499 269 2541 merito
308 2499 609 2549 destituuntur,
647 2499 877 2552 propterea
916 2497 1030 2550 quod
1068 2496 1283 2550 prioribus
1322 2495 1407 2538 illis
1438 2495 1559 2537 donis
1588 2508 1675 2536 non

115 2573 229 2613 16016
257 2572 444 2612 utantur.

170 2642 278 2685 XLI.
328 2642 525 2684 Priorum
565 2643 745 2697 proinde
784 2643 992 2684 donorum
1031 2642 1205 2684 illorum
1247 2640 1380 2682 abusu
1422 2637 1676 2692 hypocritae

120 2731 261 2759 coram
312 2715 404 2757 Deo
455 2714 687 2757 redduntur
735 2714 1057 2765 inexcusabiles,
1113 2728 1208 2755 cum
1250 2727 1300 2754 ex
1341 2711 1479 2752 malae
1519 2711 1675 2752 mentis

119 2787 363 2842 α’χκριστίᾳ,
407 2802 497 2830 3636
542 2787 688 2829 mundi
730 2786 1074 2840 inquinamentis.
1116 2799 1223 2838 quae
1261 2798 1337 2837 per
1375 2781 1479 2824 Jesu
1517 2781 1676 2824 Christi

120 2860 410 2914 cognitionem
441 2859 689 2912 effugerant,
720 2873 887 2899 rursum
915 2857 1152 2912 implicant,
1184 2856 1209 2896 2
1236 2854 1327 2896 Pet.
1357 2854 1394 2905 2,
1424 2854 1488 2895 20.

171 2930 301 2973 XLII.
343 2930 500 2972 Nullus
541 2929 780 2971 vocationis
823 2929 973 2970 modus
1015 2929 1241 2979 motusque
1281 2928 1345 2968 est
1382 2928 1565 2978 00301113,
1603 2927 1675 2967 3111

119 3002 343 3054 violentus,
375 3002 447 3043 sed
475 3000 628 3052 suavis,
658 3003 700 3042 et
730 3001 782 3042 ad
811 3000 1028 3052 obliquam
1058 2999 1158 3050 ejus,
1189 2998 1262 3050 qui
1290 2998 1496 3048 movetur,
1526 2996 1675 3038 volun-
