1931 3224
212 117 290 159 140
788 103 1031 145 DISPUTATIO
1059 97 1175 141 XVI.

213 235 484 291 cogitavit
524 231 663 274 illud
700 230 753 271 in
791 228 997 276 bonum,
1035 226 1091 265 ut
1129 223 1337 265 faceret
1374 224 1522 266 sicut
1561 227 1642 266 est
1681 225 1764 267 die

211 309 322 351 hoc.
366 305 441 347 Cui
481 301 629 345 similis
665 300 782 341 locus
820 298 882 338 est
918 295 989 336 Es.
1026 295 1088 346 10,
1128 294 1165 335 5.
1204 295 1241 334 6.
1279 293 1329 345 7.,
1368 308 1416 335 ac
1451 297 1628 348 propter
1655 295 1765 337 hanc

212 376 545 421 moderationem
586 374 713 424 atque
752 367 1038 418 directionem,
1076 365 1156 406 hae
1196 378 1364 417 quoque
1392 365 1580 407 actiones
1609 380 1765 419 pravae

212 450 303 492 Deo
346 448 390 488 in
432 443 662 498 Scripturis
705 438 983 489 ascribuntur,
1025 451 1111 478 non
1154 438 1202 476 ut
1245 450 1394 478 causae
1438 436 1651 489 effectrici,
1694 437 1767 479 sed

215 516 460 562 ordinati-ici
497 517 538 557 et
575 510 866 559 moderatrici3
897 508 1063 550 scivit
1092 507 1230 548 enim
1260 507 1321 548 ad
1350 522 1497 549 suam
1528 508 1766 562 omnipo-

214 588 582 632 tentissimam
620 582 929 624 bonitatem
965 577 1153 632 potius
1184 578 1488 630 pertinere,
1519 577 1578 620 de
1609 579 1766 622 malis

214 662 341 702 bene
378 659 578 707 facere,
619 668 771 707 quam
807 651 946 693 mala
985 664 1099 692 esse
1137 663 1242 690 non
1280 649 1482 702 sinere,
1516 652 1563 692 ut
1593 650 1696 693 scite
1726 653 1769 692 et

213 745 310 773 vere
337 727 605 784 Augustinus
634 725 752 766 dixit.

267 796 465 842 XXXIII.
503 795 674 837 Peccati
711 807 813 846 ergo
851 792 977 845 hujus
1009 806 1134 834 causa
1164 791 1362 844 efficiens,
1393 807 1465 834 seu
1493 793 1638 846 potius
1669 792 1769 835 defi-

216 872 340 921 ciens,
378 871 441 910 est
477 881 608 920 prava
635 865 855 906 hominum
883 878 1001 905 mens
1031 865 1074 905 et
1102 862 1310 904 voluntas.
1341 862 1459 905 Sicut
1490 864 1601 905 enim
1630 863 1771 906 Chris-

216 947 284 986 tus
321 941 419 984 Joh.
458 941 494 992 8,
532 939 595 980 44.
633 939 828 987 testatur,
867 934 1157 976 Diabolum
1194 934 1406 986 quando
1436 934 1772 976 mendacium

216 1014 492 1067 loquitur,
548 1025 607 1052 ex
657 1007 904 1063 propriis
947 1006 1122 1059 loqui,
1169 1006 1291 1058 quia
1332 1005 1557 1047 mendax
1600 1007 1681 1047 est
1722 1007 1773 1047 et

217 1088 374 1140 pater
408 1080 696 1132 mendacii,
737 1079 796 1121 sic
833 1077 1067 1133 Apostolus
1106 1077 1270 1127 asserit,
1300 1076 1391 1118 Jac.
1422 1077 1458 1128 1,
1490 1076 1772 1119 1411111111]-

220 1169 480 1211 quemque
529 1151 759 1202 tentari,
814 1165 926 1192 cum
976 1164 1000 1190 a
1051 1148 1279 1203 propria
1321 1147 1773 1201 concupiscentia

221 1226 569 1272 abstrahitur
608 1226 771 1276 atque
805 1222 1109 1272 inescatur,
1155 1221 1197 1261 et
1235 1219 1256 1260 1
1287 1218 1452 1261 Joh.2.
1484 1219 1545 1260 16.
1577 1218 1774 1261 Concu-

221 1298 548 1354 piscentiam
592 1295 792 1346 carnis,
836 1292 1126 1335 libidinem
1164 1291 1446 1333 oculorum
1484 1293 1534 1333 et
1571 1290 1805 1333 fastum-

219 1373 365 1415 vitae
395 1384 497 1411 non
529 1381 643 1409 esse
674 1381 733 1408 ex
762 1364 944 1416 Patre,
975 1363 1064 1406 sed
1095 1378 1154 1405 ex
1181 1362 1387 1404 mundo.

272 1439 469 1485 XXXIV.
509 1438 668 1481 Causae
696 1451 795 1479 vero
826 1436 1072 1489 adjuvantes
1110 1434 1453 1488 wpoumocpnvmx)
1501 1437 1542 1476 et
1584 1434 1776 1487 προηγού-

222 1530 338 1567 μεναι
377 1511 520 1553 variae
563 1509 706 1563 colligi
748 1509 941 1562 possunt,
982 1509 1075 1548 tum
1121 1508 1240 1548 extra
1279 1520 1370 1559 nos,
1407 1509 1501 1548 tum
1536 1507 1650 1547 intra
1687 1521 1777 1548 nos.

219 1584 331 1627 Nam
371 1586 412 1626 et
448 1596 578 1624 unum
614 1581 838 1634 peccatum
875 1593 1001 1632 saepe
1029 1578 1204 1620 alterius
1234 1580 1297 1620 est
1326 1593 1463 1629 causa,
1492 1577 1617 1619 Rom.
1648 1577 1683 1629 1,
1716 1578 1778 1619 14.

223 1658 299 1698 etc.
338 1657 379 1696 et
415 1653 589 1695 Diaboli
628 1651 940 1708 suggestiones,
979 1651 1000 1691 1
1035 1649 1132 1691 Par.
1163 1650 1227 1702 21,
1257 1650 1292 1691 1.
1324 1652 1366 1691 et
1393 1649 1540 1691 mundi
1569 1648 1779 1701 scandala,

222 1727 325 1769 Mat.
356 1726 416 1778 18,
447 1725 510 1767 17.
539 1724 644 1765 item
674 1723 810 1776 caligo
839 1721 1004 1774 mentis,
1036 1722 1058 1763 1
1089 1720 1196 1763 Tim.
1226 1722 1264 1762 1.
1291 1721 1352 1762 13.
1377 1720 1603 1762 infirmitas
1628 1721 1778 1772 carnis,

222 1798 326 1841 Mat.
364 1798 427 1849 26,
465 1797 528 1838 69.
568 1794 826 1837 consuetudo
867 1792 1083 1847 peccandi,
1118 1791 1241 1834 Rom.
1270 1793 1308 1844 2,
1338 1792 1374 1833 5.
1403 1792 1547 1844 Atque
1577 1792 1682 1833 aliae
1711 1806 1781 1834 oc-

224 1870 412 1912 casiones
449 1868 668 1922 plurimae,
708 1881 812 1919 quas
854 1865 985 1908 Satan
1022 1867 1064 1907 et
1101 1864 1282 1906 mundus
1321 1863 1488 1905 assiduo
1523 1866 1781 1918 suggerunt3

224 1941 421 1984 adversus
458 1954 565 1993 quae
604 1939 745 1981 omnia
780 1937 973 1980 fidelibus
1012 1936 1159 1980 sedulo
1198 1951 1364 1990 semper
1401 1935 1608 1978 orandum
1646 1937 1709 1977 est
1741 1936 1783 1976 et

223 2012 497 2066 vigilandum.

278 2083 452 2126 XXXV.
492 2082 653 2125 Genera
691 2084 964 2136 peccatorum
1002 2080 1232 2124 actualium
1269 2094 1319 2122 ex
1347 2079 1476 2121 variis
1506 2079 1782 2120 circumstan—

226 2155 297 2197 tiis
336 2155 453 2197 varia
491 2154 692 2196 constitui
721 2156 904 2208 possunt
934 2155 976 2195 et
1005 2153 1165 2202 solent;
1195 2167 1274 2194 nos
1304 2151 1356 2193 iis
1385 2150 1652 2193 recensendis
1683 2165 1782 2192 con-

226 2226 335 2267 tenti
387 2225 541 2266 erimus
584 2239 691 2277 quae
734 2224 1028 2266 difficultatem
1069 2223 1258 2276 aliquam
1299 2222 1471 2274 habent,
1517 2224 1559 2264 et
1601 2236 1783 2275 quorum

228 2296 451 2338 discrimen
495 2311 545 2338 ex
582 2296 633 2338 iis
674 2311 781 2348 quae
821 2311 844 2337 a
880 2295 1005 2337 nobis
1043 2294 1248 2336 hactenus
1289 2293 1401 2336 dicta
1439 2295 1549 2346 sunt,
1587 2293 1649 2335 ita
1687 2308 1783 2347 per-

227 2368 370 2422 spicue
399 2368 542 2421 colligi
570 2382 654 2410 non
682 2370 836 2422 potest.

280 2437 475 2480 XXXVI.
512 2438 741 2481 Peccatum
779 2438 944 2481 actuale
981 2438 1119 2493 primo
1161 2437 1388 2480 dividimus
1426 2437 1471 2479 in
1497 2436 1711 2478 internum
1741 2436 1784 2476 et

229 2513 458 2553 externum.

282 2581 498 2624 XXXVII.
537 2583 766 2635 Internum,
808 2581 921 2635 quod
960 2582 1004 2624 in
1035 2583 1187 2632 mente,
1217 2580 1436 2623 voluntate
1466 2581 1594 2632 atque
1623 2575 1783 2619 affecti-

230 2653 308 2695 bus
346 2654 597 2695 inordinatis
638 2654 844 2705 subsistit,
886 2653 1031 2706 quales
1070 2654 1168 2694 sunt
1209 2666 1371 2694 errores
1415 2653 1458 2692 et
1495 2648 1783 2691 dubitationes

232 2726 384 2766 mentis
414 2725 463 2766 de
488 2725 592 2777 Deo,
624 2726 712 2777 ejus
740 2724 1091 2779 proprietatibus,
1121 2725 1194 2765 aut
1222 2722 1449 2776 Evangelii
1477 2719 1656 2764 revelati
1683 2719 1784 2762 doc-

231 2796 356 2836 trina.
394 2795 442 2837 In
480 2797 698 2839 voluntate
735 2799 777 2840 et
815 2796 1048 2847 affectibus,
1076 2795 1205 2850 primi
1233 2792 1600 2848 concupiscentiae
1628 2793 1782 2844 motus,

233 2866 335 2908 licet
375 2867 548 2920 spiritus
587 2868 783 2909 adversus
823 2881 893 2909 eos
931 2869 1106 2921 pugnet,
1137 2880 1293 2919 eosque
1323 2865 1506 2918 superet.
1535 2861 1641 2904 Illos
1673 2862 1785 2904 enim

233 2939 460 2989 praecepto
501 2938 662 2980 decimo
702 2938 857 2980 directe
895 2951 1133 2991 repugnare
1171 2937 1408 2988 asserimus,
1447 2949 1542 2977 cum
1570 2933 1783 2987 Apostolo
