1931 3224
247 130 325 171 144
819 122 1062 164 DISPUTATIO
1090 118 1228 162 XVII.

247 251 349 293 Mat.
404 251 466 291 12.
518 250 605 292 sive
646 246 827 302 professi
869 246 954 288 sint
997 246 1039 286 et
1082 244 1134 285 ab
1176 257 1224 285 ea
1267 240 1508 294 defecerint,
1554 240 1604 282 de
1649 239 1802 293 quibus

247 322 354 364 Heb.
383 322 420 363 6.
451 323 492 362 et
520 321 582 362 10.

301 392 408 434 LIV.
451 392 509 434 Et
549 391 618 432 hic
661 392 724 432 est
766 401 985 441 supremus
1026 385 1191 439 peccati
1228 383 1395 438 gradus,
1436 398 1460 424 a
1496 396 1580 436 quo
1611 381 1803 424 Christus

249 463 453 516 singulari
478 460 766 504 misericordia
791 473 886 500 vere
912 457 1054 499 fideles
1075 458 1117 498 et
1132 455 1346 509 regenitos
1363 456 1515 507 servat,
1534 455 1555 495 1
1572 453 1600 496 J
1604 453 1672 496 oh.
1688 453 1725 506 5,
1741 453 1805 495 18.

250 534 456 577 Scimus
500 533 629 575 enim
668 531 807 584 quod
847 528 1021 571 omnis
1061 527 1152 580 qui
1191 541 1250 568 ex
1289 525 1399 568 Deo
1441 526 1662 580 genitus
1703 526 1806 577 est,

249 620 277 646 n
289 620 312 646 0
324 620 351 646 11
381 619 408 657 p
422 619 442 646 e
455 618 506 646 cc
517 606 568 645 at
598 603 767 656 (nempe
795 602 968 656 peccato
1000 599 1052 641 ad
1080 600 1275 649 mortem,
1304 610 1382 650 pro
1414 598 1532 650 cujus
1560 596 1808 638 remissione

250 676 393 729 rogari
421 689 505 716 non
534 674 669 726 debet,
699 676 746 715 ut
774 672 963 714 versibus
992 668 1337 712 antecedentibus
1366 667 1685 721 pronunciavit)
1715 681 1735 708 s
1748 681 1769 708 e
1782 666 1808 708 d

253 747 341 799 qui
377 745 596 800 genitus
635 747 716 787 est
754 759 812 786 ex
848 743 980 794 Deo,
1021 742 1310 784 conservat
1341 740 1600 794 seipsum,
1632 741 1682 780 et
1711 752 1810 780 ma—

250 818 331 859 lus
360 817 458 859 ille
486 831 587 858 non
615 816 800 869 tangit
832 829 958 857 eum.

695 1155 1172 1206 DISPUTATIO
1214 1155 1370 1202 XVII.

1009 1265 1056 1288 nr.

631 1342 782 1408 Lib
804 1361 944 1410 ero
1010 1339 1435 1408 Arbitrio.

559 1466 755 1510 Praeside
794 1467 846 1510 D.
884 1467 1023 1510 ANT
1038 1466 1204 1510 ONIO
1242 1464 1510 1508 THYSIO.

531 1560 807 1610 Respondente
835 1560 860 1598 J
864 1559 1038 1599 ACOBO
1070 1559 1192 1597 ADR.
1223 1556 1544 1598 TETHRODIO.

908 1648 1100 1691 Tnnsls
1138 1647 1170 1689 I.

418 1751 559 1779 UAMv1s
589 1736 817 1779 secundum
845 1737 1035 1780 ordinem
1064 1739 1106 1779 et
1133 1738 1285 1779 seriem
1313 1735 1664 1790 disputationum,
1695 1734 1825 1788 agen-

304 1745 401 1877 Q
421 1808 518 1849 dum
545 1808 656 1850 foret
685 1809 734 1850 de
763 1808 915 1851 Libero
945 1809 1131 1851 hominis
1159 1809 1366 1861 Arbitrio,
1397 1809 1572 1861 ejusque
1596 1807 1650 1859 vi,
1676 1809 1824 1860 quate-

263 1893 341 1920 nus
379 1879 669 1921 consideratur
705 1895 728 1921 a
764 1880 898 1935 lapsu,
938 1882 1127 1923 attamen
1163 1883 1212 1922 ut
1239 1880 1321 1922 hoc
1343 1880 1485 1934 ipsum
1508 1881 1631 1921 tanto
1655 1878 1824 1932 plenius

263 1950 535 2003 percipiatur,
574 1952 851 1994 communiter
890 1954 932 1994 et
970 1967 1065 1995 cum
1097 1954 1294 2006 respectu
1325 1951 1378 1993 ad
1407 1964 1553 1993 omnes
1580 1952 1717 1993 status
1745 1950 1825 1993 ho-

264 2020 388 2063 minis
421 2021 470 2062 de
501 2036 548 2063 eo
579 2037 764 2076 agemus.

317 2090 369 2133 II.
407 2091 675 2147 sejungimus
713 2094 764 2136 ab
803 2094 884 2137 hac
923 2095 1212 2149 disputatione
1250 2094 1525 2136 cohaerentes
1555 2093 1825 2146 quaestiones

265 2163 315 2204 de
339 2163 555 2205 infallibili
575 2164 715 2207 divina
734 2165 1034 2219 Praescientia,
1057 2165 1337 2208 moderatrice
1357 2161 1645 2215 Providentia,
1666 2163 1825 2206 efficaci

265 2232 674 2288 Praedestinatione;
712 2238 900 2291 itemque
934 2253 1042 2292 quae
1070 2238 1167 2280 inde
1196 2237 1446 2291 dependent,
1477 2236 1528 2278 de
1554 2250 1697 2278 rerum
1725 2250 1824 2278 con-

263 2305 474 2359 tingentia
513 2311 554 2349 et
591 2310 852 2363 necessitate,
893 2312 1021 2364 atque
1060 2325 1183 2352 causa
1221 2309 1399 2364 peccati.
1437 2307 1547 2350 Sunt
1584 2307 1696 2349 enim
1727 2306 1825 2348 illae

265 2376 430 2419 divinae
460 2379 659 2432 actiones,
692 2383 733 2422 et
761 2380 948 2423 humano
979 2381 1158 2423 arbitrio
1189 2382 1435 2430 extraneae;
1465 2392 1560 2420 cum
1587 2377 1637 2419 de
1663 2377 1824 2419 viribus

267 2447 335 2490 hic
371 2450 544 2502 proprie
582 2453 747 2504 agatur,
786 2451 951 2494 homini
988 2452 1190 2493 divinitus
1229 2450 1438 2493 concessis
1474 2449 1744 2501 tributisque,
1783 2450 1825 2490 et

270 2519 370 2572 quid
408 2522 696 2573 quantumque
730 2522 927 2564 Voluntas
955 2521 1142 2564 humana
1169 2522 1214 2563 in
1244 2536 1287 2564 se
1315 2520 1465 2575 possit,
1494 2534 1580 2562 non
1609 2521 1751 2561 autem
1777 2521 1825 2561 ut

269 2590 397 2632 relate
426 2605 471 2632 se
498 2591 628 2633 habet
657 2592 709 2633 ad
737 2591 819 2634 Dei
847 2592 1136 2635 definitionem
1166 2593 1494 2644 rectionemque.

320 2659 396 2701 ΠΙ.
434 2661 530 2703 Vox
573 2662 718 2715 itaque
754 2663 878 2704 liberi
921 2663 1089 2705 arbitrii
1131 2662 1283 2705 Sacrae
1327 2662 1572 2716 Scripturae
1616 2660 1822 2715 ἄγραφος,

270 2745 294 2771 a
331 2730 528 2774 Patribus
564 2732 726 2775 Latinis
764 2736 969 2787 usurpata
1008 2737 1083 2786 est,
1123 2735 1175 2776 ad
1214 2733 1536 2788 exprimendum
1563 2731 1680 2784 illud,
1711 2732 1826 2785 quod

270 2799 534 2855 Philosophi,
579 2806 619 2846 et
657 2819 728 2847 eos
767 2805 899 2847 secuti
938 2805 1149 2859 Theologi
1187 2805 1348 2858 Graeci,
1388 2802 1647 2854 αὐτεξούσιον,
1678 2803 1722 2846 id
1749 2805 1824 2856 est,

271 2885 362 2912 eam
402 2887 508 2924 quae
546 2889 569 2914 a
606 2888 648 2915 se
686 2875 792 2928 ipso,
832 2890 904 2916 seu
942 2875 1162 2928 propriam
1198 2878 1468 2929 potestatem,
1500 2875 1703 2929 ἐλευθέραν
1732 2891 1824 2928 προ-

1084 2946 1094 2958 N
1138 2947 1147 2961 ⁹
1239 2947 1248 2960 e
1286 2953 1305 2961 μυ
