<?xml version="1.0" encoding="UTF-8"?>
<!DOCTYPE html PUBLIC "-//W3C//DTD XHTML 1.0 Transitional//EN"
    "http://www.w3.org/TR/xhtml1/DTD/xhtml1-transitional.dtd">
<html xmlns="http://www.w3.org/1999/xhtml" xml:lang="en" lang="en">
 <head>
  <title>
</title>
<meta http-equiv="Content-Type" content="text/html;charset=utf-8" />
  <meta name='ocr-system' content='tesseract 3.04.00' />
  <meta name='ocr-capabilities' content='ocr_page ocr_carea ocr_par ocr_line ocrx_word'/>
</head>
<body>
  <div class='ocr_page' id='page_1' title='image "./synopsispurioris00poly_0207.png"; bbox 0 0 1931 3224; ppageno 0'>
   <div class='ocr_carea' id='block_1_1' title="bbox 558 86 1690 134">
    <p class='ocr_par' dir='ltr' id='par_1_1' title="bbox 558 86 1690 134">
     <span class='ocr_line' id='line_1_1' title="bbox 558 86 1690 134; baseline -0.007 0"><span class='ocrx_word' id='word_1_1' title='bbox 558 92 622 134; x_wconf 70' lang='lat' dir='ltr'>DE</span> <span class='ocrx_word' id='word_1_2' title='bbox 650 91 855 134; x_wconf 74' lang='lat' dir='ltr'><strong>SABBATHO</strong></span> <span class='ocrx_word' id='word_1_3' title='bbox 885 105 932 132; x_wconf 81' lang='lat' dir='ltr'>ET</span> <span class='ocrx_word' id='word_1_4' title='bbox 962 104 1026 132; x_wconf 76' lang='lat' dir='ltr'>mr.</span> <span class='ocrx_word' id='word_1_5' title='bbox 1055 88 1268 131; x_wconf 83' lang='lat' dir='ltr'><strong>DOMINIOO.</strong></span> <span class='ocrx_word' id='word_1_6' title='bbox 1615 86 1690 127; x_wconf 83' lang='lat'>185</span> 
     </span>
    </p>
   </div>
   <div class='ocr_carea' id='block_1_2' title="bbox 129 213 1692 272">
    <p class='ocr_par' dir='ltr' id='par_1_2' title="bbox 129 213 1692 272">
     <span class='ocr_line' id='line_1_2' title="bbox 129 213 1692 272; baseline -0.007 -10"><span class='ocrx_word' id='word_1_7' title='bbox 129 221 253 272; x_wconf 88' lang='lat' dir='ltr'>libus,</span> <span class='ocrx_word' id='word_1_8' title='bbox 283 217 525 260; x_wconf 87' lang='lat' dir='ltr'>conditione</span> <span class='ocrx_word' id='word_1_9' title='bbox 554 217 607 259; x_wconf 89' lang='lat' dir='ltr'>ab</span> <span class='ocrx_word' id='word_1_10' title='bbox 635 231 719 258; x_wconf 90' lang='lat' dir='ltr'>una</span> <span class='ocrx_word' id='word_1_11' title='bbox 742 218 863 270; x_wconf 90' lang='lat' dir='ltr'>parte</span> <span class='ocrx_word' id='word_1_12' title='bbox 891 214 1063 266; x_wconf 84' lang='lat' dir='ltr'>violata,</span> <span class='ocrx_word' id='word_1_13' title='bbox 1093 213 1269 255; x_wconf 86' lang='lat' dir='ltr'>alteram</span> <span class='ocrx_word' id='word_1_14' title='bbox 1293 214 1460 265; x_wconf 85' lang='lat' dir='ltr'>partem</span> <span class='ocrx_word' id='word_1_15' title='bbox 1488 225 1574 253; x_wconf 88' lang='lat' dir='ltr'>non</span> <span class='ocrx_word' id='word_1_16' title='bbox 1604 225 1692 252; x_wconf 86' lang='lat' dir='ltr'>am-</span> 
     </span>
    </p>
   </div>
   <div class='ocr_carea' id='block_1_3' title="bbox 125 282 1695 844">
    <p class='ocr_par' dir='ltr' id='par_1_3' title="bbox 125 282 1693 485">
     <span class='ocr_line' id='line_1_3' title="bbox 131 282 1693 346; baseline -0.006 -14"><span class='ocrx_word' id='word_1_17' title='bbox 131 291 244 346; x_wconf 89' lang='lat' dir='ltr'>plius</span> <span class='ocrx_word' id='word_1_18' title='bbox 282 289 430 341; x_wconf 88' lang='lat' dir='ltr'>teneri,</span> <span class='ocrx_word' id='word_1_19' title='bbox 471 291 632 331; x_wconf 86' lang='lat' dir='ltr'>certum</span> <span class='ocrx_word' id='word_1_20' title='bbox 670 291 744 331; x_wconf 88' lang='lat' dir='ltr'>est.</span> <span class='ocrx_word' id='word_1_21' title='bbox 783 287 866 329; x_wconf 83' lang='lat' dir='ltr'>Sed</span> <span class='ocrx_word' id='word_1_22' title='bbox 900 287 935 329; x_wconf 88' lang='lat' dir='ltr'>si</span> <span class='ocrx_word' id='word_1_23' title='bbox 973 286 1166 328; x_wconf 86' lang='lat' dir='ltr'>absolute</span> <span class='ocrx_word' id='word_1_24' title='bbox 1195 284 1289 337; x_wconf 89' lang='lat' dir='ltr'>quis</span> <span class='ocrx_word' id='word_1_25' title='bbox 1319 284 1542 337; x_wconf 82' lang='lat' dir='ltr'>quippiam</span> <span class='ocrx_word' id='word_1_26' title='bbox 1570 282 1693 324; x_wconf 89' lang='lat' dir='ltr'>alteri</span> 
     </span>
     <span class='ocr_line' id='line_1_4' title="bbox 125 354 1693 416; baseline -0.006 -12"><span class='ocrx_word' id='word_1_27' title='bbox 125 362 294 416; x_wconf 84' lang='lat' dir='ltr'>jurarit,</span> <span class='ocrx_word' id='word_1_28' title='bbox 333 363 375 401; x_wconf 90' lang='lat' dir='ltr'>et</span> <span class='ocrx_word' id='word_1_29' title='bbox 413 360 448 401; x_wconf 89' lang='lat' dir='ltr'>si</span> <span class='ocrx_word' id='word_1_30' title='bbox 486 360 593 402; x_wconf 83' lang='lat' dir='ltr'>alter</span> <span class='ocrx_word' id='word_1_31' title='bbox 629 375 748 401; x_wconf 86' lang='lat' dir='ltr'>suam</span> <span class='ocrx_word' id='word_1_32' title='bbox 780 359 906 400; x_wconf 88' lang='lat' dir='ltr'>fidem</span> <span class='ocrx_word' id='word_1_33' title='bbox 934 373 1019 400; x_wconf 92' lang='lat' dir='ltr'>non</span> <span class='ocrx_word' id='word_1_34' title='bbox 1047 358 1248 411; x_wconf 88' lang='lat' dir='ltr'>praestet,</span> <span class='ocrx_word' id='word_1_35' title='bbox 1277 369 1362 396; x_wconf 94' lang='lat' dir='ltr'>non</span> <span class='ocrx_word' id='word_1_36' title='bbox 1391 354 1485 396; x_wconf 88' lang='lat' dir='ltr'>ideo</span> <span class='ocrx_word' id='word_1_37' title='bbox 1514 354 1693 408; x_wconf 85' lang='lat' dir='ltr'>perfidia</span> 
     </span>
     <span class='ocr_line' id='line_1_5' title="bbox 131 430 830 485; baseline -0.006 -10"><span class='ocrx_word' id='word_1_38' title='bbox 131 434 184 475; x_wconf 89' lang='lat' dir='ltr'>ab</span> <span class='ocrx_word' id='word_1_39' title='bbox 213 433 345 475; x_wconf 83' lang='lat' dir='ltr'>altera</span> <span class='ocrx_word' id='word_1_40' title='bbox 374 430 497 485; x_wconf 85' lang='lat' dir='ltr'>parte</span> <span class='ocrx_word' id='word_1_41' title='bbox 523 433 585 473; x_wconf 90' lang='lat' dir='ltr'>est</span> <span class='ocrx_word' id='word_1_42' title='bbox 614 430 830 472; x_wconf 87' lang='lat' dir='ltr'>utendum.</span> 
     </span>
    </p>

    <p class='ocr_par' dir='ltr' id='par_1_4' title="bbox 129 496 1695 844">
     <span class='ocr_line' id='line_1_6' title="bbox 184 496 1693 556; baseline -0.007 -10"><span class='ocrx_word' id='word_1_43' title='bbox 184 503 292 546; x_wconf 86' lang='lat' dir='ltr'><strong>LXI.</strong></span> <span class='ocrx_word' id='word_1_44' title='bbox 320 503 517 556; x_wconf 89' lang='lat' dir='ltr'>Denique</span> <span class='ocrx_word' id='word_1_45' title='bbox 548 503 778 556; x_wconf 88' lang='lat' dir='ltr'>quaeritur,</span> <span class='ocrx_word' id='word_1_46' title='bbox 808 517 860 543; x_wconf 89' lang='lat' dir='ltr'>an</span> <span class='ocrx_word' id='word_1_47' title='bbox 890 516 914 542; x_wconf 87' lang='lat' dir='ltr'>a</span> <span class='ocrx_word' id='word_1_48' title='bbox 939 499 1213 554; x_wconf 86' lang='lat' dir='ltr'>jurejurando</span> <span class='ocrx_word' id='word_1_49' title='bbox 1242 498 1452 553; x_wconf 87' lang='lat' dir='ltr'>praestito</span> <span class='ocrx_word' id='word_1_50' title='bbox 1480 496 1693 549; x_wconf 79' lang='lat' dir='ltr'>quispiam</span> 
     </span>
     <span class='ocr_line' id='line_1_7' title="bbox 131 568 1694 630; baseline -0.006 -12"><span class='ocrx_word' id='word_1_51' title='bbox 131 591 208 630; x_wconf 88' lang='lat' dir='ltr'>per</span> <span class='ocrx_word' id='word_1_52' title='bbox 236 576 366 618; x_wconf 88' lang='lat' dir='ltr'>alium</span> <span class='ocrx_word' id='word_1_53' title='bbox 394 575 503 617; x_wconf 86' lang='lat' dir='ltr'>solvi</span> <span class='ocrx_word' id='word_1_54' title='bbox 530 575 679 629; x_wconf 91' lang='lat' dir='ltr'>possit.</span> <span class='ocrx_word' id='word_1_55' title='bbox 711 574 987 628; x_wconf 84' lang='lat' dir='ltr'>Respondeo:</span> <span class='ocrx_word' id='word_1_56' title='bbox 1018 573 1068 614; x_wconf 93' lang='lat' dir='ltr'>de</span> <span class='ocrx_word' id='word_1_57' title='bbox 1095 571 1342 622; x_wconf 77' lang='lat' dir='ltr'>minoribus,</span> <span class='ocrx_word' id='word_1_58' title='bbox 1372 572 1445 611; x_wconf 89' lang='lat' dir='ltr'>aut</span> <span class='ocrx_word' id='word_1_59' title='bbox 1476 568 1554 610; x_wconf 88' lang='lat' dir='ltr'>sub</span> <span class='ocrx_word' id='word_1_60' title='bbox 1589 568 1694 609; x_wconf 86' lang='lat' dir='ltr'>alio-</span> 
     </span>
     <span class='ocr_line' id='line_1_8' title="bbox 129 639 1693 702; baseline -0.006 -12"><span class='ocrx_word' id='word_1_61' title='bbox 129 664 225 690; x_wconf 87' lang='lat' dir='ltr'>rum</span> <span class='ocrx_word' id='word_1_62' title='bbox 268 649 484 702; x_wconf 84' lang='lat' dir='ltr'>potestate</span> <span class='ocrx_word' id='word_1_63' title='bbox 527 646 782 698; x_wconf 84' lang='lat' dir='ltr'>constitutis,</span> <span class='ocrx_word' id='word_1_64' title='bbox 826 645 941 687; x_wconf 89' lang='lat' dir='ltr'>Deus</span> <span class='ocrx_word' id='word_1_65' title='bbox 982 645 1121 698; x_wconf 83' lang='lat' dir='ltr'>legem</span> <span class='ocrx_word' id='word_1_66' title='bbox 1161 642 1272 695; x_wconf 89' lang='lat' dir='ltr'>tulit,</span> <span class='ocrx_word' id='word_1_67' title='bbox 1316 641 1445 683; x_wconf 89' lang='lat' dir='ltr'>Num.</span> <span class='ocrx_word' id='word_1_68' title='bbox 1484 641 1548 682; x_wconf 83' lang='lat'>30.</span> <span class='ocrx_word' id='word_1_69' title='bbox 1587 639 1693 681; x_wconf 88' lang='lat' dir='ltr'>alios</span> 
     </span>
     <span class='ocr_line' id='line_1_9' title="bbox 129 711 1695 772; baseline -0.004 -12"><span class='ocrx_word' id='word_1_70' title='bbox 129 734 228 760; x_wconf 83' lang='lat' dir='ltr'>vero</span> <span class='ocrx_word' id='word_1_71' title='bbox 264 720 504 772; x_wconf 85' lang='lat' dir='ltr'>juramenta</span> <span class='ocrx_word' id='word_1_72' title='bbox 541 718 735 771; x_wconf 79' lang='lat' dir='ltr'>legitima</span> <span class='ocrx_word' id='word_1_73' title='bbox 763 717 953 759; x_wconf 85' lang='lat' dir='ltr'>solvendi</span> <span class='ocrx_word' id='word_1_74' title='bbox 989 718 1061 758; x_wconf 90' lang='lat' dir='ltr'>aut</span> <span class='ocrx_word' id='word_1_75' title='bbox 1089 713 1362 768; x_wconf 86' lang='lat' dir='ltr'>dispensandi</span> <span class='ocrx_word' id='word_1_76' title='bbox 1389 713 1537 755; x_wconf 87' lang='lat' dir='ltr'>modos</span> <span class='ocrx_word' id='word_1_77' title='bbox 1567 711 1695 755; x_wconf 76' lang='lat' dir='ltr'>Sacra</span> 
     </span>
     <span class='ocr_line' id='line_1_10' title="bbox 130 788 563 844; baseline -0.002 -13"><span class='ocrx_word' id='word_1_78' title='bbox 130 788 352 844; x_wconf 73' lang='lat' dir='ltr'>Scriptura</span> <span class='ocrx_word' id='word_1_79' title='bbox 378 790 563 843; x_wconf 85' lang='lat' dir='ltr'>ignorat.</span> 
     </span>
    </p>
   </div>
   <div class='ocr_carea' id='block_1_4' title="bbox 592 1148 1244 1198">
    <p class='ocr_par' dir='ltr' id='par_1_5' title="bbox 592 1148 1244 1198">
     <span class='ocr_line' id='line_1_11' title="bbox 592 1148 1244 1198; baseline -0.005 -1"><span class='ocrx_word' id='word_1_80' title='bbox 592 1149 1068 1198; x_wconf 78' lang='lat' dir='ltr'>DISPUTATIO</span> <span class='ocrx_word' id='word_1_81' title='bbox 1111 1148 1244 1195; x_wconf 88' lang='lat' dir='ltr'>XXI.</span> 
     </span>
    </p>
   </div>
   <div class='ocr_carea' id='block_1_5' title="bbox 887 1257 909 1278">
    <p class='ocr_par' dir='ltr' id='par_1_6' title="bbox 887 1257 909 1278">
     <span class='ocr_line' id='line_1_12' title="bbox 887 1257 909 1278; baseline 0 0"><span class='ocrx_word' id='word_1_82' title='bbox 887 1257 909 1278; x_wconf 92' lang='lat' dir='ltr'><strong>D</strong></span> 
     </span>
    </p>
   </div>
   <div class='ocr_carea' id='block_1_6' title="bbox 408 1332 1420 1401">
    <p class='ocr_par' dir='ltr' id='par_1_7' title="bbox 408 1332 1420 1401">
     <span class='ocr_line' id='line_1_13' title="bbox 408 1332 1420 1401; baseline -0.005 0"><span class='ocrx_word' id='word_1_83' title='bbox 408 1333 741 1401; x_wconf 77' lang='lat' dir='ltr'>Sabbatho</span> <span class='ocrx_word' id='word_1_84' title='bbox 793 1337 856 1399; x_wconf 91' lang='lat' dir='ltr'>et</span> <span class='ocrx_word' id='word_1_85' title='bbox 905 1333 1007 1399; x_wconf 89' lang='lat' dir='ltr'>die</span> <span class='ocrx_word' id='word_1_86' title='bbox 1059 1332 1420 1400; x_wconf 76' lang='lat' dir='ltr'>Dominioo.</span> 
     </span>
    </p>
   </div>
   <div class='ocr_carea' id='block_1_7' title="bbox 432 1459 1383 1603">
    <p class='ocr_par' dir='ltr' id='par_1_8' title="bbox 432 1459 1383 1603">
     <span class='ocr_line' id='line_1_14' title="bbox 432 1459 1383 1504; baseline -0.003 -1"><span class='ocrx_word' id='word_1_87' title='bbox 432 1461 630 1504; x_wconf 85' lang='lat' dir='ltr'>Praeside</span> <span class='ocrx_word' id='word_1_88' title='bbox 668 1461 720 1503; x_wconf 91' lang='lat' dir='ltr'>D.</span> <span class='ocrx_word' id='word_1_89' title='bbox 759 1461 896 1503; x_wconf 86' lang='lat' dir='ltr'>ANT</span> <span class='ocrx_word' id='word_1_90' title='bbox 912 1460 1077 1503; x_wconf 90' lang='lat' dir='ltr'>ONIO</span> <span class='ocrx_word' id='word_1_91' title='bbox 1116 1459 1383 1501; x_wconf 78' lang='lat' dir='ltr'><strong>THYSIO.</strong></span> 
     </span>
     <span class='ocr_line' id='line_1_15' title="bbox 465 1550 1348 1603; baseline -0.005 -11"><span class='ocrx_word' id='word_1_92' title='bbox 465 1554 741 1603; x_wconf 84' lang='lat' dir='ltr'>Respondente</span> <span class='ocrx_word' id='word_1_93' title='bbox 771 1552 1020 1591; x_wconf 77' lang='lat' dir='ltr'><strong>SAMUELE</strong></span> <span class='ocrx_word' id='word_1_94' title='bbox 1050 1550 1348 1590; x_wconf 81' lang='lat' dir='ltr'><strong>DAMBRINO.</strong></span> 
     </span>
    </p>
   </div>
   <div class='ocr_carea' id='block_1_8' title="bbox 786 1639 1043 1683">
    <p class='ocr_par' dir='ltr' id='par_1_9' title="bbox 786 1639 1043 1683">
     <span class='ocr_line' id='line_1_16' title="bbox 786 1639 1043 1683; baseline -0.008 0"><span class='ocrx_word' id='word_1_95' title='bbox 786 1641 974 1683; x_wconf 80' lang='grc' dir='ltr'>ΤΗΕ818</span> <span class='ocrx_word' id='word_1_96' title='bbox 1012 1639 1043 1682; x_wconf 92' lang='lat' dir='ltr'>I.</span> 
     </span>
    </p>
   </div>
   <div class='ocr_carea' id='block_1_9' title="bbox 127 1727 1694 2856">
    <p class='ocr_par' dir='ltr' id='par_1_10' title="bbox 286 1727 1693 1782">
     <span class='ocr_line' id='line_1_17' title="bbox 286 1727 1693 1782; baseline -0.004 -9"><span class='ocrx_word' id='word_1_97' title='bbox 286 1746 577 1779; x_wconf 81' lang='lat' dir='ltr'><strong>OSTEAQUAM</strong></span> <span class='ocrx_word' id='word_1_98' title='bbox 615 1731 665 1772; x_wconf 93' lang='lat' dir='ltr'>de</span> <span class='ocrx_word' id='word_1_99' title='bbox 703 1730 955 1772; x_wconf 86' lang='lat' dir='ltr'>Idololatria</span> <span class='ocrx_word' id='word_1_100' title='bbox 994 1730 1128 1782; x_wconf 83' lang='lat' dir='ltr'>deque</span> <span class='ocrx_word' id='word_1_101' title='bbox 1166 1729 1432 1779; x_wconf 59' lang='lat' dir='ltr'>Juramenho,</span> <span class='ocrx_word' id='word_1_102' title='bbox 1465 1728 1517 1769; x_wconf 86' lang='lat' dir='ltr'>ad</span> <span class='ocrx_word' id='word_1_103' title='bbox 1557 1727 1693 1781; x_wconf 84' lang='lat' dir='ltr'>expli-</span> 
     </span>
    </p>

    <p class='ocr_par' dir='ltr' id='par_1_11' title="bbox 127 1741 1694 1988">
     <span class='ocr_line' id='line_1_18' title="bbox 176 1741 1693 1856; baseline -0.003 -11"><span class='ocrx_word' id='word_1_104' title='bbox 176 1741 268 1846; x_wconf 83' lang='lat' dir='ltr'>P</span> <span class='ocrx_word' id='word_1_105' title='bbox 286 1803 496 1844; x_wconf 89' lang='lat' dir='ltr'>cationem</span> <span class='ocrx_word' id='word_1_106' title='bbox 553 1802 709 1856; x_wconf 88' lang='lat' dir='ltr'>prioris</span> <span class='ocrx_word' id='word_1_107' title='bbox 760 1802 947 1843; x_wconf 85' lang='lat' dir='ltr'>Tabulae</span> <span class='ocrx_word' id='word_1_108' title='bbox 999 1801 1206 1855; x_wconf 86' lang='lat' dir='ltr'>Decalogi</span> <span class='ocrx_word' id='word_1_109' title='bbox 1258 1803 1321 1842; x_wconf 88' lang='lat' dir='ltr'>est</span> <span class='ocrx_word' id='word_1_110' title='bbox 1360 1803 1511 1851; x_wconf 84' lang='lat' dir='ltr'>actum,</span> <span class='ocrx_word' id='word_1_111' title='bbox 1552 1798 1693 1851; x_wconf 90' lang='lat' dir='ltr'>sequi-</span> 
     </span>
     <span class='ocr_line' id='line_1_19' title="bbox 128 1870 1694 1926; baseline -0.003 -11"><span class='ocrx_word' id='word_1_112' title='bbox 128 1876 211 1926; x_wconf 84' lang='lat' dir='ltr'>tur,</span> <span class='ocrx_word' id='word_1_113' title='bbox 249 1876 296 1916; x_wconf 92' lang='lat' dir='ltr'>ut</span> <span class='ocrx_word' id='word_1_114' title='bbox 335 1874 384 1916; x_wconf 92' lang='lat' dir='ltr'>de</span> <span class='ocrx_word' id='word_1_115' title='bbox 422 1873 704 1916; x_wconf 82' lang='lat' dir='ltr'>Sabbatho</span> <span class='ocrx_word' id='word_1_116' title='bbox 743 1875 785 1915; x_wconf 87' lang='lat' dir='ltr'>et</span> <span class='ocrx_word' id='word_1_117' title='bbox 818 1873 916 1915; x_wconf 93' lang='lat' dir='ltr'>Die</span> <span class='ocrx_word' id='word_1_118' title='bbox 945 1873 1234 1915; x_wconf 88' lang='lat' dir='ltr'>Dominico</span> <span class='ocrx_word' id='word_1_119' title='bbox 1264 1872 1473 1926; x_wconf 64' lang='grc' dir='ltr'><em>συζήτησιν</em></span> <span class='ocrx_word' id='word_1_120' title='bbox 1498 1870 1694 1913; x_wconf 84' lang='lat' dir='ltr'>similiter</span> 
     </span>
     <span class='ocr_line' id='line_1_20' title="bbox 127 1947 413 1988; baseline 0 0"><span class='ocrx_word' id='word_1_121' title='bbox 127 1947 413 1988; x_wconf 86' lang='lat' dir='ltr'>instituamus.</span> 
     </span>
    </p>

    <p class='ocr_par' dir='ltr' id='par_1_12' title="bbox 129 2015 1694 2856">
     <span class='ocr_line' id='line_1_21' title="bbox 182 2015 1694 2072; baseline -0.003 -12"><span class='ocrx_word' id='word_1_122' title='bbox 182 2018 235 2060; x_wconf 91' lang='lat' dir='ltr'>II.</span> <span class='ocrx_word' id='word_1_123' title='bbox 270 2018 334 2060; x_wconf 89' lang='lat' dir='ltr'>Ac</span> <span class='ocrx_word' id='word_1_124' title='bbox 362 2018 500 2072; x_wconf 88' lang='lat' dir='ltr'>primo</span> <span class='ocrx_word' id='word_1_125' title='bbox 530 2033 677 2061; x_wconf 79' lang='lat' dir='ltr'>vocem</span> <span class='ocrx_word' id='word_1_126' title='bbox 707 2018 820 2072; x_wconf 91' lang='lat' dir='ltr'>quod</span> <span class='ocrx_word' id='word_1_127' title='bbox 850 2019 1017 2070; x_wconf 86' lang='lat' dir='ltr'>attinet,</span> <span class='ocrx_word' id='word_1_128' title='bbox 1049 2019 1161 2060; x_wconf 67' lang='grc' dir='ltr'>ΠΞΨ</span> <span class='ocrx_word' id='word_1_129' title='bbox 1196 2017 1421 2068; x_wconf 86' lang='lat' dir='ltr'>Sabath,</span> <span class='ocrx_word' id='word_1_130' title='bbox 1444 2016 1556 2058; x_wconf 89' lang='lat' dir='ltr'>idem</span> <span class='ocrx_word' id='word_1_131' title='bbox 1581 2015 1694 2057; x_wconf 87' lang='lat' dir='ltr'>valet</span> 
     </span>
     <span class='ocr_line' id='line_1_22' title="bbox 131 2085 1693 2143; baseline -0.003 -12"><span class='ocrx_word' id='word_1_132' title='bbox 131 2091 244 2143; x_wconf 89' lang='lat' dir='ltr'>quod</span> <span class='ocrx_word' id='word_1_133' title='bbox 297 2105 469 2142; x_wconf 85' lang='lat' dir='ltr'>cessare,</span> <span class='ocrx_word' id='word_1_134' title='bbox 521 2091 747 2143; x_wconf 76' lang='lat' dir='ltr'>quiescere,</span> <span class='ocrx_word' id='word_1_135' title='bbox 801 2091 1001 2132; x_wconf 88' lang='lat' dir='ltr'>desinere.</span> <span class='ocrx_word' id='word_1_136' title='bbox 1049 2089 1173 2132; x_wconf 84' lang='lat' dir='ltr'>Unde</span> <span class='ocrx_word' id='word_1_137' title='bbox 1216 2090 1347 2131; x_wconf 65' lang='grc' dir='ltr'>ΓἿΞΨ</span> <span class='ocrx_word' id='word_1_138' title='bbox 1391 2085 1693 2137; x_wconf 80' lang='lat' dir='ltr'>Shabbath,</span> 
     </span>
     <span class='ocr_line' id='line_1_23' title="bbox 131 2158 1693 2217; baseline -0.003 -14"><span class='ocrx_word' id='word_1_139' title='bbox 131 2163 359 2212; x_wconf 81' lang='lat' dir='ltr'>contracte,</span> <span class='ocrx_word' id='word_1_140' title='bbox 398 2162 519 2215; x_wconf 84' lang='lat' dir='ltr'>quasi</span> <span class='ocrx_word' id='word_1_141' title='bbox 557 2163 724 2203; x_wconf 65' lang='grc' dir='ltr'>ΓἾΠΞΨ</span> <span class='ocrx_word' id='word_1_142' title='bbox 767 2164 815 2203; x_wconf 84' lang='grc'>111</span> <span class='ocrx_word' id='word_1_143' title='bbox 852 2161 943 2203; x_wconf 86' lang='lat' dir='ltr'>vult</span> <span class='ocrx_word' id='word_1_144' title='bbox 979 2161 1164 2213; x_wconf 85' lang='lat' dir='ltr'>Kimchi,</span> <span class='ocrx_word' id='word_1_145' title='bbox 1204 2162 1246 2202; x_wconf 89' lang='lat' dir='ltr'>et</span> <span class='ocrx_word' id='word_1_146' title='bbox 1276 2161 1425 2217; x_wconf 68' lang='grc' dir='ltr'>’(ἹΠΞΨ</span> <span class='ocrx_word' id='word_1_147' title='bbox 1457 2158 1693 2201; x_wconf 80' lang='lat' dir='ltr'>Shabba-</span> 
     </span>
     <span class='ocr_line' id='line_1_24' title="bbox 130 2232 1693 2287; baseline -0.001 -14"><span class='ocrx_word' id='word_1_148' title='bbox 130 2232 262 2274; x_wconf 88' lang='lat' dir='ltr'>thon</span> <span class='ocrx_word' id='word_1_149' title='bbox 305 2233 442 2274; x_wconf 89' lang='lat' dir='ltr'>omnis</span> <span class='ocrx_word' id='word_1_150' title='bbox 481 2233 661 2275; x_wconf 85' lang='lat' dir='ltr'>cessatio</span> <span class='ocrx_word' id='word_1_151' title='bbox 703 2248 757 2275; x_wconf 89' lang='lat' dir='ltr'>sc.</span> <span class='ocrx_word' id='word_1_152' title='bbox 788 2233 840 2275; x_wconf 87' lang='lat' dir='ltr'>ab</span> <span class='ocrx_word' id='word_1_153' title='bbox 872 2247 1011 2287; x_wconf 86' lang='lat' dir='ltr'>opere,</span> <span class='ocrx_word' id='word_1_154' title='bbox 1042 2235 1083 2274; x_wconf 93' lang='lat' dir='ltr'>et</span> <span class='ocrx_word' id='word_1_155' title='bbox 1114 2233 1245 2286; x_wconf 88' lang='lat' dir='ltr'>quies,</span> <span class='ocrx_word' id='word_1_156' title='bbox 1275 2247 1426 2285; x_wconf 88' lang='lat' dir='ltr'>nempe</span> <span class='ocrx_word' id='word_1_157' title='bbox 1456 2247 1479 2273; x_wconf 86' lang='lat' dir='ltr'>a</span> <span class='ocrx_word' id='word_1_158' title='bbox 1508 2233 1627 2272; x_wconf 86' lang='lat' dir='ltr'>motu</span> <span class='ocrx_word' id='word_1_159' title='bbox 1653 2232 1693 2271; x_wconf 89' lang='lat' dir='ltr'>et</span> 
     </span>
     <span class='ocr_line' id='line_1_25' title="bbox 129 2302 1694 2358; baseline -0.003 -13"><span class='ocrx_word' id='word_1_160' title='bbox 129 2303 296 2353; x_wconf 88' lang='lat' dir='ltr'>labore;</span> <span class='ocrx_word' id='word_1_161' title='bbox 342 2319 447 2356; x_wconf 89' lang='lat' dir='ltr'>quae</span> <span class='ocrx_word' id='word_1_162' title='bbox 489 2304 624 2346; x_wconf 86' lang='lat' dir='ltr'>relata</span> <span class='ocrx_word' id='word_1_163' title='bbox 666 2304 718 2346; x_wconf 86' lang='lat' dir='ltr'>ad</span> <span class='ocrx_word' id='word_1_164' title='bbox 760 2304 899 2346; x_wconf 88' lang='lat' dir='ltr'>Deum</span> <span class='ocrx_word' id='word_1_165' title='bbox 942 2306 1005 2346; x_wconf 88' lang='lat' dir='ltr'>est</span> <span class='ocrx_word' id='word_1_166' title='bbox 1043 2304 1265 2358; x_wconf 86' lang='lat' dir='ltr'>speciatim</span> <span class='ocrx_word' id='word_1_167' title='bbox 1303 2303 1483 2346; x_wconf 85' lang='lat' dir='ltr'>cessatio</span> <span class='ocrx_word' id='word_1_168' title='bbox 1521 2302 1613 2353; x_wconf 88' lang='lat' dir='ltr'>Dei,</span> <span class='ocrx_word' id='word_1_169' title='bbox 1653 2303 1694 2342; x_wconf 90' lang='lat' dir='ltr'>et</span> 
     </span>
     <span class='ocr_line' id='line_1_26' title="bbox 132 2373 1694 2429; baseline -0.001 -14"><span class='ocrx_word' id='word_1_170' title='bbox 132 2374 303 2427; x_wconf 89' lang='lat' dir='ltr'>quidem</span> <span class='ocrx_word' id='word_1_171' title='bbox 340 2374 392 2416; x_wconf 85' lang='lat' dir='ltr'>ab</span> <span class='ocrx_word' id='word_1_172' title='bbox 424 2389 551 2428; x_wconf 88' lang='lat' dir='ltr'>opere</span> <span class='ocrx_word' id='word_1_173' title='bbox 581 2376 807 2417; x_wconf 69' lang='lat' dir='ltr'>creationis</span> <span class='ocrx_word' id='word_1_174' title='bbox 836 2375 901 2417; x_wconf 90' lang='lat' dir='ltr'>die</span> <span class='ocrx_word' id='word_1_175' title='bbox 931 2375 1136 2429; x_wconf 84' lang='lat' dir='ltr'>septimo;</span> <span class='ocrx_word' id='word_1_176' title='bbox 1167 2376 1219 2417; x_wconf 91' lang='lat' dir='ltr'>ad</span> <span class='ocrx_word' id='word_1_177' title='bbox 1247 2375 1476 2426; x_wconf 90' lang='lat' dir='ltr'>hominem,</span> <span class='ocrx_word' id='word_1_178' title='bbox 1507 2373 1694 2426; x_wconf 86' lang='lat' dir='ltr'>ejusdem</span> 
     </span>
     <span class='ocr_line' id='line_1_27' title="bbox 131 2444 1694 2500; baseline 0 -15"><span class='ocrx_word' id='word_1_179' title='bbox 131 2444 327 2486; x_wconf 86' lang='lat' dir='ltr'>similiter</span> <span class='ocrx_word' id='word_1_180' title='bbox 364 2446 544 2487; x_wconf 86' lang='lat' dir='ltr'>cessatio</span> <span class='ocrx_word' id='word_1_181' title='bbox 572 2445 923 2489; x_wconf 86' lang='lat' dir='ltr'>hebdomadatim</span> <span class='ocrx_word' id='word_1_182' title='bbox 952 2447 1099 2489; x_wconf 90' lang='lat' dir='ltr'>eodem</span> <span class='ocrx_word' id='word_1_183' title='bbox 1129 2447 1194 2489; x_wconf 90' lang='lat' dir='ltr'>die</span> <span class='ocrx_word' id='word_1_184' title='bbox 1222 2447 1419 2500; x_wconf 85' lang='lat' dir='ltr'>repetita,</span> <span class='ocrx_word' id='word_1_185' title='bbox 1451 2446 1488 2487; x_wconf 93' lang='lat' dir='ltr'>ei</span> <span class='ocrx_word' id='word_1_186' title='bbox 1517 2445 1591 2486; x_wconf 92' lang='lat' dir='ltr'>fini</span> <span class='ocrx_word' id='word_1_187' title='bbox 1620 2444 1694 2486; x_wconf 92' lang='grc'>16-</span> 
     </span>
     <span class='ocr_line' id='line_1_28' title="bbox 129 2515 1694 2572; baseline -0.001 -15"><span class='ocrx_word' id='word_1_188' title='bbox 129 2516 298 2558; x_wconf 90' lang='lat' dir='ltr'>nedicto</span> <span class='ocrx_word' id='word_1_189' title='bbox 338 2516 700 2570; x_wconf 86' lang='lat' dir='ltr'>sanctificatoque.</span> <span class='ocrx_word' id='word_1_190' title='bbox 733 2517 857 2560; x_wconf 89' lang='lat' dir='ltr'>Unde</span> <span class='ocrx_word' id='word_1_191' title='bbox 885 2521 1125 2572; x_wconf 88' lang='lat' dir='ltr'>utrumque,</span> <span class='ocrx_word' id='word_1_192' title='bbox 1157 2520 1198 2560; x_wconf 89' lang='grc'>61</span> <span class='ocrx_word' id='word_1_193' title='bbox 1225 2518 1318 2571; x_wconf 88' lang='lat' dir='ltr'>ipsa</span> <span class='ocrx_word' id='word_1_194' title='bbox 1348 2517 1525 2559; x_wconf 83' lang='lat' dir='ltr'>cessatio</span> <span class='ocrx_word' id='word_1_195' title='bbox 1556 2518 1597 2557; x_wconf 88' lang='grc'>61</span> <span class='ocrx_word' id='word_1_196' title='bbox 1624 2515 1694 2556; x_wconf 86' lang='lat' dir='ltr'>hic</span> 
     </span>
     <span class='ocr_line' id='line_1_29' title="bbox 130 2586 1693 2640; baseline -0.001 -11"><span class='ocrx_word' id='word_1_197' title='bbox 130 2588 231 2640; x_wconf 89' lang='lat' dir='ltr'>dies,</span> <span class='ocrx_word' id='word_1_198' title='bbox 262 2587 472 2630; x_wconf 85' lang='lat' dir='ltr'>Sabbathi</span> <span class='ocrx_word' id='word_1_199' title='bbox 500 2589 672 2630; x_wconf 88' lang='lat' dir='ltr'>nomine</span> <span class='ocrx_word' id='word_1_200' title='bbox 701 2590 828 2631; x_wconf 82' lang='lat' dir='ltr'>venit.</span> <span class='ocrx_word' id='word_1_201' title='bbox 859 2589 922 2632; x_wconf 82' lang='lat' dir='ltr'>Ac</span> <span class='ocrx_word' id='word_1_202' title='bbox 951 2591 1106 2632; x_wconf 85' lang='lat' dir='ltr'>dicitur</span> <span class='ocrx_word' id='word_1_203' title='bbox 1133 2590 1203 2631; x_wconf 90' lang='lat' dir='ltr'>hic</span> <span class='ocrx_word' id='word_1_204' title='bbox 1228 2589 1327 2640; x_wconf 89' lang='lat' dir='ltr'>dies,</span> <span class='ocrx_word' id='word_1_205' title='bbox 1360 2589 1448 2629; x_wconf 89' lang='lat' dir='ltr'>dies</span> <span class='ocrx_word' id='word_1_206' title='bbox 1472 2586 1693 2638; x_wconf 73' lang='lat' dir='ltr'>sabbathi,</span> 
     </span>
     <span class='ocr_line' id='line_1_30' title="bbox 132 2658 1692 2717; baseline -0.002 -15"><span class='ocrx_word' id='word_1_207' title='bbox 132 2676 205 2702; x_wconf 95' lang='grc'>8611</span> <span class='ocrx_word' id='word_1_208' title='bbox 243 2660 330 2701; x_wconf 90' lang='lat' dir='ltr'>dies</span> <span class='ocrx_word' id='word_1_209' title='bbox 359 2659 527 2712; x_wconf 82' lang='lat' dir='ltr'>quietiS,</span> <span class='ocrx_word' id='word_1_210' title='bbox 558 2662 600 2701; x_wconf 89' lang='grc'>61</span> <span class='ocrx_word' id='word_1_211' title='bbox 629 2660 946 2717; x_wconf 63' lang='grc' dir='ltr'>ΓἾΞΨ,ῑἹΠΖ1Ψ</span> <span class='ocrx_word' id='word_1_212' title='bbox 982 2659 1284 2711; x_wconf 82' lang='lat' dir='ltr'>Shabbath,</span> <span class='ocrx_word' id='word_1_213' title='bbox 1315 2658 1692 2709; x_wconf 81' lang='lat' dir='ltr'>Shabbathon,</span> 
     </span>
     <span class='ocr_line' id='line_1_31' title="bbox 131 2729 1694 2784; baseline -0.001 -10"><span class='ocrx_word' id='word_1_214' title='bbox 131 2730 469 2774; x_wconf 82' lang='lat' dir='ltr'>Sabbathum</span> <span class='ocrx_word' id='word_1_215' title='bbox 512 2730 744 2784; x_wconf 89' lang='lat' dir='ltr'>quietis,</span> <span class='ocrx_word' id='word_1_216' title='bbox 788 2731 866 2774; x_wconf 85' lang='lat' dir='ltr'>Ex.</span> <span class='ocrx_word' id='word_1_217' title='bbox 910 2732 973 2784; x_wconf 86' lang='lat'>31,</span> <span class='ocrx_word' id='word_1_218' title='bbox 1020 2733 1082 2774; x_wconf 80' lang='lat'>15.</span> <span class='ocrx_word' id='word_1_219' title='bbox 1122 2733 1164 2773; x_wconf 87' lang='grc'>61</span> <span class='ocrx_word' id='word_1_220' title='bbox 1200 2731 1464 2784; x_wconf 87' lang='lat' dir='ltr'>simpliciter,</span> <span class='ocrx_word' id='word_1_221' title='bbox 1496 2729 1694 2773; x_wconf 83' lang='lat' dir='ltr'>Sabba-</span> 
     </span>
     <span class='ocr_line' id='line_1_32' title="bbox 132 2801 1694 2856; baseline 0 -12"><span class='ocrx_word' id='word_1_222' title='bbox 132 2802 288 2844; x_wconf 87' lang='lat' dir='ltr'>thum.</span> <span class='ocrx_word' id='word_1_223' title='bbox 311 2801 422 2851; x_wconf 80' lang='lat' dir='ltr'>Quin</span> <span class='ocrx_word' id='word_1_224' title='bbox 448 2801 554 2843; x_wconf 89' lang='lat' dir='ltr'>dies</span> <span class='ocrx_word' id='word_1_225' title='bbox 583 2802 831 2856; x_wconf 89' lang='lat' dir='ltr'>septimus</span> <span class='ocrx_word' id='word_1_226' title='bbox 856 2804 898 2844; x_wconf 91' lang='grc'>61</span> <span class='ocrx_word' id='word_1_227' title='bbox 913 2801 1178 2844; x_wconf 83' lang='lat' dir='ltr'>Sabbathum</span> <span class='ocrx_word' id='word_1_228' title='bbox 1193 2815 1272 2854; x_wconf 90' lang='lat' dir='ltr'>pro</span> <span class='ocrx_word' id='word_1_229' title='bbox 1290 2801 1442 2843; x_wconf 87' lang='lat' dir='ltr'>eodum</span> <span class='ocrx_word' id='word_1_230' title='bbox 1457 2804 1694 2844; x_wconf 84' lang='lat' dir='ltr'>sumuntur.</span> 
     </span>
    </p>
   </div>
   <div class='ocr_carea' id='block_1_10' title="bbox 132 2871 1694 2996">
    <p class='ocr_par' dir='ltr' id='par_1_13' title="bbox 132 2871 1694 2996">
     <span class='ocr_line' id='line_1_33' title="bbox 183 2871 1694 2927; baseline 0.001 -13"><span class='ocrx_word' id='word_1_231' title='bbox 183 2871 258 2914; x_wconf 88' lang='lat' dir='ltr'>III.</span> <span class='ocrx_word' id='word_1_232' title='bbox 292 2872 519 2914; x_wconf 87' lang='lat' dir='ltr'>Praeterea</span> <span class='ocrx_word' id='word_1_233' title='bbox 553 2871 762 2914; x_wconf 80' lang='lat' dir='ltr'>Sabbathi</span> <span class='ocrx_word' id='word_1_234' title='bbox 792 2875 834 2914; x_wconf 87' lang='grc'>61</span> <span class='ocrx_word' id='word_1_235' title='bbox 862 2872 1178 2915; x_wconf 83' lang='lat' dir='ltr'>Sabbathorum</span> <span class='ocrx_word' id='word_1_236' title='bbox 1207 2887 1290 2914; x_wconf 84' lang='lat' dir='ltr'>vox</span> <span class='ocrx_word' id='word_1_237' title='bbox 1319 2873 1402 2914; x_wconf 88' lang='lat' dir='ltr'>toti</span> <span class='ocrx_word' id='word_1_238' title='bbox 1431 2873 1694 2927; x_wconf 72' lang='lat' dir='ltr'>septimanae</span> 
     </span>
     <span class='ocr_line' id='line_1_34' title="bbox 132 2942 1694 2996; baseline 0.001 -12"><span class='ocrx_word' id='word_1_239' title='bbox 132 2943 348 2995; x_wconf 81' lang='lat' dir='ltr'>tribuitur,</span> <span class='ocrx_word' id='word_1_240' title='bbox 379 2944 403 2984; x_wconf 84' lang='lat'>2</span> <span class='ocrx_word' id='word_1_241' title='bbox 431 2942 535 2995; x_wconf 82' lang='lat' dir='ltr'>Reg.</span> <span class='ocrx_word' id='word_1_242' title='bbox 566 2943 628 2994; x_wconf 83' lang='lat'>11,</span> <span class='ocrx_word' id='word_1_243' title='bbox 658 2944 694 2984; x_wconf 88' lang='lat'>7.</span> <span class='ocrx_word' id='word_1_244' title='bbox 725 2942 822 2985; x_wconf 75' lang='lat' dir='ltr'>Luc:</span> <span class='ocrx_word' id='word_1_245' title='bbox 848 2944 911 2996; x_wconf 83' lang='lat'>18,</span> <span class='ocrx_word' id='word_1_246' title='bbox 936 2944 998 2985; x_wconf 81' lang='lat'>12.</span> <span class='ocrx_word' id='word_1_247' title='bbox 1026 2943 1199 2995; x_wconf 83' lang='lat' dir='ltr'>scilicet,</span> <span class='ocrx_word' id='word_1_248' title='bbox 1228 2943 1341 2995; x_wconf 90' lang='lat' dir='ltr'>quod</span> <span class='ocrx_word' id='word_1_249' title='bbox 1364 2944 1408 2985; x_wconf 89' lang='lat' dir='ltr'>in</span> <span class='ocrx_word' id='word_1_250' title='bbox 1431 2944 1694 2986; x_wconf 88' lang='lat' dir='ltr'>hebdomade</span> 
     </span>
    </p>
   </div>
  </div>
 </body>
</html>
