1931 3224
507 100 570 143 Dn
598 99 754 143 Varnm
782 114 829 143 Er
858 99 975 143 Novo
1007 99 1282 143 TESTAMENTO.
1598 101 1675 143 215

110 231 232 285 parte
258 226 352 279 Dei,
381 239 509 280 quam
538 239 590 267 ex
617 227 741 279 parte
772 224 1006 267 hominum.
1036 223 1085 266 In
1110 224 1479 266 administratione
1506 224 1675 266 interna

112 299 205 352 Dei,
246 298 346 340 licet
386 312 494 338 unus
536 296 733 349 idemque
770 295 826 338 sit
862 295 1047 350 Spiritus
1076 295 1218 337 electis
1250 295 1595 348 communicatus,
1625 296 1678 336 ad

112 385 241 412 unam
279 371 320 411 et
359 368 536 411 eandem
554 366 769 415 υἱοθεσίαν,
806 367 878 419 qui
905 369 1071 408 tantam
1100 365 1357 419 cognitionis
1382 366 1517 408 lucem
1543 366 1676 408 effun-

113 441 186 493 dit,
218 443 377 494 quanta
406 439 563 482 sufficit
594 440 646 481 ad
676 439 870 490 salutem,
899 437 943 479 id
970 440 1115 479 tamen
1145 439 1323 488 constat,
1354 437 1399 478 in
1423 436 1548 479 Novo
1575 437 1677 479 Tes-

110 513 300 554 tamento
340 511 542 564 majorem
582 509 792 563 refulgere
826 508 1010 562 Spiritus
1040 508 1186 551 Sancti
1215 507 1459 561 efficaciam,
1491 511 1533 550 et
1560 508 1679 551 illus—

110 582 285 624 triorem
324 582 532 623 donorum
569 580 819 623 varietatem
858 582 899 621 et
928 579 1260 634 amplitudinem,
1290 579 1323 620 si
1352 579 1494 632 ipsum
1524 594 1677 633 corpus

110 653 325 696 Ecclesiae
369 655 584 706 spectetur
622 652 922 694 communiter:
959 653 1061 693 tunc
1095 651 1206 693 enim
1245 650 1446 693 effudit
1476 651 1534 693 de
1564 651 1678 705 Spi-

110 725 222 767 ritu
251 739 345 766 suo
376 739 540 778 super
569 738 771 766 omnem
801 736 1032 775 carnem,
1065 722 1137 775 qui
1161 724 1287 764 antea
1304 723 1472 776 parcius
1489 737 1677 765 commu-

109 795 344 848 nicabatur,
375 795 483 837 Joel.
513 796 551 848 2,
582 795 644 837 28.

163 866 278 908 XVI.
307 866 522 909 Externae
552 866 680 908 etiam
709 865 1091 908 administrationis
1125 865 1421 917 consideratio,
1452 865 1675 908 discrimen

110 938 288 993 praebet
337 953 423 980 non
475 938 689 991 exiguum.
743 937 822 979 Est
865 937 989 989 enim,
1031 937 1068 978 si
1112 935 1363 989 qualitatem
1405 936 1676 979 revelationis

111 1012 363 1064 spectemus,
391 1009 436 1051 in
464 1008 613 1051 Veteri
642 1008 916 1051 Testamento
941 1007 1081 1049 minor
1102 1006 1397 1061 perspicuitas,
1424 1020 1516 1047 cum
1535 1006 1676 1049 Chris-

110 1084 179 1123 tus
215 1083 436 1134 tamquam
472 1083 674 1122 venturus
713 1080 928 1131 offeratur,
969 1079 1042 1132 qui
1078 1079 1122 1120 in
1151 1078 1275 1119 Novo
1306 1077 1577 1131 praedicatur
1605 1093 1675 1120 ex-

109 1152 284 1194 hibitus.
324 1151 374 1194 In
406 1152 493 1204 illo,
524 1151 601 1193 sub
631 1151 810 1193 terrenis
839 1149 1054 1192 beneficiis
1085 1149 1278 1191 coelestis
1307 1148 1547 1191 haereditas
1578 1162 1676 1191 con-

110 1223 354 1279 templanda
383 1222 624 1277 praebetur,
655 1224 697 1264 et
725 1222 925 1265 Patribus
941 1221 1205 1275 degustanda
1222 1220 1457 1273 exhibetur,
1476 1223 1517 1263 et
1528 1220 1676 1274 judicii

111 1296 259 1338 contra
294 1294 339 1336 in
377 1294 583 1347 reprobos
622 1294 760 1347 magis
791 1292 1021 1346 conspicua
1050 1292 1303 1334 documenta
1332 1291 1376 1333 in
1404 1291 1554 1345 poenis
1584 1306 1676 1334 cor-

111 1365 252 1420 poreis
290 1366 468 1408 dantur:
509 1381 616 1419 quae
655 1380 779 1408 causa
816 1365 899 1407 fuit
939 1379 1012 1407 cur
1042 1364 1360 1406 benedictiones
1388 1363 1481 1405 illas
1510 1366 1676 1416 tempo-

110 1438 219 1480 rales
246 1438 432 1491 majoris,
464 1452 592 1490 quam
620 1452 733 1479 nunc
764 1437 942 1488 deceret,
972 1436 1250 1478 aestimarint.
1275 1434 1303 1476 J
1307 1450 1375 1476 am
1398 1448 1498 1476 vero
1514 1436 1676 1476 mentes

109 1511 282 1551 nostrae
317 1510 432 1551 recte
472 1508 524 1550 ad
563 1508 787 1550 coelestem
825 1507 1134 1549 haereditatem
1163 1506 1420 1559 diriguntur,
1451 1505 1604 1546 clarius
1634 1507 1675 1547 et

110 1580 312 1634 liquidius
349 1579 534 1622 revelata
571 1593 648 1633 per
684 1579 969 1632 Evangelium
995 1578 1164 1620 futurae
1193 1578 1305 1619 vitae
1335 1577 1486 1630 gratia,
1517 1577 1674 1618 omisso

110 1651 303 1694 inferiori
331 1651 405 1693 1110
436 1650 751 1693 exercitationis
780 1650 920 1692 niodo.

163 1721 301 1765 XVII.
332 1722 524 1764 Tertium
551 1722 634 1764 hoc
662 1722 887 1764 discrimen
917 1720 1098 1772 additur,
1128 1720 1243 1773 quod
1267 1717 1402 1761 Vetus
1429 1718 1675 1761 Testamen-

109 1797 203 1837 tum
239 1794 458 1836 umbratili
496 1796 538 1836 et
575 1808 652 1847 per
689 1808 733 1836 se
769 1792 976 1834 inefficaci
1015 1791 1351 1834 ceremoniarum
1380 1791 1675 1832 observatione

108 1865 350 1908 involutum
390 1865 653 1917 tradebatur,
697 1866 739 1907 et
782 1863 977 1906 Christus
1017 1878 1065 1905 60
1104 1862 1233 1905 variis
1262 1862 1414 1904 ritibus
1444 1865 1485 1904 et
1512 1861 1674 1916 figuris,

109 1939 313 1980 venturus
343 1936 701 1987 adumbrabatur;
732 1938 776 1977 at
803 1935 849 1977 111
877 1933 1016 1989 Novo,
1047 1935 1233 1978 revelata
1262 1934 1369 1976 facie
1393 1933 1517 1976 nobis
1541 1933 1674 1988 inspi-

112 2007 282 2051 ciendus
319 2009 508 2060 offertur,
549 2011 591 2050 et
627 2008 818 2062 ipsarum
844 2023 987 2050 rerum
1013 2007 1170 2050 veritas
1202 2009 1244 2048 et
1274 2021 1426 2060 corpus
1454 2009 1674 2059 tamquam

111 2093 310 2133 praesens
353 2079 600 2132 exhibetur;
645 2081 686 2121 et
725 2093 833 2132 quae
870 2078 914 2119 in
952 2092 1000 2120 eo
1039 2080 1138 2120 sunt
1177 2077 1377 2119 instituta
1416 2077 1550 2131 signa,
1588 2091 1670 2119 11011

106 2152 197 2205 jam
229 2166 319 2193 rem
346 2150 534 2192 futuram
563 2150 832 2204 promittunt,
864 2149 936 2192 sed
966 2152 1064 2192 ante
1093 2150 1361 2203 promissam,
1392 2152 1434 2191 et
1463 2148 1674 2191 3110136111-

110 2237 215 2276 pore
255 2222 478 2276 impletam
518 2223 745 2275 testantur,
789 2222 963 2275 ejusque
1007 2221 1240 2264 efficaciam
1281 2221 1489 2274 majorem
1531 2220 1674 2273 obsig-

110 2295 234 2344 nant3
273 2308 410 2346 neque
450 2295 548 2335 sunt
577 2295 763 2346 cruenta,
793 2307 933 2346 neque
960 2295 1028 2335 tot
1055 2307 1244 2346 numero,
1274 2307 1412 2346 neque
1441 2292 1544 2334 adeo
1575 2306 1674 2334 one-

109 2379 208 2407 rosa
245 2366 320 2406 aut
358 2364 558 2417 obscura3
598 2363 672 2407 sed
715 2364 950 2416 ἀναίμοιπι,
994 2364 1209 2418 pauciora,
1240 2363 1444 2406 facilioris
1475 2364 1672 2406 observa-

109 2436 253 2488 tionis,
296 2437 338 2478 et
378 2435 552 2488 majoris
593 2437 934 2490 perspicuitatis3
972 2436 1016 2477 in
1052 2435 1127 2477 illo
1165 2436 1353 2478 umbra
1383 2437 1504 2477 erat
1532 2434 1672 2477 futu-

109 2522 287 2551 rorum
326 2508 610 2560 bonorum,
650 2508 696 2549 in
736 2508 818 2550 hoc
859 2522 985 2549 vera
1022 2510 1073 2550 et
1110 2507 1235 2549 viva
1272 2507 1446 2560 imago
1476 2521 1672 2559 rerum,

109 2580 241 2623 Hebr.
273 2580 336 2632 10,
367 2580 402 2622 1.

162 2650 320 2694 XVIII.
361 2651 522 2701 Quarta
559 2651 796 2693 differentia
835 2650 1034 2703 cernitur,
1072 2650 1117 2693 in
1146 2648 1424 2703 amplitudine
1452 2648 1602 2702 populi
1631 2651 1673 2690 et

110 2723 387 2766 universitate
423 2724 694 2776 receptorum
722 2722 766 2764 in
794 2721 954 2775 foedus,
986 2722 1085 2775 quia
1114 2736 1208 2763 cum
1240 2720 1316 2762 sub
1345 2719 1494 2761 Veteri
1523 2718 1672 2762 Testa-

109 2797 254 2837 mento
283 2794 585 2837 terminaretur
612 2792 836 2846 promissio
865 2793 910 2835 in
940 2792 1187 2835 Abrahamo
1218 2793 1260 2833 et
1287 2789 1539 2845 posteritate
1569 2790 1670 2843 ejus,

111 2865 290 2908 exclusis
328 2864 478 2908 ceteris
514 2864 725 2918 gentibus,
763 2866 837 2905 aut
875 2863 1022 2918 paucis
1062 2863 1267 2915 admissis,
1308 2861 1448 2915 gratia
1488 2861 1670 2915 quadam

112 2937 460 2989 extraordinaria,
500 2951 583 2990 qua
620 2935 664 2978 in
702 2935 908 2978 familiam
938 2934 1138 2977 Abrahae
1175 2933 1488 2987 quodammodo
1515 2932 1672 2974 insere-
