1931 3224
275 143 354 185 442
876 143 1120 185 stPUTATIO
1148 143 1235 186 XL.

275 269 554 322 particulares
591 269 635 309 in
672 268 875 320 moribus,
914 268 1255 311 communionem
1292 266 1576 312 Christianam
1606 270 1835 326 abrumpit,

277 343 319 383 61
347 342 563 394 separatos
588 341 732 382 coetus
750 339 887 392 erigit.
914 338 1371 388 Quemadmodum
1398 341 1536 382 enim
1563 341 1836 385 haeretici

277 413 336 453 de
377 411 485 452 Deo
528 411 672 452 falsa
714 411 1024 463 sentiendo,
1067 410 1233 453 fidem
1274 411 1449 465 ipsam
1485 413 1719 455 violant:
1756 414 1838 456 ita

277 483 581 525 scismatici
621 482 1082 524 disscissionibus
1120 483 1330 535 iniquis
1372 498 1396 524 a
1424 483 1674 526 fraterna
1703 486 1837 527 cari-

276 556 391 596 tate
422 554 734 605 dissiliunt,
766 553 1010 606 quamvis
1041 569 1097 595 ea
1126 555 1352 596 credunt
1384 569 1517 608 quae
1547 556 1836 609 credimus,

275 628 322 666 ut
358 625 541 678 August.
581 624 630 666 de
668 624 772 667 Fide
811 627 853 666 et
882 625 1084 679 Symbolo
1113 627 1228 667 recte
1256 626 1466 678 loquitur3
1497 627 1576 668 etsi
1605 630 1647 668 et
1675 627 1757 670 hoc
1787 643 1837 670 ex

276 696 464 739 Thomae
501 697 538 738 2.
578 699 700 749 parte
738 697 919 738 secunda
957 697 1205 748 addendum,
1237 697 1583 739 scismaticos
1612 700 1838 752 proprie

277 768 384 810 dici
424 768 512 821 qui
552 783 610 810 ex
639 768 955 810 intentione
985 769 1100 810 sine
1128 768 1325 810 idonea
1356 783 1538 822 causa,
1570 771 1631 811 ab
1661 770 1838 813 Eccle-

276 839 389 881 siae
418 840 635 881 unitate
664 854 717 881 66
746 839 1012 881 dividunt.

328 910 456 952 XLII.
497 910 724 960 Quaeritur
752 910 834 963 hic,
865 926 919 952 an
948 926 1043 953 cum
1070 910 1261 954 Ecclesia
1290 912 1503 954 haeretica
1533 915 1574 955 et
1603 913 1840 956 scismatica

274 983 400 1024 liceat
439 981 679 1023 Christiano
715 982 1055 1024 communionem
1084 982 1253 1025 colere?
1282 982 1617 1037 Respondemus,
1648 999 1743 1026 cum
1775 1000 1840 1027 er-

274 1056 397 1097 rante
424 1053 469 1095 in
495 1054 577 1096 fide
601 1056 643 1096 et
665 1054 855 1096 moribus
881 1054 1220 1096 communionem
1245 1054 1478 1107 colendam,
1505 1058 1546 1097 et
1571 1055 1687 1097 omni
1712 1056 1838 1098 modo

277 1140 451 1179 operam
493 1125 675 1167 dandam
715 1128 764 1167 ut
805 1126 858 1167 ab
897 1140 1038 1167 errore
1077 1129 1119 1168 et
1148 1127 1345 1168 scismate
1374 1129 1609 1179 revocetur,
1640 1128 1839 1180 quemad-

275 1197 450 1239 modum
492 1213 516 1238 a
558 1196 728 1239 Christo
772 1199 813 1239 et
849 1197 1073 1250 Apostolis
1111 1198 1269 1251 passim
1306 1198 1467 1240 factum
1504 1198 1705 1241 videmus.
1736 1199 1841 1241 Cum

275 1270 451 1323 proprie
481 1269 593 1311 dicta
621 1272 766 1310 tamen
794 1269 1007 1311 haeretica
1036 1272 1077 1311 et
1101 1269 1352 1321 scismatica,
1378 1285 1508 1323 quum
1535 1286 1583 1312 ea
1608 1271 1694 1313 sint
1711 1286 1840 1325 opera

276 1342 425 1393 carnis,
452 1341 793 1383 communionem
818 1340 1103 1383 Christianam
1125 1342 1375 1383 servandam
1398 1357 1617 1395 negamus,
1644 1358 1696 1384 ex
1718 1358 1841 1397 prae-

275 1415 437 1466 scripto
478 1413 649 1465 Christi,
689 1412 813 1454 Matt.
851 1414 887 1465 7,
928 1413 989 1455 15,
1029 1415 1157 1465 atque
1196 1413 1409 1466 Apostoli,
1448 1413 1571 1456 Rom.
1614 1415 1676 1467 16,
1709 1415 1769 1457 17.
1800 1417 1841 1457 61

275 1485 358 1528 Τ11.
388 1486 425 1537 3,
457 1485 519 1527 10.
550 1486 592 1526 61
620 1485 644 1524 2
674 1483 773 1525 Joh.
803 1485 840 1525 9.
871 1485 948 1525 616.

328 1555 484 1599 XLIII.
526 1555 684 1597 Puram
726 1554 963 1597 Ecclesiam
1003 1569 1217 1607 vocamus,
1256 1569 1363 1607 quae
1403 1557 1444 1596 et
1480 1555 1841 1609 praedicationem

274 1629 405 1681 verbi,
445 1630 487 1670 et
526 1627 835 1670 confessionem
863 1627 962 1669 fidei
989 1627 1120 1669 habet
1148 1642 1300 1680 puram
1331 1630 1459 1681 atque
1486 1628 1712 1682 integram.
1743 1628 1839 1671 Etsi

276 1701 388 1743 enim
425 1700 543 1742 nulla
580 1699 771 1742 Ecclesia
799 1699 844 1740 in
872 1699 998 1741 terris
1027 1699 1095 1751 sit,
1125 1714 1233 1752 quae
1260 1700 1322 1740 ita
1350 1714 1458 1752 pura
1487 1700 1542 1741 sit
1571 1702 1699 1753 atque
1729 1701 1839 1743 11116-

278 1787 367 1826 gra,
397 1773 444 1813 ut
472 1771 580 1813 nihil
608 1771 653 1812 in
683 1786 730 1813 ea
759 1771 826 1812 vel
853 1770 898 1812 in
922 1771 1002 1812 fide
1026 1771 1091 1812 vel
1117 1770 1306 1812 moribus
1334 1772 1471 1824 possit
1499 1772 1672 1825 requiri,
1696 1775 1840 1814 tamen

277 1860 301 1886 a
329 1843 679 1898 praedominante
709 1842 925 1884 doctrinae
954 1844 1077 1896 parte
1105 1842 1175 1884 hic
1204 1842 1558 1885 denominandam
1585 1859 1674 1886 esse
1699 1859 1839 1886 cense-

276 1931 370 1959 mus
396 1931 491 1958 cum
514 1915 740 1969 Apostolo,
765 1915 875 1956 Phil.
901 1916 938 1967 3,
965 1915 1027 1956 15.
1054 1914 1338 1967 Quotquot
1366 1916 1609 1968 perfecti
1638 1931 1838 1968 sumus,

276 1988 376 2031 hoc
416 1988 749 2039 sentiamus,
795 1987 933 2039 quod
975 1987 1019 2027 si
1063 1986 1194 2039 quid
1236 1986 1403 2027 aliter
1448 1986 1699 2038 sentitis,
1739 1987 1839 2029 hoc

278 2074 492 2113 quoque
540 2059 683 2101 Deus
730 2058 892 2100 vobis
939 2057 1233 2099 revelabit:
1283 2059 1525 2099 attamen
1570 2058 1624 2099 in
1673 2073 1730 2100 eo
1776 2059 1839 2100 ad

277 2132 416 2186 quod
453 2131 823 2186 pervenimus,
862 2130 1043 2172 eadem
1080 2129 1392 2172 incedamus
1430 2129 1641 2182 regula,
1672 2131 1721 2171 et
1750 2129 1839 2172 iti-

277 2204 395 2246 dum
423 2204 590 2245 simus
620 2202 828 2244 affecti.

329 2273 480 2316 XLIV.
510 2274 577 2316 Ex
604 2274 656 2315 iis
687 2288 794 2326 quae
824 2275 949 2316 antea
978 2273 1189 2327 explicata
1213 2276 1323 2326 sunt,
1350 2273 1452 2315 satis
1477 2275 1657 2327 apparet
1681 2272 1837 2315 solutio

275 2346 328 2388 ad
367 2345 660 2399 quaestionem
698 2345 810 2387 inter
848 2345 1099 2387 Pontificios
1129 2347 1171 2386 61
1208 2360 1285 2387 1166
1316 2346 1644 2396 controversam,
1675 2359 1729 2385 an
1758 2344 1838 2386 sci-

274 2417 374 2460 licet
411 2417 601 2459 Ecclesia
639 2431 777 2458 errare
817 2430 864 2457 ac
902 2416 1079 2457 deficere
1118 2416 1285 2470 possit?
1322 2415 1512 2458 Ecclesia
1543 2416 1655 2457 enim
1683 2415 1838 2456 electo-

275 2504 370 2531 rum
399 2491 440 2531 et
467 2488 706 2539 invisibilis,
737 2487 816 2529 etsi
840 2487 883 2529 in
909 2488 1339 2529 circumstantialibus
1365 2502 1503 2529 errare
1528 2486 1678 2540 possit,
1694 2488 1838 2529 tamen

277 2575 369 2602 eam
409 2575 432 2601 a
468 2560 550 2602 fide
578 2574 797 2612 nunquam
826 2559 1003 2602 deficere
1031 2574 1155 2613 posse
1186 2559 1404 2611 credimus,
1436 2559 1535 2611 quia
1563 2559 1598 2600 61
1627 2558 1836 2611 deficeret,

276 2632 468 2674 Ecclesia
505 2631 664 2673 Christi
703 2646 793 2673 esse
832 2631 1061 2682 desineret3
1089 2630 1303 2672 visibilem
1330 2644 1430 2672 vero
1459 2630 1694 2672 Ecclesiam
1724 2629 1837 2683 quod

278 2705 445 2758 attinet,
481 2705 565 2759 ipsi
602 2703 820 2746 Pontificii
856 2703 1078 2745 nobiscum
1108 2705 1357 2756 agnoscunt,
1387 2703 1664 2756 particulares
1693 2702 1837 2745 Eccle-

277 2777 359 2819 sias
397 2776 572 2818 deficere
610 2790 747 2830 posse,
788 2775 868 2817 etsi
896 2789 1017 2816 suam
1044 2774 1283 2817 Romanam
1313 2774 1402 2816 sine
1432 2774 1516 2816 ulla
1543 2773 1709 2816 ratione
1737 2773 1837 2815 hinc

278 2850 471 2904 excipere
509 2850 733 2898 conentur3
774 2849 815 2889 et
851 2846 1057 2901 plurimas
1095 2861 1194 2888 sane
1232 2846 1441 2889 Ecclesias
1479 2845 1679 2887 defecisse
1710 2859 1836 2898 expe-

277 2920 430 2962 rientia
473 2922 514 2962 et
557 2919 777 2973 Scriptura
813 2920 1007 2961 testetur.
1046 2917 1256 2960 Universa
1293 2932 1393 2959 vero
1421 2915 1601 2959 visibilis
1629 2915 1834 2967 Ecclesia,

279 2991 356 3033 etsi
397 2992 441 3033 in
482 3006 661 3046 magnas
699 2990 917 3044 angustias
955 2989 1100 3043 redigi,
1129 2989 1279 3043 possit,
1319 2991 1360 3030 et
1397 2989 1449 3031 ad
1476 2990 1658 3041 tempus,
1688 2986 1833 3028 mundi
