1931 3224
533 74 597 116 DE
625 74 760 117 mes
789 72 934 116 CANoN.
962 88 1009 114 m·
1036 72 1187 115 Apoca.
1587 75 1638 115 27

80 200 192 254 plius
219 214 305 241 non
333 199 416 240 fuit
443 198 757 252 Prophetarum
785 198 973 251 διαδοχή,
1002 197 1302 250 Successio,
1330 197 1470 239 Rom.
1497 198 1559 249 16,
1576 199 1640 239 26.

80 270 300 324 Joseph.
340 273 528 311 contra
563 269 695 323 App.
734 270 771 310 2.
812 269 934 319 Quod
972 270 1016 311 in
1054 268 1179 320 Arca,
1218 271 1266 309 ut
1302 268 1473 310 tabulae
1502 268 1638 321 Legis,

80 356 218 394 neque
237 342 361 394 juxta
385 340 553 393 Arcam,
578 343 627 381 ut
649 340 749 382 libri
771 340 916 392 Mosis,
933 340 1105 381 fuerunt
1119 340 1320 392 reposita,
1337 339 1506 381 Deute
1519 355 1549 381 r.
1575 340 1639 381 31.

81 412 274 465 Epiph.
310 412 369 453 de
406 411 564 453 Mens.
604 414 654 453 et
689 412 842 465 pond.
872 412 909 452 3.
941 411 1063 460 Quod
1089 410 1255 464 Lingua
1283 411 1414 462 Hebr,
1446 426 1531 452 non
1556 411 1641 452 sint

81 484 253 537 scripta,
284 485 358 524 aut
385 483 430 523 in
461 498 508 524 ea
533 485 793 534 conservata,
818 498 955 535 neque
979 482 1032 524 ab
1055 482 1248 524 Ecclesia
1271 481 1461 533 Judaica,
1488 482 1641 534 quibus

82 555 224 596 divina
261 553 445 596 Oracula
483 554 723 596 concredita
759 554 939 606 fuerant,
978 569 1167 606 unquam
1203 568 1282 607 pro
1323 554 1528 606 ejusmodi
1557 554 1643 595 sint

81 627 241 680 agnita,
279 625 307 667 J
319 625 498 679 oseph.
538 626 664 666 ibid.
703 626 740 666 4.
778 624 929 677 Neque
968 625 1097 667 etiam
1133 641 1157 666 a
1196 624 1379 677 Christo,
1418 625 1642 678 Apostolis

82 702 124 741 et
160 698 301 752 prisca
331 697 572 738 Christiana
600 696 816 745 Ecclesia3
848 697 920 737 sed
950 711 1028 749 pro
1059 697 1307 737 adulterinis
1338 696 1499 745 habita,
1530 695 1642 737 Am-

81 769 400 824 philochius
431 768 567 823 apud
591 767 822 808 Balsam.
852 766 1106 808 NazianZ.
1139 768 1277 820 apud
1302 768 1543 819 eundem,
1562 770 1643 809 eta

81 843 254 896 postera
296 840 500 892 Ecclesia,
543 854 628 881 non
672 839 762 880 sine
800 854 956 892 magna
992 840 1198 881 varietate
1241 842 1283 881 et
1323 839 1642 892 disceptatione,

80 913 349 965 aliquatenus
387 911 581 962 admissa,
613 913 729 964 puta,
762 913 809 951 ut
838 911 1149 963 Ecclesiastica,
1182 911 1303 965 Syn.
1335 911 1578 964 Carthag
1606 912 1642 952 3.

82 985 210 1037 Aug.
250 983 308 1024 de
347 983 482 1024 doct.
523 982 722 1023 Christ.
754 982 987 1023 Rufinus
1019 983 1079 1023 ad
1109 982 1279 1035 Symb.
1309 983 1346 1024 5.
1378 982 1500 1031 Quod
1528 982 1645 1023 deni-

83 1070 164 1108 que
202 1054 396 1106 absurda,
434 1054 628 1095 fabulosa
666 1053 956 1107 complurima,
996 1055 1038 1094 et
1075 1053 1214 1095 Sacris
1253 1053 1406 1095 Literis
1434 1068 1520 1094 non
1550 1068 1645 1094 con-

83 1127 322 1179 sentientia,
362 1126 620 1178 contineant,
662 1140 769 1178 quae
806 1125 932 1166 nimis
969 1125 1147 1178 longum
1186 1127 1296 1166 esset
1332 1125 1414 1166 hoc
1451 1125 1544 1167 loco
1579 1140 1645 1167 re-

84 1213 264 1241 censere.

136 1270 334 1313 XXXIX.
375 1270 457 1320 Qui
496 1272 717 1323 praeterea
746 1269 845 1310 libri
881 1268 1192 1323 Apostolorum
1230 1272 1303 1310 aut
1332 1284 1478 1310 eorum
1507 1268 1645 1310 Disci-

85 1343 282 1397 pulorum
310 1343 484 1384 nomina
513 1357 616 1396 prae
646 1357 689 1383 se
718 1342 872 1393 ferunt,
904 1356 975 1382 eos
1006 1343 1053 1382 ut
1084 1340 1357 1393 ψευδωνύμως
1386 1340 1497 1382 inter
1527 1340 1646 1393 Apo-

84 1413 281 1469 cryphos,
321 1414 538 1466 habemus,
570 1414 762 1466 quamvis
791 1428 877 1454 non
907 1413 1094 1465 ejusdem
1124 1413 1210 1453 sint
1240 1411 1412 1453 ordinis.
1442 1411 1646 1464 Antiquis

83 1485 265 1527 multum
303 1485 502 1526 celebrati
530 1487 639 1536 sunt,
670 1483 796 1525 Liber
824 1484 1028 1535 Pastoris,
1061 1483 1134 1536 qui
1161 1482 1357 1524 Hermeti
1384 1483 1643 1535 inscribitur,

83 1560 228 1599 tantae
268 1556 369 1598 olim
403 1557 447 1597 in
478 1556 731 1609 quibusdam
760 1555 948 1597 Orientis
979 1555 1183 1597 Ecclesiis
1213 1554 1494 1607 auctoritatis,
1526 1557 1573 1596 ut
1601 1555 1646 1596 in

50 1660 56 1666 .
83 1631 136 1671 iis
164 1628 334 1683 publice
362 1628 587 1681 legeretur,
617 1627 735 1669 Eus.
766 1626 872 1668 Lib.
903 1628 939 1679 3,
972 1642 1004 1668 c.
1033 1628 1069 1668 3.
1102 1629 1197 1668 etc.
1228 1642 1261 1668 c.
1292 1627 1355 1667 32.
1387 1629 1482 1668 etc.
1507 1626 1645 1668 Hier.

84 1702 138 1743 in
166 1699 308 1742 Prol.
335 1699 575 1741 Galeato.
601 1698 708 1740 ltem
733 1698 933 1752 Epistola
959 1698 1193 1749 Barnabae,
1222 1700 1263 1739 et
1289 1697 1516 1740 Clementis
1543 1698 1647 1739 duae

86 1771 219 1823 Iren,
259 1771 366 1813 Lib.
405 1772 442 1812 3.
481 1786 513 1812 c.
553 1772 589 1812 3.
629 1770 786 1823 aliique
816 1770 914 1811 libri
942 1770 1148 1812 nonnulli.
1178 1769 1350 1822 Reliqui
1377 1770 1503 1823 plane
1533 1769 1647 1810 abdi-

87 1844 172 1885 cati
208 1842 391 1894 fuerunt,
429 1844 476 1883 ut
514 1847 583 1890 τῆς
625 1844 860 1895 οὶποκρυφῆς
893 1842 1050 1894 potius,
1083 1856 1211 1893 quam
1236 1842 1496 1892 ἀναγνώσεως
1532 1840 1646 1890 ἄξιοι,

88 1914 374 1957 occultatione
399 1914 556 1967 potius,
583 1928 710 1966 quam
734 1912 916 1954 lectione
943 1912 1073 1965 digni,
1099 1915 1147 1953 ut
1171 1913 1362 1965 loquitur
1385 1912 1648 1954 Athanasius

84 1986 131 2027 in
160 1985 358 2039 Synopsi.

140 2056 227 2099 XL.
258 2056 474 2106 Quantum
502 2071 602 2097 Vero
632 2054 753 2097 Fidei
783 2070 831 2096 ac
860 2054 961 2108 Spei
991 2054 1242 2108 Symbolum
1270 2054 1436 2106 attinet,
1468 2069 1492 2094 a
1519 2053 1649 2095 Vete—

87 2128 205 2170 ribus
234 2128 364 2169 etiam
392 2126 530 2179 Fides,
561 2129 602 2169 et
633 2126 757 2168 Fides
787 2126 1029 2176 Catholica3
1060 2126 1301 2179 Expositio,
1332 2125 1550 2167 Confessio
1576 2140 1649 2167 seu

87 2199 325 2248 Professi03
363 2197 531 2252 Regula
561 2197 822 2251 Normaque,
852 2197 1048 2249 Articuli,
1080 2200 1208 2250 atque
1239 2196 1390 2250 Capita
1417 2196 1537 2238 Fidei
1564 2196 1650 2238 Ve-

90 2270 337 2322 ritatisque3
369 2270 486 2324 Syn.
512 2269 665 2311 Laod.
691 2285 724 2311 0.
748 2270 821 2311 46.
849 2272 898 2311 et
922 2268 1057 2311 Iren.
1083 2269 1190 2311 Lib.
1217 2270 1252 2310 1.
1279 2284 1312 2310 c.
1339 2270 1374 2310 1.
1393 2268 1648 2310 et2.Tert.

90 2342 149 2383 de
173 2341 307 2383 Prae
323 2342 511 2395 script.
539 2344 589 2383 et
615 2344 805 2383 contra
829 2341 1102 2383 Praxeam.
1126 2340 1269 2382 Hier.
1292 2339 1649 2381 adPaumacli.

90 2412 316 2466 August.
347 2413 504 2455 Serui.
536 2414 593 2455 de
623 2413 796 2466 Temp.
824 2414 894 2455 19.
921 2416 971 2455 et
996 2413 1054 2455 de
1079 2413 1209 2455 Fide
1234 2415 1284 2454 et
1309 2412 1480 2466 Symb.
1506 2412 1648 2453 Amb.

91 2485 152 2527 ad
189 2486 344 2539 epist.
384 2485 446 2526 81.
487 2488 528 2526 et
566 2485 878 2539 Apostolorum
916 2486 1177 2540 Symbolum,
1219 2484 1492 2538 appellatum,
1524 2483 1648 2535 quod,

92 2560 220 2602 etiarn
258 2561 356 2601 ante
395 2559 613 2612 Synodum
650 2558 896 2612 Nicaenam,
926 2561 971 2601 111
1000 2559 1202 2601 Ecclesiis
1232 2559 1333 2600 alibi
1364 2557 1564 2610 (maxime
1596 2557 1649 2598 ob

89 2632 300 2675 Haereses
329 2630 522 2683 obortas)
552 2646 638 2672 non
669 2632 839 2684 quidem
868 2647 925 2683 re,
957 2632 1029 2673 sed
1057 2631 1197 2673 verbis
1225 2630 1421 2672 nonnihil
1448 2630 1649 2680 variavit3

90 2705 135 2746 in
173 2704 368 2746 Occiduis
403 2707 546 2746 autem
572 2706 873 2746 intemeratum
902 2706 1116 2746 servatum
1143 2703 1236 2744 fuit.
1267 2702 1409 2755 Atque
1436 2701 1650 2755 Symbo-

90 2775 196 2817 lum
225 2776 406 2829 quidem,
436 2776 479 2817 id
508 2778 583 2827 est,
615 2775 797 2818 Collatio
826 2776 892 2817 vel
920 2774 1038 2817 Nota
1063 2775 1235 2823 dicitur3
1263 2774 1363 2826 quia
1386 2774 1431 2815 in
1456 2788 1517 2825 eo,
1542 2773 1651 2815 mira

92 2847 368 2900 simplicitate
399 2849 440 2888 et
468 2847 689 2898 brevitate,
721 2847 896 2889 collatio
927 2847 1207 2898 collectioque
1234 2844 1354 2886 Fidei
1384 2844 1650 2886 Christianae

90 2917 205 2959 facta
242 2918 319 2968 sit3
359 2918 641 2970 omnibusque
678 2916 896 2959 Fidelibus
934 2932 1012 2970 pro
1052 2919 1167 2967 nota,
1206 2916 1377 2968 indicio,
1407 2918 1650 2967 tesseraque
