1931 3224
251 143 329 184 282
818 141 1058 183 DISPUTATIO
1085 139 1241 183 XXIX.

250 281 357 320 quae
395 268 458 307 est
487 267 614 319 plena
644 269 685 308 et
714 265 951 317 adaequata
978 264 1227 317 persolutio.
1258 263 1350 313 Quo
1381 278 1506 306 sensu
1533 264 1604 308 hio
1631 281 1655 308 a
1683 267 1806 309 nobis

249 337 469 390 accipitur.

302 407 377 450 ΠΙ.
416 407 534 450 Haec
569 423 698 462 porro
733 422 815 449 Vox
843 406 977 448 relata
1006 406 1058 447 ad
1088 406 1277 447 debitum
1305 408 1500 448 nostrum
1528 421 1629 461 erga
1656 407 1806 461 Deum,

250 494 334 532 quo
374 480 614 532 obligamur
651 479 702 520 ad
740 477 931 519 debitum
954 477 1149 530 justitiae
1177 492 1249 518 seu
1279 477 1545 520 obedientiae
1574 479 1662 531 ejus
1688 494 1809 532 prae-

250 551 459 603 standum,
497 550 562 591 vel
600 550 652 591 ad
691 549 879 591 debitum
916 563 1090 601 poenae,
1123 548 1209 590 sive
1238 563 1312 602 per
1342 564 1432 601 nos,
1463 550 1549 591 sive
1576 565 1651 604 per
1679 550 1808 592 alium

248 622 477 674 ferendum,
516 624 569 673 et,
609 622 644 662 si
681 621 774 662 fieri
812 622 967 674 potest,
1006 620 1350 673 exhauriendum,
1391 620 1436 662 in
1473 619 1695 674 Scriptura
1722 636 1809 663 non

250 693 452 744 occurrit3
479 692 550 734 sed
576 691 912 744 aequipollentes
938 691 1086 733 obviae
1111 693 1221 743 sunt,
1238 693 1286 732 ut
1303 691 1502 744 λύτρωσις,
1522 692 1806 745 ἀπολύτρωσις,

248 763 576 816 redemptio,
614 762 948 816 persolutio,
989 764 1117 815 atque
1157 762 1328 814 similes,
1367 777 1474 816 quae
1513 762 1682 805 Christo
1711 763 1808 805 vadi

247 850 295 876 ac
324 834 521 888 sponsori
548 836 694 876 nostro
723 834 982 876 tribuuntur.

299 906 373 948 IV.
398 906 478 948 Est
503 908 646 947 autem
675 904 1029 953 Satisfactio,
1055 904 1213 947 Christi
1243 904 1520 959 θεκνθρώπσυ,
1549 906 1593 949 id
1623 909 1697 959 est,
1727 906 1808 949 Dei

247 979 287 1019 et
323 977 508 1018 hominis
546 978 670 1029 actio,
707 992 789 1030 qua
817 977 853 1018 is
883 992 934 1018 ex
964 976 1120 1029 divino,
1149 977 1354 1019 benevolo
1386 992 1435 1019 ac
1468 978 1586 1030 justo
1626 978 1807 1030 decreto,

245 1064 323 1102 pro
362 1063 437 1089 sua
474 1063 576 1102 erga
613 1048 785 1090 Patrem
823 1048 1077 1100 obedientia,
1117 1050 1158 1090 et
1188 1063 1288 1102 erga
1318 1048 1511 1091 homines
1543 1049 1734 1102 caritate,
1764 1064 1808 1091 se

244 1120 385 1173 ipsum
420 1120 534 1162 ultro
574 1134 621 1161 ac
660 1122 813 1173 sponte
850 1120 999 1161 vadem
1038 1122 1079 1162 et
1109 1135 1359 1173 sponsorem
1386 1135 1464 1174 pro
1495 1121 1629 1173 nobis,
1659 1122 1807 1162 nostro

245 1191 405 1234 scilicet
433 1192 527 1233 loco
558 1194 599 1233 et
627 1191 752 1243 bono,
783 1190 949 1242 sistens,
981 1206 1059 1244 pro
1089 1191 1212 1232 nobis
1242 1206 1401 1244 poenas
1432 1206 1578 1233 omnes
1606 1191 1686 1233 luit
1709 1207 1808 1246 pec-

246 1263 350 1305 catis
380 1264 538 1305 nostris
568 1262 744 1315 debitas,
777 1277 931 1314 easque
958 1261 1209 1316 perferendo
1241 1265 1282 1304 et
1312 1262 1611 1315 exhauriendo,
1643 1262 1808 1304 divinae

238 1335 433 1388 justitiae
471 1334 689 1385 satisfecit,
724 1334 962 1387 meritoque
992 1349 1066 1375 suo
1096 1349 1172 1375 nos
1203 1334 1255 1375 ab
1285 1334 1360 1385 ira,
1390 1335 1686 1376 maledictione
1714 1334 1807 1387 Dei,

244 1421 293 1448 ac
324 1408 462 1448 morte
497 1408 670 1447 aeterna
703 1405 913 1457 liberavit,
938 1405 1153 1458 justitiam
1183 1420 1231 1446 ac
1259 1405 1391 1447 vitam
1419 1408 1635 1447 aeternam
1665 1407 1809 1460 acqui-

244 1477 356 1529 sivit,
395 1477 448 1519 ad
475 1477 669 1529 justitiae
699 1476 1097 1529 misericordiaeque
1127 1476 1207 1518 Dei
1237 1477 1568 1519 declarationem
1595 1480 1808 1520 nostram-

244 1563 326 1601 que
354 1548 545 1590 salutem.

302 1619 348 1662 V.
387 1620 559 1662 Causa
598 1619 857 1662 efficiens
895 1620 983 1673 ejus
1012 1635 1040 1673 p
1053 1619 1204 1671 rima,
1237 1622 1300 1661 est
1328 1619 1444 1662 Deus
1472 1615 1705 1674 voluntate,
1734 1621 1808 1663 be-

242 1691 455 1745 neplacito
496 1694 538 1733 et
573 1691 741 1733 decreto
779 1706 869 1744 suo,
896 1706 991 1732 cum
1023 1692 1152 1744 justo,
1183 1693 1276 1732 tum
1304 1691 1532 1743 benevolo;
1562 1691 1606 1733 id
1631 1693 1807 1745 justum,

243 1764 357 1816 quod
385 1763 720 1805 satisfactionem
748 1763 840 1805 fieri
867 1762 1070 1815 voluerit3
1101 1763 1342 1805 misericors
1373 1763 1486 1816 quod
1509 1763 1668 1816 taliter,
1692 1764 1807 1806 vide-

241 1836 353 1887 licet,
392 1850 487 1877 cum
523 1835 566 1877 id
604 1851 627 1876 a
664 1835 786 1877 nobis
821 1835 991 1888 exigere
1015 1835 1110 1888 jure
1139 1835 1361 1888 potuisset,
1392 1834 1549 1875 Filium
1579 1835 1616 1876 ei
1645 1836 1707 1877 rei
1736 1836 1806 1878 de-

242 1906 412 1948 stinarit
451 1909 492 1947 et
531 1906 704 1958 dederit,
738 1906 836 1948 Esa.
865 1907 928 1958 53,
960 1907 1023 1947 10.
1061 1905 1257 1948 Voluit
1295 1905 1437 1947 Deus
1471 1907 1806 1949 contundere

242 1979 439 2032 ipsum,
479 1981 529 2020 et
566 1978 802 2031 impegit
838 1978 891 2019 in
933 1993 1045 2020 eum
1084 1978 1316 2020 omnium
1348 1980 1662 2020 nostrorum
1690 1993 1805 2031 pec-

243 2053 382 2102 cata,
414 2052 455 2091 et
483 2065 589 2092 vers.
622 2050 683 2091 14.
714 2049 970 2091 afflictus
1001 2051 1051 2091 et
1079 2064 1374 2102 percussus
1399 2048 1498 2090 Dei
1522 2049 1805 2092 dicitur.Jol1.

241 2123 279 2173 3,
312 2123 373 2164 16.
413 2124 454 2163 et
482 2121 605 2163 Rom.
635 2121 671 2174 8,
701 2121 764 2162 32.
793 2120 934 2161 Deus
962 2120 1192 2174 proprio
1221 2120 1368 2162 Filio
1398 2135 1501 2162 non
1528 2121 1804 2175 pepercit,

243 2192 331 2234 sed
368 2207 464 2246 pro
503 2193 661 2234 nobis
701 2192 948 2234 omnibus
986 2192 1223 2233 tradidit
1261 2206 1385 2234 eum.
1420 2193 1444 2233 2
1475 2191 1568 2233 Cor.
1597 2192 1633 2233 5.
1663 2191 1805 2233 Deus

244 2266 361 2306 erat
397 2264 450 2305 in
481 2263 701 2305 Christo
730 2263 1102 2305 reconcilians
1133 2263 1240 2305 sibi
1268 2264 1534 2317 mundum,
1565 2265 1643 2305 etc.
1670 2263 1805 2305 fecit

243 2350 355 2377 eum
384 2350 478 2388 pro
508 2335 664 2377 nobis
693 2336 987 2388 peccatum.

296 2405 369 2448 VI.
409 2405 580 2449 Causa
618 2406 873 2448 efficiens
912 2406 1185 2460 proxima,
1224 2408 1288 2448 est
1320 2405 1413 2460 ipse
1443 2405 1647 2458 Christus,
1679 2405 1803 2448 θεοίν-

243 2478 411 2532 3ρωπος,
443 2477 524 2520 Dei
553 2480 595 2520 et
622 2478 807 2520 hominis
835 2477 981 2530 Filius,
1013 2478 1203 2531 adeoque
1233 2477 1348 2519 Deus
1378 2480 1419 2519 et
1448 2477 1591 2530 homo,
1617 2480 1658 2520 et
1683 2492 1804 2520 0000-

241 2550 408 2592 nomiae
437 2551 659 2603 mediator,
691 2551 763 2604 qui
791 2551 917 2602 solus,
948 2550 1027 2593 hac
1056 2565 1264 2604 personae
1289 2549 1606 2602 constitutione,
1633 2564 1804 2602 compa-

241 2626 358 2665 ratus
403 2626 444 2665 et
484 2623 660 2665 idoneus
702 2623 785 2664 fuit
828 2623 880 2664 ad
915 2622 998 2664 hoc
1036 2623 1178 2675 ipsum
1205 2621 1519 2676 praestandum,
1550 2620 1639 2663 Gal.
1670 2621 1707 2672 2,
1739 2621 1802 2663 20.

243 2693 496 2737 Christus
548 2695 699 2737 dedit
749 2709 865 2736 sese
917 2709 1012 2748 pro
1055 2694 1235 2746 nobis,
1280 2696 1321 2735 et
1363 2693 1533 2746 quidem
1575 2692 1804 2734 secundum

243 2769 464 2819 utramque
502 2769 712 2818 naturam,
749 2780 1005 2818 unaquaque
1033 2765 1103 2807 hic
1131 2767 1285 2819 agente
1315 2764 1428 2818 quod
1456 2778 1590 2815 suum,
1618 2763 1805 2805 humana

244 2852 350 2891 quae
388 2840 485 2879 sunt
521 2837 720 2890 hominis,
751 2837 905 2889 divina,
936 2852 1043 2890 quae
1073 2836 1166 2889 Dei,
1199 2839 1240 2878 et
1268 2851 1353 2878 una
1382 2851 1477 2878 cum
1507 2835 1802 2877 communione

243 2909 429 2960 alterius,
458 2909 519 2950 ita
548 2911 596 2949 ut
621 2909 747 2950 salvis
777 2908 1001 2961 utriusque
1030 2910 1207 2950 naturae
1235 2906 1584 2961 proprietatibus,
1614 2922 1699 2948 una
1727 2904 1803 2949 na·-

242 2981 339 3023 tura
377 2994 471 3020 cum
510 2979 642 3021 altera
679 2979 940 3022 concurrerit
969 2979 1021 3021 ad
1048 2979 1160 3020 idem
1190 2978 1464 3031 obedientiae,
1494 2978 1648 3031 meriti,
1680 2979 1802 3020 satis—
