1931 3224
229 132 308 173 302
799 135 1041 178 DISPUTATIO
1070 135 1224 177 XXXI.

229 256 528 310 distinguimus
563 260 611 299 ut
650 259 856 301 diversam
894 261 1079 313 speciem
1115 261 1290 314 proprie
1319 261 1563 314 constituat,
1593 262 1666 303 sed
1695 262 1786 315 ejus

229 328 335 370 duos
373 329 494 381 quasi
530 330 685 382 gradus
723 331 789 372 vel
827 333 945 372 actus
982 331 1172 373 facimus.
1207 330 1310 373 Cum
1339 333 1451 373 enim
1479 332 1685 374 historica
1712 333 1788 375 illa

228 399 343 452 fides,
375 414 501 453 quam
529 399 909 455 Dogmaticam
938 402 1012 443 alii
1040 402 1274 456 appellant,
1304 403 1358 445 sit
1386 403 1557 445 habitus
1584 419 1668 457 quo
1694 405 1788 457 quis

230 471 362 512 credit
398 486 498 513 vera
538 486 626 513 esse
665 473 807 513 onmia
845 487 869 513 a
899 472 991 515 Deo
1019 474 1229 525 revelata3
1258 474 1324 516 vel
1351 475 1396 516 in
1426 489 1474 516 eo
1504 475 1710 528 subsistit,
1741 478 1789 517 ut

229 542 279 584 de
315 543 495 585 veritate
524 543 585 584 rei
613 558 839 596 persuasus
869 544 924 585 sit
953 545 1138 597 credens,
1170 545 1259 588 sine
1288 545 1375 587 ullo
1404 546 1599 588 interiori
1622 546 1788 598 affectu,

228 613 294 655 vel
322 614 367 655 in
395 616 664 667 revelantem,
694 616 760 657 vel
786 616 830 657 in
859 631 948 658 rem
975 617 1227 667 revelatam3
1258 620 1299 659 et
1326 617 1396 659 hic
1420 620 1483 660 est
1506 618 1668 670 primus
1692 633 1789 671 gra-

228 686 304 727 dus
333 687 460 740 plane
491 687 770 739 theoreticus3
800 688 867 730 vel
891 688 1165 742 conjungitur
1192 689 1297 732 haec
1326 689 1493 731 theoria
1522 705 1617 732 cum
1644 690 1788 743 aliquo

228 772 353 799 sensu
389 760 430 799 et
464 761 603 811 gustu,
635 762 676 800 et
706 774 801 801 cum
830 760 998 812 gaudio,
1030 761 1205 813 ejusque
1234 761 1417 803 externis
1446 761 1593 814 signis,
1624 761 1789 814 quise-

229 829 387 871 cundus
417 832 481 871 est
511 830 678 883 gradus,
705 831 756 872 ad
784 831 931 873 Fidem
962 847 1070 885 quae
1100 832 1331 886 πρόσκοιιρσς
1363 832 1529 885 dicitur,
1558 833 1789 887 pertinens.

227 900 286 942 Hi
330 901 412 942 duo
456 902 612 955 gradus
649 903 710 944 ita
746 904 858 945 111161·
896 918 938 945 se
978 904 1265 955 conferuntur,
1294 906 1342 945 ut
1370 905 1576 946 secundus
1604 904 1790 958 primum

228 974 454 1025 supponat,
479 988 565 1015 non
591 976 739 1016 contra
762 975 926 1028 primus
951 975 1191 1017 secundum.
1216 975 1479 1018 Historicam
1502 978 1644 1018 autem
1663 977 1789 1019 fidem

226 1058 313 1085 non
351 1044 631 1097 appellamus,
670 1047 784 1098 quod
812 1047 1077 1089 narrationes
1107 1049 1276 1089 tantum
1304 1063 1383 1101 pro
1414 1048 1580 1101 objecto
1610 1048 1788 1099 habeat;

229 1115 525 1168 complectitur
562 1117 674 1158 enim
710 1118 1011 1171 promissiones
1051 1119 1190 1171 etiam,
1230 1119 1381 1161 saltem
1418 1119 1480 1161 ita
1518 1122 1565 1161 111
1595 1120 1789 1162 credatur

229 1200 373 1227 earum
410 1187 565 1228 veritas
593 1187 635 1228 in
666 1203 709 1230 se
739 1191 781 1230 et
809 1190 1003 1242 potentia
1031 1190 1344 1243 promittentis;
1375 1191 1454 1232 etsi
1484 1192 1557 1244 qui
1586 1191 1788 1234 historice

227 1259 395 1299 tantum
434 1258 576 1311 credit,
617 1274 686 1301 eas
724 1260 804 1302 sibi
840 1276 925 1303 non
964 1262 1148 1315 applicet
1176 1261 1365 1314 firmiter,
1394 1277 1531 1316 neque
1561 1263 1611 1305 de
1640 1263 1788 1306 volun-

226 1331 316 1370 tate
345 1329 487 1371 divina
517 1345 618 1383 erga
646 1346 689 1373 se
720 1334 858 1373 certus
886 1333 952 1374 sit.

281 1399 355 1441 IV.
384 1400 508 1442 Fides
536 1401 924 1444 miraculorum
953 1403 1100 1456 (quam
1126 1404 1196 1446 alii
1220 1405 1364 1447 latiori
1391 1405 1638 1458 acceptione
1662 1406 1788 1448 fidem

228 1472 651 1524 promissionum
706 1474 1132 1527 particularium
1191 1477 1407 1530 appellare
1457 1477 1633 1529 malunt,
1690 1478 1789 1530 quia

228 1543 357 1584 etiam
385 1558 434 1584 ea
462 1543 544 1585 fide
568 1544 774 1586 credimus
799 1546 1076 1599 particulares
1101 1548 1402 1601 promissiones
1428 1549 1477 1591 de
1501 1548 1616 1590 bono
1644 1548 1788 1602 aliquo

226 1615 454 1668 temporali
492 1618 566 1657 aut
602 1616 815 1670 spirituali
855 1618 1050 1659 omnibus
1081 1619 1226 1661 electis
1253 1634 1339 1661 non
1369 1622 1593 1674 communi,
1625 1623 1666 1663 61
1695 1621 1790 1674 qui-

225 1684 405 1727 busdam
441 1701 527 1728 non
564 1687 708 1730 electis
747 1689 1091 1742 communicato‚)
1131 1692 1194 1732 est
1232 1705 1315 1743 qua
1351 1691 1530 1734 firmiter
1563 1692 1788 1734 statuimus

227 1758 474 1798 eventurum
504 1773 553 1800 ex
582 1758 663 1800 Dei
691 1760 897 1813 potentia,
930 1761 1043 1813 quod
1071 1761 1139 1802 vel
1166 1762 1422 1816 praedixerit
1451 1762 1577 1815 Deus,
1602 1763 1669 1805 vel
1691 1763 1787 1804 fieri

226 1827 419 1880 voluerit,
463 1829 550 1871 sive
594 1846 617 1871 a
658 1831 795 1883 nobis,
835 1831 922 1873 sive
959 1832 1004 1873 in
1042 1832 1201 1874 bonum
1233 1836 1428 1875 nostrum
1458 1834 1511 1876 ab
1541 1834 1648 1886 aliis,
1679 1849 1786 1887 quae

225 1913 311 1940 non
350 1899 401 1941 ad
429 1901 674 1943 universum
702 1901 783 1944 Dei
811 1903 1000 1954 verbum,
1028 1906 1077 1945 ut
1103 1904 1368 1957 praecedens,
1399 1919 1442 1946 se
1472 1904 1674 1957 extendit,
1711 1905 1784 1947 sed

226 1970 279 2011 ad
316 1972 573 2025 singularem
612 1976 825 2026 quandam
861 1976 1175 2018 revelationem.
1210 1975 1418 2028 Diximus,
1450 1976 1564 2029 quod
1591 1976 1684 2018 fieri
1711 1991 1786 2018 vo-

225 2040 353 2083 luerit
392 2043 478 2086 sive
517 2060 540 2086 a
578 2045 715 2097 nobis,
750 2046 836 2088 sive
864 2046 908 2088 in
937 2047 1098 2089 bonum
1125 2050 1320 2089 nostrum
1349 2047 1401 2089 ab
1432 2047 1537 2100 aliis,
1568 2048 1683 2101 quod
1713 2062 1784 2090 ex—

225 2115 408 2167 primere
458 2116 684 2158 voluerunt
736 2118 808 2170 qui
851 2118 1025 2160 eandem
1067 2118 1111 2159 in
1153 2118 1387 2160 activam
1430 2121 1471 2160 et
1513 2118 1786 2172 passivam

225 2186 523 2228 distinxerunt.
565 2187 764 2230 Activam
805 2189 1088 2243 appellarunt,
1130 2190 1345 2243 peculiare
1386 2189 1468 2231 Dei
1505 2190 1663 2232 donum
1701 2205 1785 2242 quo

226 2257 320 2310 quis
362 2258 494 2300 credit
532 2273 575 2300 se
613 2259 754 2301 divina
790 2261 986 2314 potentia
1023 2260 1183 2313 aliquid
1218 2260 1472 2302 miraculose
1512 2263 1786 2315 operaturum

223 2329 291 2370 vel
329 2329 433 2371 alias
474 2330 733 2372 effecturum.
772 2330 1003 2383 Passivam,
1044 2346 1127 2384 qua
1157 2332 1250 2385 quis
1279 2332 1430 2374 statuit
1458 2347 1502 2374 se
1530 2331 1786 2386 participem

223 2399 314 2442 fore
364 2401 667 2443 beneficiorum
717 2401 1009 2455 singularium,
1063 2418 1170 2456 quae
1211 2418 1287 2457 per
1328 2403 1545 2454 miracula,
1587 2405 1661 2444 aut
1701 2403 1784 2445 alio

223 2471 350 2513 modo
381 2487 431 2514 ex
465 2473 642 2526 speciali
669 2473 949 2526 promissione
977 2473 1058 2515 Dei
1088 2474 1354 2528 contingunt.
1384 2474 1641 2529 Exemplum
1668 2473 1784 2528 prio-

225 2542 282 2584 ris
311 2542 504 2596 habetur,
536 2545 556 2585 l
588 2543 680 2586 Cor.
710 2545 772 2597 13,
802 2546 838 2585 2.
869 2544 1118 2598 posterioris
1147 2544 1243 2587 Act.
1276 2546 1336 2598 14,
1367 2546 1403 2588 9.

277 2612 329 2655 V.
359 2613 490 2656 Recte
519 2617 661 2656 autem
688 2614 956 2668 Augustinus
984 2615 1052 2668 (de
1072 2615 1175 2658 Fide
1200 2619 1241 2659 et
1262 2631 1378 2670 oper.
1403 2617 1552 2670 c.14.):
1582 2616 1782 2659 Paulus

224 2699 323 2726 non
374 2685 677 2738 quamlibet
729 2685 891 2728 fidem
942 2701 1042 2740 qua
1084 2687 1136 2728 in
1178 2686 1343 2729 Deum
1385 2687 1650 2739 creditur,
1694 2687 1782 2728 sed

227 2770 334 2797 eam
373 2750 644 2799 SALUBREM
681 2757 954 2811 planeque
991 2757 1362 2800 EVANGELICAM
1391 2758 1672 2810 definivit,
1703 2773 1781 2800 cu-

220 2828 306 2880 jus
351 2843 513 2880 opera
557 2843 616 2870 ex
659 2828 963 2871 dilectione
1001 2829 1317 2882 procedunt.
1356 2828 1517 2871 Eadem
1555 2831 1618 2870 est
1654 2843 1782 2882 quam

225 2913 302 2940 nos
340 2898 760 2942 Justificantem
807 2903 849 2942 et
891 2899 1212 2942 Salvificam
1242 2900 1527 2954 appellamus3
1555 2914 1642 2942 non
1670 2900 1781 2944 enim

225 2969 291 3022 (ut
326 2970 370 3011 id
408 2970 546 3012 obiter
583 2970 788 3024 dicamus)
826 2971 1056 3025 probamus
1091 2986 1237 3014 eorum
1270 2971 1524 3014 sententiam
1555 2970 1627 3023 qui
1654 2970 1781 3012 aliam
