1931 3224
506 94 571 136 Dr.
599 93 641 136 S.
670 93 825 136 Scmr‘r.
853 93 998 136 PnRsp.
1026 109 1074 137 m·
1100 94 1283 138 INTERPR.
1635 101 1687 143 43

121 222 236 263 caret
265 220 303 261 ei
331 220 498 262 textum
523 219 645 261 illum
672 218 916 273 Prophetae
943 219 1098 263 Esaiae
1135 236 1261 274 quem
1297 222 1468 276 legebat
1497 227 1539 267 et
1567 240 1617 267 ex
1642 241 1686 268 se

121 306 208 333 non
249 291 352 333 satis
390 290 672 344 intelligebat,
706 291 780 333 sed
817 291 1076 345 explicatum
1104 292 1375 345 agnoscebat,
1406 298 1448 336 et
1475 310 1574 337 vera
1603 296 1685 339 fide

119 364 209 416 jam
250 362 444 416 agnitum
489 361 848 416 amplectebatur3
893 364 936 404 et
977 378 1011 404 c.
1053 363 1116 404 17.
1157 362 1415 406 Beroeenses
1445 365 1683 420 laudantur,

122 433 236 488 quod
263 433 501 476 doctrinam
527 448 551 474 a
575 432 709 475 Paulo
733 433 1023 486 praedicatam
1049 449 1143 476 cum
1167 433 1209 477 S.
1234 434 1480 489 Scripturae
1504 437 1685 481 lectione

123 505 451 559 conjungebant.

171 576 265 618 XX.
304 576 400 619 Hoc
437 576 712 618 fundamento
747 577 835 630 jam
874 579 1009 619 strato
1050 592 1097 619 ac
1126 578 1365 632 supposito,
1397 580 1590 632 quaestio
1620 596 1685 623 se-

122 648 268 700 cunda,
301 647 350 690 de
380 663 464 701 qua
491 647 562 690 hic
591 647 812 701 agendum,
838 662 991 702 nempe
1022 648 1141 701 quis
1170 649 1244 691 sit
1273 649 1477 693 Sacrae
1505 651 1684 707 Scrip—

121 721 279 762 turae
317 717 606 773 legitimus
642 718 951 773 Interpres,
992 719 1191 762 adversus
1229 720 1479 765 Pontificios
1510 739 1534 765 a
1560 725 1684 767 nobis

121 790 288 832 facilius
318 790 518 832 solvetur.

172 861 286 904 XXI.
316 862 535 904 Pontificii
563 861 837 914 contendunt,
868 861 1105 905 Ecclesiam
1134 878 1224 906 esse
1254 880 1464 908 summum
1493 870 1535 908 et
1560 867 1684 910 infal-

118 935 282 976 libilem
306 933 347 976 S.
373 933 617 988 Scripturae
641 932 946 987 Interpreten13
973 934 1045 976 sed
1066 936 1208 988 rogati
1228 937 1329 988 quid
1348 952 1425 990 per
1448 937 1685 982 Ecclesiam

117 1005 372 1058 intelligant,
415 1005 603 1047 fatentur
645 1019 689 1046 se
730 1019 817 1046 non
858 1005 1096 1059 intelligere
1138 1006 1373 1050 Ecclesiam
1417 1011 1570 1063 ovium,
1612 1013 1684 1054 sed

117 1079 360 1132 pastorum3
390 1077 533 1130 rogati
561 1091 729 1118 rursum
759 1091 813 1117 an
840 1077 1086 1130 intelligant
1115 1079 1287 1130 quosvis
1311 1083 1518 1133 pastores,
1544 1097 1684 1125 recur-

117 1163 209 1191 rere
247 1148 386 1190 solent
423 1148 476 1189 ad
513 1147 749 1190 Ecclesiam
783 1163 902 1190 suam
932 1151 1351 1204 repraesentativam,
1382 1152 1424 1194 id
1455 1156 1530 1206 est,
1561 1154 1683 1209 Epis-

119 1235 250 1274 copos
288 1222 330 1262 et
367 1219 600 1272 Praelatos,
640 1221 686 1261 in
724 1220 905 1262 concilio
946 1224 1276 1275 congregratos;
1319 1223 1499 1277 denique
1541 1228 1683 1279 rogati

118 1292 220 1345 quid
256 1306 332 1345 per
361 1291 541 1334 concilia
569 1291 825 1345 intelligant,
864 1293 1122 1346 respondere
1161 1297 1382 1348 coguntur,
1414 1298 1556 1339 onmia
1584 1312 1684 1340 con-

118 1362 215 1404 cilia
244 1377 385 1405 errare
412 1378 551 1417 posse,
582 1378 630 1404 ac
658 1363 837 1417 proinde
867 1378 956 1405 esse
985 1364 1170 1406 incertos
1201 1364 1445 1419 Scripturae
1469 1367 1683 1423 Interpre-

116 1436 194 1487 tes,
232 1435 316 1476 nisi
355 1450 379 1476 a
414 1434 624 1477 Pontifice
651 1435 909 1488 probentur;
941 1450 1065 1488 quem
1094 1436 1243 1478 volunt
1270 1438 1314 1479 in
1345 1440 1534 1482 conciliis
1563 1444 1605 1482 et
1633 1442 1682 1483 de

118 1507 308 1549 conciliis
332 1507 535 1559 judicare,
566 1507 676 1548 sicut
705 1506 796 1548 Rex
825 1507 978 1560 aliquis
1008 1507 1053 1548 in
1077 1523 1152 1550 suo
1180 1512 1330 1550 senatu
1346 1510 1536 1562 judicare
1552 1511 1681 1563 solet3

118 1594 167 1621 ac
190 1578 370 1633 proinde
395 1580 534 1620 totam
559 1578 808 1620 decernendi
835 1593 883 1620 ac
903 1579 1122 1632 judicandi
1146 1582 1406 1632 potestatem
1436 1596 1525 1623 esse
1551 1597 1680 1635 penes

116 1650 271 1704 ipsum,
310 1652 531 1702 tamquam
561 1649 634 1702 qui
664 1649 779 1690 solus
807 1649 851 1690 in
881 1650 1237 1703 interpretatione
1267 1649 1511 1704 Scripturae
1541 1667 1679 1694 errare

117 1735 204 1763 non
232 1720 383 1774 possit,
414 1720 517 1762 adeo
546 1722 595 1761 ut
622 1720 787 1762 illustre
817 1720 920 1762 illud
949 1720 1166 1763 Ecclesiae
1195 1736 1361 1774 nomen,
1392 1723 1442 1764 de
1472 1738 1556 1776 quo
1587 1724 1681 1777 glo-

116 1791 219 1833 riari
257 1794 484 1846 tantopere
523 1791 672 1843 solent,
711 1792 755 1833 in
794 1792 924 1834 solius
963 1791 1185 1835 Pontificis
1224 1792 1408 1835 Romani
1447 1809 1601 1837 nomen
1640 1798 1682 1838 et

116 1878 344 1917 personam
371 1863 543 1905 tandem
570 1863 810 1906 resolvatur
839 1867 881 1906 et
909 1865 1173 1906 terminetur.

170 1932 306 1975 XXII.
345 1933 427 1975 Sed
464 1932 718 1977 Pontificem
746 1935 988 1978 Romanum
1016 1951 1102 1978 non
1132 1951 1222 1979 esse
1251 1937 1491 1991 legitimum
1522 1941 1563 1980 et
1593 1954 1681 1981 cer-

117 2007 210 2047 tum
256 2004 297 2047 S.
341 2004 588 2059 Scripturae
629 2005 925 2061 Interpretem,
970 2008 1179 2061 probatur
1221 2010 1372 2062 primo,
1417 2011 1517 2063 quia
1558 2011 1681 2053 multi

118 2078 348 2120 Pontifices
385 2077 581 2130 Romani,
620 2078 715 2132 ipso
755 2079 850 2132 jure
895 2080 1099 2121 canonico
1144 2082 1185 2122 et
1228 2081 1421 2134 ipsorum
1463 2082 1680 2125 historicis

117 2149 364 2201 fatentibus,
394 2148 564 2191 fuerunt
592 2149 817 2200 haeretici3
847 2150 1008 2201 deinde,
1041 2152 1141 2204 quia
1168 2152 1293 2193 multi
1321 2152 1551 2195 Pontifices
1582 2169 1681 2196 con-

117 2220 251 2262 traria
289 2220 458 2262 decreta
496 2220 727 2272 ediderunt,
767 2223 896 2274 atque
934 2222 1007 2263 alii
1049 2221 1229 2264 aliorum
1270 2222 1568 2266 Institutiones
1607 2226 1680 2267 ab·

117 2293 347 2344 rogarunt3
385 2291 527 2342 tertio,
567 2291 668 2343 quia
704 2291 827 2333 multi
865 2291 1095 2334 Pontifices
1124 2293 1297 2335 fuerunt
1324 2294 1517 2336 homines
1545 2296 1680 2350 impii,

118 2361 300 2416 profani,
349 2362 544 2404 scelerati
591 2365 632 2404 et
682 2363 861 2416 magicis
913 2364 1076 2406 artibus
1129 2365 1281 2415 dediti3
1341 2365 1532 2419 denique,
1582 2368 1681 2420 quia

118 2433 243 2475 multi
269 2433 381 2474 inter
410 2432 639 2475 Pontifices
669 2434 841 2476 fuerunt
871 2435 1024 2478 Sacrae
1053 2435 1300 2489 Scripturae
1326 2437 1452 2490 plane
1479 2437 1678 2491 imperiti,

120 2507 162 2546 et
201 2519 293 2546 eam
329 2505 374 2546 in
411 2505 590 2547 decretis
629 2507 715 2548 suis
752 2507 875 2549 valde
913 2507 1093 2549 absurde
1130 2510 1172 2549 et
1209 2510 1357 2549 contra
1395 2508 1598 2550 directam
1638 2509 1678 2551 S.

119 2574 365 2629 Scripturae
401 2578 588 2618 mentem
623 2578 895 2632 interpretati
934 2581 1052 2629 sunt;
1093 2579 1207 2632 quod
1245 2578 1349 2620 adeo
1389 2581 1453 2620 est
1496 2579 1678 2632 evidens,

118 2649 167 2688 ut
204 2646 488 2690 Bellarminus
527 2651 569 2690 et
607 2649 679 2691 alii
717 2650 934 2694 Pontificii
970 2651 1180 2694 Doctores
1213 2653 1443 2705 propterea
1469 2653 1681 2704 cogantur

119 2719 318 2771 statuere,
356 2718 610 2761 Pontificem
646 2721 691 2762 in
730 2724 991 2775 argumentis
1029 2726 1071 2765 et
1099 2723 1344 2777 praemissis
1375 2737 1513 2765 errare
1540 2738 1678 2777 posse,

120 2789 193 2831 sed
228 2790 274 2831 in
312 2790 665 2844 conclusionibus,
700 2793 800 2835 licet
829 2808 879 2836 ex
906 2794 1025 2836 falsis
1054 2794 1312 2848 praemissis,
1342 2809 1508 2848 semper
1535 2797 1679 2837 tamen

119 2874 219 2902 vera
248 2860 416 2903 decreta
445 2861 660 2915 colligere.

174 2930 332 2974 XXIII.
369 2932 430 2975 Ut
467 2947 568 2987 ergo
606 2933 711 2976 haec
750 2924 943 2986 quaestio
974 2935 1203 2977 secundum
1231 2936 1349 2978 verbi
1378 2936 1457 2979 Dei
1484 2952 1679 2980 normam
