1931 3224
326 121 390 164 DE
420 122 617 164 OonLns
647 135 716 164 sEU
746 121 1018 164 CONVENTIBUS
1047 120 1381 163 Eccmismsmcis.
1553 119 1629 160 595

69 246 189 298 scopi
224 246 352 288 vicini
387 247 431 288 in
460 247 678 301 Synodum
708 249 919 299 coeuntes,
949 261 1056 298 eum,
1085 248 1133 287 ut
1163 247 1453 287 contumacem
1484 243 1629 284 haere-

68 316 201 358 ticum
244 317 640 371 condemnaverunt,
679 321 721 360 et
757 318 948 360 Ecclesia
985 319 1222 369 moverunt,
1262 314 1417 357 Euseb.
1459 313 1549 355 Lib.
1593 314 1630 354 7.

69 387 233 430 Histor.
270 388 514 431 Ecclesiast.
553 389 619 431 Ita
657 389 893 444 complures
937 389 1043 431 aliae
1085 387 1259 441 Synodi,
1300 386 1484 428 maxime
1523 385 1630 426 Pro-

69 459 281 512 vinciales,
321 460 450 501 etiam
487 460 564 501 sub
601 459 853 502 Christianis
891 459 1156 513 principibus
1198 459 1494 500 convenerunt.
1530 455 1634 510 Epi-

71 544 298 583 scoporum
326 530 472 584 itaque
500 531 710 585 imprimis
740 534 803 573 est
832 530 1027 586 Synodos
1057 530 1253 582 indicere,
1283 529 1390 571 nulli
1421 530 1563 570 autem
1591 527 1635 568 id

69 601 137 654 J’us
168 603 259 643 erat
288 602 516 655 privatum.
956 602 957 605 ’

124 672 238 714 ΧΙΧ.
268 672 392 715 Unde
420 676 772 727 praesumptuose
804 675 845 715 et
873 673 1018 726 inique
1047 671 1317 714 Romanus
1347 671 1633 723 Pontifex,

73 745 193 797 quasi
216 743 261 784 in
286 743 478 786 Ecclesia
502 744 741 798 Imperator
767 745 950 797 quidam,
978 743 1224 785 indicendae
1249 742 1424 797 Synodi,
1450 743 1634 784 maxime

71 815 332 868 universalis,
372 816 645 870 privilegium
684 819 724 858 et
753 818 896 869 partes
929 816 1009 857 sibi
1040 815 1122 857 soli
1153 818 1338 868 arrogat,
1370 829 1464 856 cum
1493 817 1636 856 tamen

73 885 205 939 Petri,
245 888 363 940 cujus
402 902 445 929 se
483 902 768 930 successorem
801 888 985 940 jactitat,
1015 887 1085 928 hic
1113 886 1231 928 nulla
1260 886 1488 939 singularis
1518 901 1636 939 prae-

73 957 270 1010 rogativa
312 958 565 1011 assignetur,
611 959 683 1000 sed
724 959 924 1012 Apostoli
967 960 1008 1000 et
1051 957 1314 1011 Presbyteri,
1354 956 1635 998 referentibus

75 1030 421 1082 controversiam,
466 1033 507 1072 et
550 1031 602 1072 ad
645 1045 715 1072 eos
754 1029 1040 1072 deferentibus
1078 1029 1211 1071 Paulo
1251 1031 1292 1070 et
1331 1027 1542 1080 Barnaba,
1584 1028 1635 1069 ab

74 1099 264 1142 Ecclesia
303 1100 525 1154 ablegatis,
564 1101 815 1155 congregati
853 1101 1060 1152 dicantur,
1100 1102 1148 1141 ut
1190 1099 1447 1152 dispicerent
1478 1098 1638 1140 dehoc

74 1173 263 1225 negotio,
292 1172 388 1214 Act.
418 1172 481 1224 15,
512 1173 547 1213 2.
578 1173 614 1214 6.

128 1242 221 1285 XX.
260 1242 624 1297 Magistratui
662 1258 804 1297 porro,
847 1244 890 1285 si
928 1243 1135 1285 toleret
1164 1241 1490 1292 Ecclesiam,
1523 1255 1635 1282 eam-

77 1329 158 1367 que
188 1330 282 1357 cum
311 1314 427 1357 omni
456 1329 531 1356 suo
562 1314 708 1356 ordine
738 1318 779 1357 et
808 1315 1014 1369 regimine
1044 1314 1267 1368 permittat
1298 1328 1387 1354 esse
1411 1313 1638 1366 publicam,

75 1389 149 1427 aut
187 1386 368 1438 decreto,
402 1389 450 1428 ut
478 1387 579 1428 talis
612 1387 678 1439 sit,
709 1386 883 1438 sanciat,
915 1401 1004 1428 esse
1033 1388 1214 1439 possunt
1245 1400 1414 1438 quoque
1442 1384 1513 1425 hic
1541 1399 1639 1425 suae

76 1460 233 1512 partes,
260 1461 301 1500 et
328 1459 416 1511 ejus
442 1472 669 1500 consensus
695 1460 736 1500 et
761 1458 992 1500 auctoritas
1018 1458 1213 1511 deposci:
1241 1471 1335 1498 cum
1362 1456 1473 1497 enim
1490 1457 1639 1506 status,

77 1531 119 1570 et
148 1529 308 1570 ordinis
337 1530 506 1584 publice
536 1529 727 1581 stabiliti,
757 1530 1056 1582 actionumque
1088 1528 1356 1582 publicarum
1385 1527 1440 1568 sit
1470 1528 1641 1568 curator

78 1602 120 1641 et
157 1599 363 1653 defensor,
400 1601 529 1642 etiam
556 1600 774 1643 Ecclesiae
802 1601 1008 1642 hactenus
1039 1600 1272 1642 censendus
1303 1601 1387 1640 est:
1417 1598 1503 1639 imo
1534 1601 1640 1639 tem-

76 1672 207 1725 poris,
235 1671 330 1723 loci,
361 1671 623 1725 aliarumque
652 1672 1068 1714 circumstantiarum
1096 1685 1180 1713 non
1210 1670 1336 1712 modo
1364 1669 1640 1723 approbator,

78 1742 150 1784 sed
180 1744 222 1784 et
252 1742 511 1796 designator,
542 1744 577 1785 si
605 1758 704 1786 usus
733 1743 794 1785 ita
822 1743 944 1795 ferat,
977 1758 1066 1785 esse
1097 1744 1252 1796 potest.

130 1812 244 1855 XXI.
281 1813 419 1856 Multo
456 1815 605 1868 magis,
646 1815 682 1856 si
722 1814 1076 1856 Christianus
1107 1816 1158 1855 et
1188 1811 1543 1854 Orthodoxus
1573 1811 1640 1863 sit,

76 1884 160 1926 hoc
197 1884 235 1926 ei
274 1885 492 1939 competit,
529 1901 682 1939 nempe
719 1888 766 1927 ut
806 1886 960 1927 eximio
999 1884 1213 1926 Ecclesiae
1246 1882 1405 1924 Christi
1435 1881 1638 1933 membro,

79 1958 121 1997 et
159 1955 204 1996 in
233 1956 462 1998 eminentia
491 1957 649 2009 posito,
679 1957 746 1998 cui
776 1956 930 1998 accidit
960 1955 1188 1997 secundum
1216 1953 1484 1996 vocationem
1513 1954 1639 2007 hujus

78 2027 236 2079 mundi,
276 2027 516 2080 jurisdictio
562 2030 603 2069 et
639 2027 887 2081 imperium,
917 2029 1045 2079 atque
1083 2025 1310 2067 coercitiva
1350 2028 1524 2067 externa
1564 2039 1642 2077 po-

78 2098 214 2140 tentia
254 2098 358 2152 (qua
394 2098 464 2139 hic
492 2113 618 2152 saepe
648 2113 754 2152 opus
785 2098 865 2151 est)
893 2097 979 2139 imo
1010 2097 1246 2138 moderatio
1276 2096 1559 2138 locomotivae
1590 2096 1641 2137 ad

78 2170 297 2223 publicum
337 2172 612 2212 conventum:
652 2185 779 2223 quam
816 2169 990 2223 pietatis
1030 2169 1136 2222 lege,
1173 2170 1325 2221 utpote
1362 2167 1563 2209 nutritius
1603 2170 1644 2208 et

79 2242 273 2284 alumnus
310 2241 538 2293 Ecclesiae,
574 2241 645 2283 Es.
686 2241 750 2293 60,
791 2241 852 2282 16.
896 2239 1086 2282 conferre
1124 2241 1294 2280 tenetur
1333 2238 1384 2280 ad
1422 2239 1643 2291 utriusque

78 2312 248 2355 tabulae
287 2312 587 2365 defensionem,
624 2314 755 2365 utque
793 2311 986 2353 Christus
1026 2310 1070 2351 in
1109 2309 1288 2351 subditis
1327 2310 1412 2351 suis
1442 2310 1644 2363 spiritua-

78 2383 176 2426 liter
212 2387 374 2438 regnet,
405 2383 474 2425 Ps.
504 2385 541 2435 2,
574 2383 634 2425 10.
666 2382 783 2436 Ergo
814 2382 948 2436 ipsius
978 2396 1219 2432 consensus,
1249 2381 1494 2433 auctoritaS,
1525 2381 1644 2422 auxi-

78 2454 197 2506 lium,
241 2457 284 2496 et
326 2454 566 2497 securitatis
609 2454 855 2507 praestatio,
900 2453 970 2494 hic
1009 2452 1152 2506 expeti
1192 2452 1337 2493 debet:
1376 2467 1514 2504 neque
1550 2452 1658 2505 ipse

81 2526 308 2568 secundum
346 2525 519 2578 pietatis
560 2524 748 2566 officium
785 2539 833 2565 ea
873 2524 1095 2577 denegare,
1135 2523 1207 2565 sed
1234 2523 1384 2564 lubens
1413 2522 1644 2576 volensque

80 2598 324 2651 impendere
353 2611 402 2638 ac
431 2598 649 2649 praestare
677 2595 894 2637 Ecclesiae
922 2597 1103 2637 tenetur.

133 2668 270 2710 XXII.
302 2667 500 2717 Quinimo
530 2667 894 2720 Magistratus
927 2666 1267 2720 superioreS,
1297 2667 1345 2706 ut
1374 2668 1472 2707 sunt
1501 2665 1641 2718 Reges

83 2743 125 2783 et
160 2740 394 2793 Principes,
432 2738 726 2781 habendarum
755 2737 1024 2791 Synodorum
1054 2751 1359 2789 nonnunquam
1388 2736 1516 2778 fuisse
1546 2752 1642 2778 auc-

82 2814 209 2863 tores,
238 2812 514 2865 ipsorumque
538 2811 659 2862 jussu
688 2809 850 2860 coiisse,
875 2808 1059 2850 illustria
1084 2808 1276 2861 exempla
1300 2808 1470 2861 piorum
1494 2824 1643 2862 regum

81 2883 126 2924 in
162 2882 310 2925 Veteri
349 2881 634 2933 Testamento,
673 2879 862 2930 Davidis,
900 2880 921 2921 1
962 2879 1114 2921 Chron.
1157 2880 1219 2932 13,
1260 2880 1294 2921 1.
1324 2881 1360 2921 2.
1392 2879 1643 2933 Solomonis,

82 2955 107 2995 2
148 2953 301 2996 Chron.
340 2954 378 3006 5,
408 2953 445 2995 2.
477 2952 600 3005 Asae,
629 2953 653 2993 2
683 2950 837 2993 Chron.
868 2951 930 3003 15,
958 2951 996 2992 9.
1026 2951 1248 3003 Ezechiae,
1279 2952 1303 2991 2
1332 2950 1485 2994 Chron.
1515 2954 1577 3004 29,
1607 2954 1644 2994 4.
