1931 3224
272 151 352 192 272
815 148 1066 193 DrsPUTATIO
1095 148 1297 192 XXVIII.

269 277 379 315 tum
421 276 521 325 est,
560 273 686 326 quia
723 273 1071 327 impossibile
1110 277 1203 316 est.
1245 274 1344 316 Sed
1382 288 1516 326 quae
1555 275 1822 327 quomodo

267 345 320 386 in
360 344 458 386 illo
500 347 848 396 vera''erunt,
887 345 930 386 si
968 345 1086 398 ipse
1122 359 1228 387 non
1265 344 1374 386 fuit
1411 359 1589 397 verus,
1630 345 1674 387 si
1719 361 1824 388 non

267 431 390 458 vere
427 415 621 457 habuit
657 416 711 457 in
748 431 798 457 se
838 416 976 469 quod
1010 416 1463 470 crucifigeretur,
1494 417 1635 470 quod
1661 432 1825 461 more-

267 491 439 539 retur,
479 488 619 540 quod
647 488 1004 542 sepeliretur,
1035 490 1086 529 et
1116 489 1570 541 resuscitaretur,
1604 489 1825 532 Carnem

268 559 488 601 scilicet
517 559 653 600 hanc
684 559 952 612 sanguine
981 559 1271 611 suffusam,
1303 560 1520 602 ossibus
1549 561 1826 603 substruc-
1908 557 1912 561 ’

266 632 393 681 tam,
440 630 623 671 nervis
662 630 953 681 intextam,
992 631 1144 672 venis
1181 630 1494 684 implexam,
1536 646 1635 684 qua
1673 632 1825 674 nasci

269 702 317 741 et
359 702 494 743 mori
535 702 709 753 novit,
754 701 1035 743 humanam
1078 702 1192 744 sine
1231 702 1415 754 dubio,
1453 705 1511 744 ut
1548 705 1728 745 natam
1767 703 1826 745 de
1900 748 1903 749 ⁷

266 771 491 814 homine.

541 932 739 975 Ambros.
771 933 820 975 de
849 933 983 976 Incar.
1014 934 1224 977 Dominic.
1254 949 1357 977 sacr.
1389 950 1480 989 cap.
1510 935 1546 977 6.

320 1055 619 1098 Secundum
656 1061 906 1100 naturam
945 1074 996 1101 se
1035 1060 1244 1102 obtulit
1281 1063 1545 1111 nostram,
1584 1062 1641 1100 ut
1677 1060 1826 1102 ultra

266 1131 508 1170 nostram
534 1132 859 1182 operaretur
882 1133 1144 1173 naturam.
1166 1131 1239 1174 De
1259 1134 1448 1174 nostro
1471 1131 1826 1183 sacrificium,

268 1199 326 1241 de
355 1215 447 1242 suo
477 1202 774 1254 praemium
803 1205 891 1244 est.

675 1526 1151 1576 DISPUTATIO
1196 1529 1426 1576 XXVIII.

1022 1637 1068 1659 DE

455 1708 640 1776 Statu
685 1712 1119 1779 Exaltationis
1171 1712 1215 1778 J
1216 1734 1331 1779 esu
1381 1712 1634 1780 Christi.

613 1837 813 1880 Praeside
843 1838 895 1880 D.
924 1838 1189 1882 ANTONIO
1221 1839 1485 1882 WALAEO.

654 1928 931 1978 Respondente
959 1930 1198 1968 DANIELE
1228 1929 1439 1970 SUAVIO.

918 2036 1108 2078 THEs1s
1146 2035 1178 2077 I.

422 2138 503 2166 UUM
540 2127 680 2166 totum
718 2140 871 2167 munus
910 2124 1067 2167 Christi
1097 2125 1335 2168 Servatoris
1364 2126 1514 2178 nostri,
1544 2129 1659 2168 statu
1686 2126 1827 2169 humi-

305 2131 402 2264 Q
421 2195 610 2237 liationis
648 2199 776 2249 atque
806 2196 1077 2239 exaltationis
1107 2197 1151 2238 in
1180 2196 1400 2250 Scriptura
1430 2197 1667 2250 definiatur,
1698 2212 1747 2240 ac
1776 2198 1827 2240 de

265 2267 405 2320 primo
437 2268 711 2309 antecedente
740 2268 1030 2321 disputatione
1059 2269 1113 2310 sit
1143 2270 1304 2320 actum3
1335 2269 1545 2321 reliquum
1564 2269 1654 2322 jam
1678 2271 1753 2320 est,
1778 2270 1826 2310 ut

266 2337 316 2379 de
341 2337 474 2380 altero
501 2353 670 2391 quoque
695 2341 821 2392 statu,
844 2354 996 2393 nempe
1013 2340 1284 2382 exaltationis
1301 2341 1403 2393 ejus,
1421 2340 1617 2394 deinceps
1635 2354 1823 2394 agamus.

317 2407 371 2450 Π.
415 2409 777 2458 Quemadmodum
816 2425 915 2452 vero
954 2411 999 2452 in
1036 2413 1152 2452 statu
1182 2410 1339 2453 Christi
1367 2411 1522 2465 priore,
1552 2413 1639 2453 tres
1671 2410 1825 2453 diversi

265 2481 421 2534 gradus
452 2481 716 2523 antecedenti
745 2482 1037 2535 disputatione
1067 2482 1262 2524 distincte
1291 2485 1389 2524 sunt
1418 2483 1643 2535 observati,
1673 2497 1825 2536 nempe

263 2566 377 2593 mors
415 2553 570 2604 crucis,
600 2553 817 2608 sepultura
857 2554 958 2605 ejus,
997 2556 1126 2606 atque
1154 2554 1205 2595 ad
1230 2553 1389 2596 inferos
1418 2555 1660 2606 descensus3
1690 2553 1751 2595 ita
1779 2553 1824 2594 in

263 2622 346 2665 hoc
397 2625 645 2677 posteriore,
687 2627 773 2666 tres
818 2625 972 2678 gradus
1015 2625 1205 2679 oppositi
1248 2626 1446 2668 distincte
1489 2640 1658 2678 quoque
1699 2624 1822 2667 nobis

266 2697 389 2735 erunt
418 2695 670 2748 explicandi,
699 2710 851 2749 nempe
881 2697 1132 2738 resurrectio
1162 2712 1186 2738 a
1214 2696 1407 2749 mortuis,
1439 2710 1635 2738 ascensus
1657 2695 1702 2736 in
1728 2709 1822 2737 eoe—

264 2764 340 2815 103,
372 2767 414 2806 et
442 2766 572 2808 sessio
601 2767 689 2819 ejus
719 2767 770 2808 ad
799 2766 992 2808 dextram
1019 2766 1174 2808 Patris.
1672 2756 1675 2757 ⁷

315 2835 392 2878 111.
445 2837 814 2880 Resurrectionem
860 2839 948 2891 ejus
991 2853 1015 2879 a
1057 2838 1249 2890 mortuis,
1292 2839 1492 2880 adversus
1533 2837 1821 2889 Marcionitas,

267 2905 520 2961 Libertinos,
561 2912 603 2951 et
632 2909 780 2951 similis
806 2909 968 2951 farinae
998 2909 1206 2961 homines,
1238 2909 1311 2962 qui
1340 2909 1509 2952 Christo
1537 2909 1821 2952 umbraticum

265 2993 432 3032 corpus,
481 2983 522 3021 et
567 2981 754 3023 actiones
792 2981 1050 3024 umbraticas
1087 2981 1272 3024 tribuere
1311 2983 1410 3024 sunt
1447 2981 1548 3034 ausi,
1588 2981 1820 3032 definimus,
