1931 3224
312 153 390 194 640
923 150 1166 192 DISPUTATIO
1197 149 1262 191 LI.

313 277 386 318 sed
416 277 453 318 ei
482 276 534 317 ad
562 277 695 318 vitam
724 274 962 329 praesentia
992 274 1167 328 spiritus
1198 273 1390 325 sufficiet,
1420 275 1512 314 tum
1541 270 1669 313 etiam
1697 273 1874 324 propter

313 348 416 389 alias
445 347 671 400 qualitates
701 349 742 388 et
771 347 890 388 dotes
921 345 1111 399 corporis
1142 343 1329 398 gloriosi.

366 416 521 459 XXIX.
550 415 642 459 Nec
670 417 809 459 minus
840 431 1015 459 erronea
1044 418 1107 458 est
1137 415 1281 469 opinio
1310 413 1503 456 Durandi
1533 428 1556 454 a
1586 412 1626 454 S.
1656 411 1875 464 Portiano,

313 489 595 531 existimantis
625 489 676 531 ad
704 488 1053 530 resurrectionem
1084 487 1269 541 ejusdem
1296 484 1482 527 hominis
1510 483 1702 525 sufficere
1724 482 1876 524 identi-

310 563 445 602 tatem
484 560 645 602 formae
673 561 717 602 in
747 574 997 613 quacunque
1026 559 1219 610 materia,
1251 558 1351 611 quia
1381 572 1432 598 ex
1461 555 1686 597 identitate
1715 554 1876 596 formae

313 632 515 685 consequi
543 632 646 674 dicit
674 632 941 674 identitatem
970 631 1188 682 materiae,
1217 645 1310 672 cum
1338 628 1517 671 materia
1543 627 1702 669 nullam
1720 626 1878 668 habeat

311 719 388 757 per
431 719 474 746 se
517 704 821 756 actualitatem,
864 704 935 745 sed
977 718 1065 745 esse
1102 717 1223 744 suum
1261 701 1443 755 accipiat
1480 716 1504 742 a
1540 699 1687 741 forma.
1726 697 1877 751 Itaque

312 775 411 816 licet
442 775 583 816 anima
611 775 729 817 Petri
757 777 989 817 resumeret
1014 789 1168 828 corpus
1194 773 1308 827 quod
1332 772 1474 814 fuerat
1499 771 1631 823 Pauli,
1659 773 1701 812 et
1716 771 1876 821 contra,

311 846 590 888 nihilominus
627 847 739 889 idem
776 846 929 888 Petrus
967 848 1220 900 resurgeret,
1258 845 1454 897 idemque
1491 843 1659 893 Paulus,
1696 842 1795 895 quia
1823 841 1876 882 ab

313 918 456 961 eadem
486 919 626 960 anima
655 933 808 972 corpus
840 919 1029 970 sortitur,
1053 921 1102 960 ut
1126 918 1181 959 sit
1204 917 1328 969 idem,
1354 917 1406 958 in
1435 916 1472 958 4.
1504 918 1634 957 sent.
1664 914 1783 956 dist.
1811 913 1877 970 44,

313 1006 352 1044 q.
381 992 418 1032 3.
450 1006 577 1044 quam
606 991 860 1033 sententiam
889 990 1088 1032 Alberius
1117 990 1160 1031 in
1191 991 1296 1031 orat.
1325 989 1375 1031 de
1400 990 1621 1031 resurrect.
1645 984 1878 1039 interpola-

310 1062 386 1115 vit,
414 1062 488 1104 ubi
514 1063 720 1117 dispurat,
747 1078 807 1104 ex
837 1065 1073 1115 quatuor
1103 1060 1389 1103 elementis
1412 1063 1685 1112 tamquam
1711 1072 1769 1100 ex
1792 1072 1878 1098 no-

312 1150 372 1177 va
403 1135 637 1177 materia
673 1134 912 1177 hominis
951 1133 1231 1176 conflatos
1270 1134 1691 1184 resurrecturos,
1722 1136 1778 1171 ut
1807 1129 1879 1171 sit

312 1207 584 1249 identitas
626 1221 730 1248 non
770 1207 825 1247 in
862 1205 1095 1247 materia
1137 1205 1224 1247 sed
1266 1205 1318 1246 in
1357 1204 1542 1256 forma,
1583 1205 1676 1245 etc.
1706 1201 1880 1244 Falsum

314 1281 376 1321 est
414 1279 539 1331 enim,
570 1278 839 1320 identitatem
867 1277 1124 1319 numericam
1155 1276 1339 1318 hominis
1369 1275 1576 1318 contineri
1606 1275 1697 1316 sola
1725 1274 1879 1316 identi-

312 1354 401 1392 tate
430 1351 607 1403 animae,
638 1353 679 1392 et
706 1350 929 1392 identitate
957 1351 1119 1403 primae
1148 1348 1349 1390 materiae
1378 1348 1527 1399 nudae,
1558 1346 1658 1399 quia
1687 1345 1738 1387 ad
1761 1345 1879 1387 iden-

311 1423 481 1464 titatem
518 1423 648 1474 1113111,
687 1422 924 1464 11666663113
962 1424 1026 1462 est
1055 1420 1198 1462 eadem
1227 1419 1378 1471 anima,
1407 1418 1519 1460 idem
1547 1432 1700 1470 corpus
1727 1417 1877 1458 huma-

312 1509 425 1546 num,
457 1496 498 1535 et
528 1493 698 1535 eaedem
726 1508 871 1535 carnes
900 1494 941 1534 et
971 1506 1079 1543 ossa,
1109 1505 1216 1544 quae
1246 1490 1373 1532 etiam
1400 1488 1581 1542 requirit
1609 1488 1775 1530 easdem
1794 1488 1878 1529 dis-

312 1565 548 1619 positiones
577 1564 780 1607 materiae
808 1563 971 1618 primae
1003 1564 1055 1605 ad
1083 1562 1280 1614 animam,
1310 1576 1386 1615 per
1412 1575 1516 1614 quas
1538 1560 1694 1601 habeat
1717 1559 1877 1613 peculi-

313 1652 429 1679 arem
457 1636 783 1691 dispositionem
808 1650 910 1689 erga
932 1635 1044 1677 113116
1068 1634 1263 1685 animam,
1287 1632 1590 1674 informantem
1614 1631 1695 1673 hoc
1711 1646 1877 1685 corpus,

313 1710 440 1761 atque
470 1708 573 1750 adeo
603 1708 802 1750 reddatur
831 1707 1011 1748 materia
1039 1706 1144 1748 haec
1168 1704 1402 1747 secunda
1431 1705 1473 1745 et
1501 1703 1724 1756 designata
1751 1702 1877 1744 huic

312 1780 486 1822 formae.

366 1850 500 1893 XXX.
547 1850 644 1892 Nisi
691 1851 803 1893 enim
848 1850 1183 1903 producerentur
1225 1847 1398 1889 ultimae
1438 1846 1534 1888 11136
1577 1844 1877 1899 dispositiones

315 1925 443 1975 atque
480 1922 583 1964 adeo
621 1923 733 1964 idem
771 1936 938 1974 corpus,
976 1935 1063 1963 non
1101 1921 1211 1962 esset
1248 1919 1361 1960 idem
1397 1918 1540 1970 homo,
1579 1917 1779 1970 quoniam
1808 1917 1878 1958 hic

312 1994 441 2036 homo
484 1993 822 2036 substantialiter
863 1994 1030 2035 constat
1068 2007 1117 2034 ex
1156 1991 1236 2033 hac
1276 1991 1430 2042 anima,
1472 1992 1513 2031 et
1551 2004 1600 2031 ex
1637 1989 1719 2031 1106
1749 1989 1876 2031 etiam

314 2079 505 2119 corpore,
544 2068 585 2107 et
624 2065 691 2106 his
730 2064 926 2107 carnibus
966 2066 1008 2106 et
1046 2063 1223 2114 ossibus,
1262 2076 1370 2115 quae
1406 2077 1493 2103 non
1523 2061 1760 2103 consistunt
1788 2062 1877 2103 sine

311 2136 381 2178 his
424 2137 585 2178 ultimis
627 2136 990 2191 dispositionibus,
1034 2135 1138 2176 alias
1178 2135 1223 2175 in
1259 2132 1516 2186 migratione
1553 2132 1789 2174 animarum
1826 2147 1876 2174 ex

314 2208 409 2250 aliis
439 2207 701 2261 corporibus,
731 2208 776 2249 in
805 2207 898 2260 alia,
925 2222 1052 2260 quam
1076 2205 1295 2259 fingebant
1313 2204 1569 2257 Philosophi
1585 2203 1876 2258 Pythagorici,

314 2282 356 2321 et
386 2295 493 2333 quae
522 2281 635 2334 apud
662 2279 848 2322 Judaeos
877 2280 1006 2321 etiam
1035 2277 1193 2319 credita
1220 2276 1314 2328 fuit,
1344 2276 1594 2329 contigisset
1616 2290 1716 2317 vera
1739 2290 1876 2317 resur-

312 2351 445 2393 rectio
475 2352 703 2393 eorundem
730 2351 966 2403 hominum,
999 2365 1093 2392 cum
1120 2351 1164 2391 in
1197 2348 1269 2390 illa
1295 2348 1616 2401 μετεμφυχώσει
1640 2349 1877 2402 superesset

313 2424 457 2466 eadem
484 2424 625 2466 anima
647 2423 832 2466 hominis
859 2426 983 2465 antea
1007 2422 1178 2474 mortui,
1203 2425 1244 2464 et
1267 2422 1412 2464 eadem
1436 2421 1594 2474 ubique
1619 2422 1729 2463 esset
1744 2422 1878 2461 mate-

314 2495 378 2537 ria
401 2495 550 2549 prima,
576 2509 924 2548 quorumcunque
950 2509 1187 2548 corporum.
1213 2493 1271 2535 Et
1296 2495 1408 2535 certe
1433 2493 1469 2535 si
1492 2492 1692 2534 identitas
1712 2492 1877 2534 animae

314 2566 556 2619 requiratur
603 2566 656 2607 ad
701 2565 970 2607 identitatem
1015 2564 1212 2616 hominis,
1256 2565 1402 2606 eadem
1441 2564 1606 2605 ratione
1648 2561 1877 2616 requiritur

313 2638 514 2680 identitas
545 2638 749 2691 corporis,
780 2652 873 2679 cum
901 2651 987 2679 non
1016 2637 1105 2679 sola
1133 2636 1274 2679 anima
1300 2637 1463 2678 constet
1488 2635 1632 2687 homo,
1649 2634 1720 2676 sed
1736 2632 1876 2675 anima

316 2710 487 2763 corpori
516 2710 647 2751 unita.

368 2781 525 2823 XXXI.
563 2781 621 2823 Et
657 2781 762 2823 haec
795 2781 846 2823 de
874 2781 1064 2833 subjecto
1095 2794 1211 2832 quo,
1240 2781 1287 2820 ut
1314 2779 1558 2832 loquuntur.
1588 2776 1799 2829 Sequitur,
1829 2777 1876 2817 ut

317 2853 503 2894 dicamus
539 2853 588 2894 de
619 2853 809 2906 subjecto
840 2852 992 2905 quod,
1021 2852 1064 2893 id
1093 2854 1167 2903 est,
1199 2851 1249 2893 de
1277 2851 1329 2892 iis
1360 2851 1433 2903 qui
1461 2852 1558 2892 sunt
1585 2847 1874 2890 resurrecturi.

317 2923 473 2966 Omnes
508 2924 701 2967 homines
733 2924 777 2965 in
806 2924 1047 2966 universum
1076 2923 1163 2965 dies
1191 2922 1375 2974 ultimus,
1406 2924 1479 2963 aut
1508 2920 1646 2963 adhuc
1673 2919 1874 2972 viventes,

316 2997 390 3035 aut
427 2998 617 3038 mortuos
656 2996 900 3049 comperiet.
929 2995 993 3037 De
1022 2995 1074 3037 iis
1103 2993 1175 3047 qui
1203 2993 1289 3036 vivi
1315 2992 1593 3049 reperientur,
1623 2990 1769 3044 quaeri
1796 3006 1875 3045 po-
