<?xml version="1.0" encoding="UTF-8"?>
<!DOCTYPE html PUBLIC "-//W3C//DTD XHTML 1.0 Transitional//EN"
    "http://www.w3.org/TR/xhtml1/DTD/xhtml1-transitional.dtd">
<html xmlns="http://www.w3.org/1999/xhtml" xml:lang="en" lang="en">
 <head>
  <title>
</title>
<meta http-equiv="Content-Type" content="text/html;charset=utf-8" />
  <meta name='ocr-system' content='tesseract 3.04.00' />
  <meta name='ocr-capabilities' content='ocr_page ocr_carea ocr_par ocr_line ocrx_word'/>
</head>
<body>
  <div class='ocr_page' id='page_1' title='image "./synopsispurioris00poly_0386.png"; bbox 0 0 1931 3224; ppageno 0'>
   <div class='ocr_carea' id='block_1_1' title="bbox 254 161 1260 207">
    <p class='ocr_par' dir='ltr' id='par_1_1' title="bbox 254 161 1260 207">
     <span class='ocr_line' id='line_1_1' title="bbox 254 161 1260 207; baseline -0.001 -1"><span class='ocrx_word' id='word_1_1' title='bbox 254 165 334 207; x_wconf 82' lang='lat'>364</span> <span class='ocrx_word' id='word_1_2' title='bbox 814 162 1055 205; x_wconf 79' lang='lat' dir='ltr'>DISPUTATIO</span> <span class='ocrx_word' id='word_1_3' title='bbox 1083 161 1260 205; x_wconf 89' lang='lat' dir='ltr'>XXXV.</span> 
     </span>
    </p>
   </div>
   <div class='ocr_carea' id='block_1_2' title="bbox 249 286 1815 2131">
    <p class='ocr_par' dir='ltr' id='par_1_2' title="bbox 251 286 1815 768">
     <span class='ocr_line' id='line_1_2' title="bbox 251 286 1813 344; baseline 0.002 -14"><span class='ocrx_word' id='word_1_4' title='bbox 251 289 342 331; x_wconf 85' lang='lat' dir='ltr'><strong>Lib.</strong></span> <span class='ocrx_word' id='word_1_5' title='bbox 383 290 418 331; x_wconf 86' lang='lat'>1.</span> <span class='ocrx_word' id='word_1_6' title='bbox 456 303 547 340; x_wconf 83' lang='lat' dir='ltr'>cap.</span> <span class='ocrx_word' id='word_1_7' title='bbox 585 288 648 329; x_wconf 80' lang='lat'>28.</span> <span class='ocrx_word' id='word_1_8' title='bbox 677 291 725 329; x_wconf 93' lang='lat' dir='ltr'>ut</span> <span class='ocrx_word' id='word_1_9' title='bbox 753 290 795 330; x_wconf 92' lang='lat' dir='ltr'>et</span> <span class='ocrx_word' id='word_1_10' title='bbox 824 287 1045 339; x_wconf 89' lang='lat' dir='ltr'>Ebionaei,</span> <span class='ocrx_word' id='word_1_11' title='bbox 1078 290 1120 329; x_wconf 91' lang='lat' dir='ltr'>et</span> <span class='ocrx_word' id='word_1_12' title='bbox 1150 288 1224 341; x_wconf 84' lang='lat' dir='ltr'>qui</span> <span class='ocrx_word' id='word_1_13' title='bbox 1252 286 1464 329; x_wconf 82' lang='lat' dir='ltr'>Nazaraei</span> <span class='ocrx_word' id='word_1_14' title='bbox 1496 287 1599 330; x_wconf 83' lang='lat' dir='ltr'>dicti</span> <span class='ocrx_word' id='word_1_15' title='bbox 1628 290 1813 344; x_wconf 65' lang='lat' dir='ltr'>ruerunt,</span> 
     </span>
     <span class='ocr_line' id='line_1_3' title="bbox 253 359 1811 420; baseline 0.001 -18"><span class='ocrx_word' id='word_1_16' title='bbox 253 361 367 414; x_wconf 85' lang='lat' dir='ltr'>apud</span> <span class='ocrx_word' id='word_1_17' title='bbox 403 359 618 413; x_wconf 87' lang='lat' dir='ltr'>Epiphan.</span> <span class='ocrx_word' id='word_1_18' title='bbox 655 359 817 420; x_wconf 89' lang='lat' dir='ltr'>haeres.</span> <span class='ocrx_word' id='word_1_19' title='bbox 857 360 918 400; x_wconf 80' lang='grc'>18.</span> <span class='ocrx_word' id='word_1_20' title='bbox 958 361 1000 400; x_wconf 92' lang='lat' dir='ltr'>et</span> <span class='ocrx_word' id='word_1_21' title='bbox 1035 359 1218 412; x_wconf 85' lang='lat' dir='ltr'>August.</span> <span class='ocrx_word' id='word_1_22' title='bbox 1255 359 1414 401; x_wconf 73' lang='lat' dir='ltr'>haeres</span> <span class='ocrx_word' id='word_1_23' title='bbox 1455 361 1492 401; x_wconf 81' lang='lat'>9.</span> <span class='ocrx_word' id='word_1_24' title='bbox 1532 360 1684 412; x_wconf 87' lang='lat' dir='ltr'>quibus</span> <span class='ocrx_word' id='word_1_25' title='bbox 1725 377 1811 404; x_wconf 88' lang='lat' dir='ltr'>non</span> 
     </span>
     <span class='ocr_line' id='line_1_4' title="bbox 252 429 1814 483; baseline 0.001 -10"><span class='ocrx_word' id='word_1_26' title='bbox 252 433 368 473; x_wconf 84' lang='lat' dir='ltr'>favet</span> <span class='ocrx_word' id='word_1_27' title='bbox 406 430 520 483; x_wconf 84' lang='lat' dir='ltr'>quod</span> <span class='ocrx_word' id='word_1_28' title='bbox 549 433 647 483; x_wconf 88' lang='lat' dir='ltr'>post</span> <span class='ocrx_word' id='word_1_29' title='bbox 676 431 1029 472; x_wconf 87' lang='lat' dir='ltr'>resurrectionem</span> <span class='ocrx_word' id='word_1_30' title='bbox 1058 429 1228 481; x_wconf 89' lang='lat' dir='ltr'>Christi,</span> <span class='ocrx_word' id='word_1_31' title='bbox 1258 429 1417 472; x_wconf 88' lang='lat' dir='ltr'>Paulus</span> <span class='ocrx_word' id='word_1_32' title='bbox 1447 430 1710 473; x_wconf 84' lang='lat' dir='ltr'>circumcidit</span> <span class='ocrx_word' id='word_1_33' title='bbox 1740 433 1814 475; x_wconf 84' lang='lat' dir='ltr'>Ti-</span> 
     </span>
     <span class='ocr_line' id='line_1_5' title="bbox 253 500 1814 555; baseline 0.001 -11"><span class='ocrx_word' id='word_1_34' title='bbox 253 502 486 554; x_wconf 88' lang='lat' dir='ltr'>motheum,</span> <span class='ocrx_word' id='word_1_35' title='bbox 523 502 619 544; x_wconf 80' lang='lat' dir='ltr'>Act.</span> <span class='ocrx_word' id='word_1_36' title='bbox 661 503 722 553; x_wconf 81' lang='lat'>16,</span> <span class='ocrx_word' id='word_1_37' title='bbox 760 503 797 543; x_wconf 80' lang='lat'>3.</span> <span class='ocrx_word' id='word_1_38' title='bbox 829 504 870 543; x_wconf 92' lang='lat' dir='ltr'>et</span> <span class='ocrx_word' id='word_1_39' title='bbox 900 516 951 543; x_wconf 86' lang='lat' dir='ltr'>ex</span> <span class='ocrx_word' id='word_1_40' title='bbox 981 501 1158 543; x_wconf 89' lang='lat' dir='ltr'>consilio</span> <span class='ocrx_word' id='word_1_41' title='bbox 1187 500 1353 553; x_wconf 86' lang='lat' dir='ltr'>Jacobi,</span> <span class='ocrx_word' id='word_1_42' title='bbox 1384 501 1477 554; x_wconf 86' lang='lat' dir='ltr'>ipse</span> <span class='ocrx_word' id='word_1_43' title='bbox 1507 516 1602 543; x_wconf 91' lang='lat' dir='ltr'>cum</span> <span class='ocrx_word' id='word_1_44' title='bbox 1633 502 1740 555; x_wconf 87' lang='lat' dir='ltr'>aliis,</span> <span class='ocrx_word' id='word_1_45' title='bbox 1771 518 1814 545; x_wconf 90' lang='lat' dir='ltr'>se</span> 
     </span>
     <span class='ocr_line' id='line_1_6' title="bbox 253 572 1815 627; baseline 0 -12"><span class='ocrx_word' id='word_1_46' title='bbox 253 573 431 615; x_wconf 79' lang='lat' dir='ltr'>Judaica</span> <span class='ocrx_word' id='word_1_47' title='bbox 460 574 697 615; x_wconf 78' lang='lat' dir='ltr'>ceremonia</span> <span class='ocrx_word' id='word_1_48' title='bbox 726 572 980 627; x_wconf 88' lang='lat' dir='ltr'>purificavit,</span> <span class='ocrx_word' id='word_1_49' title='bbox 1010 572 1106 614; x_wconf 88' lang='lat' dir='ltr'>Act.</span> <span class='ocrx_word' id='word_1_50' title='bbox 1136 573 1199 614; x_wconf 82' lang='grc'>21.</span> <span class='ocrx_word' id='word_1_51' title='bbox 1229 587 1335 614; x_wconf 89' lang='lat' dir='ltr'>vers.</span> <span class='ocrx_word' id='word_1_52' title='bbox 1366 573 1428 614; x_wconf 84' lang='grc'>16.</span> <span class='ocrx_word' id='word_1_53' title='bbox 1459 587 1542 625; x_wconf 86' lang='lat' dir='ltr'>qua</span> <span class='ocrx_word' id='word_1_54' title='bbox 1569 573 1614 614; x_wconf 90' lang='lat' dir='ltr'>in</span> <span class='ocrx_word' id='word_1_55' title='bbox 1637 588 1683 615; x_wconf 88' lang='lat' dir='ltr'>re</span> <span class='ocrx_word' id='word_1_56' title='bbox 1707 574 1815 615; x_wconf 82' lang='lat' dir='ltr'>nihil</span> 
     </span>
     <span class='ocr_line' id='line_1_7' title="bbox 253 643 1814 699; baseline 0.001 -13"><span class='ocrx_word' id='word_1_57' title='bbox 253 645 560 699; x_wconf 82' lang='lat' dir='ltr'>praejudicavit</span> <span class='ocrx_word' id='word_1_58' title='bbox 589 644 854 686; x_wconf 86' lang='lat' dir='ltr'>Christianae</span> <span class='ocrx_word' id='word_1_59' title='bbox 882 644 1085 695; x_wconf 70' lang='lat' dir='ltr'>libertati,</span> <span class='ocrx_word' id='word_1_60' title='bbox 1116 644 1232 696; x_wconf 85' lang='lat' dir='ltr'>cujus</span> <span class='ocrx_word' id='word_1_61' title='bbox 1261 643 1364 685; x_wconf 85' lang='lat' dir='ltr'>alibi</span> <span class='ocrx_word' id='word_1_62' title='bbox 1393 646 1541 685; x_wconf 86' lang='lat' dir='ltr'>contra</span> <span class='ocrx_word' id='word_1_63' title='bbox 1568 644 1814 698; x_wconf 81' lang='lat' dir='ltr'>imprudens</span> 
     </span>
     <span class='ocr_line' id='line_1_8' title="bbox 253 714 1731 768; baseline -0.001 -10"><span class='ocrx_word' id='word_1_64' title='bbox 253 717 369 759; x_wconf 86' lang='lat' dir='ltr'>Petri</span> <span class='ocrx_word' id='word_1_65' title='bbox 398 716 570 768; x_wconf 84' lang='lat' dir='ltr'>factum,</span> <span class='ocrx_word' id='word_1_66' title='bbox 601 731 644 759; x_wconf 92' lang='lat' dir='ltr'>se</span> <span class='ocrx_word' id='word_1_67' title='bbox 674 719 929 758; x_wconf 88' lang='lat' dir='ltr'>assertorem</span> <span class='ocrx_word' id='word_1_68' title='bbox 958 718 1176 758; x_wconf 88' lang='lat' dir='ltr'>strenuum</span> <span class='ocrx_word' id='word_1_69' title='bbox 1205 715 1449 766; x_wconf 83' lang='lat' dir='ltr'>declaravit,</span> <span class='ocrx_word' id='word_1_70' title='bbox 1480 714 1570 757; x_wconf 79' lang='lat' dir='ltr'>Gal.</span> <span class='ocrx_word' id='word_1_71' title='bbox 1600 717 1637 767; x_wconf 82' lang='lat'>2,</span> <span class='ocrx_word' id='word_1_72' title='bbox 1670 716 1731 757; x_wconf 83' lang='grc'>14.</span> 
     </span>
    </p>

    <p class='ocr_par' dir='ltr' id='par_1_3' title="bbox 251 787 1815 1619">
     <span class='ocr_line' id='line_1_9' title="bbox 304 787 1814 844; baseline -0.001 -14"><span class='ocrx_word' id='word_1_73' title='bbox 304 788 439 831; x_wconf 88' lang='lat' dir='ltr'>XXV.</span> <span class='ocrx_word' id='word_1_74' title='bbox 469 789 553 831; x_wconf 93' lang='lat' dir='ltr'>Hic</span> <span class='ocrx_word' id='word_1_75' title='bbox 584 804 685 844; x_wconf 80' lang='lat' dir='ltr'>ergo</span> <span class='ocrx_word' id='word_1_76' title='bbox 716 791 780 831; x_wconf 89' lang='lat' dir='ltr'>est</span> <span class='ocrx_word' id='word_1_77' title='bbox 807 788 1047 831; x_wconf 86' lang='lat' dir='ltr'>adhibenda</span> <span class='ocrx_word' id='word_1_78' title='bbox 1075 788 1306 839; x_wconf 86' lang='lat' dir='ltr'>distinctio,</span> <span class='ocrx_word' id='word_1_79' title='bbox 1338 802 1467 840; x_wconf 86' lang='lat' dir='ltr'>quam</span> <span class='ocrx_word' id='word_1_80' title='bbox 1491 787 1544 828; x_wconf 91' lang='lat' dir='ltr'>ab</span> <span class='ocrx_word' id='word_1_81' title='bbox 1569 787 1814 841; x_wconf 84' lang='lat' dir='ltr'>Augustino</span> 
     </span>
     <span class='ocr_line' id='line_1_10' title="bbox 253 858 1813 919; baseline -0.003 -14"><span class='ocrx_word' id='word_1_82' title='bbox 253 862 407 905; x_wconf 80' lang='lat' dir='ltr'>Schola</span> <span class='ocrx_word' id='word_1_83' title='bbox 435 861 697 915; x_wconf 86' lang='lat' dir='ltr'>Theologica</span> <span class='ocrx_word' id='word_1_84' title='bbox 725 862 922 902; x_wconf 88' lang='lat' dir='ltr'>mutuata</span> <span class='ocrx_word' id='word_1_85' title='bbox 952 862 1027 912; x_wconf 87' lang='lat' dir='ltr'>est,</span> <span class='ocrx_word' id='word_1_86' title='bbox 1056 859 1248 919; x_wconf 87' lang='lat' dir='ltr'>potuisse</span> <span class='ocrx_word' id='word_1_87' title='bbox 1278 873 1431 912; x_wconf 88' lang='lat' dir='ltr'>nempe</span> <span class='ocrx_word' id='word_1_88' title='bbox 1459 861 1559 912; x_wconf 88' lang='lat' dir='ltr'>post</span> <span class='ocrx_word' id='word_1_89' title='bbox 1584 858 1813 912; x_wconf 87' lang='lat' dir='ltr'>Christum,</span> 
     </span>
     <span class='ocr_line' id='line_1_11' title="bbox 252 923 1812 986; baseline -0.001 -11"><span class='ocrx_word' id='word_1_90' title='bbox 252 934 305 976; x_wconf 82' lang='lat' dir='ltr'>ad</span> <span class='ocrx_word' id='word_1_91' title='bbox 346 948 480 986; x_wconf 86' lang='lat' dir='ltr'>usque</span> <span class='ocrx_word' id='word_1_92' title='bbox 522 923 800 974; x_wconf 85' lang='lat' dir='ltr'>sufficientem</span> <span class='ocrx_word' id='word_1_93' title='bbox 845 931 1159 985; x_wconf 81' lang='lat' dir='ltr'>evulgationem</span> <span class='ocrx_word' id='word_1_94' title='bbox 1201 930 1427 984; x_wconf 83' lang='lat' dir='ltr'>Evangelii</span> <span class='ocrx_word' id='word_1_95' title='bbox 1463 930 1575 972; x_wconf 87' lang='lat' dir='ltr'>inter</span> <span class='ocrx_word' id='word_1_96' title='bbox 1614 930 1812 983; x_wconf 82' lang='lat' dir='ltr'>Judaeos,</span> 
     </span>
     <span class='ocr_line' id='line_1_12' title="bbox 253 1002 1814 1056; baseline -0.002 -9"><span class='ocrx_word' id='word_1_97' title='bbox 253 1004 548 1047; x_wconf 84' lang='lat' dir='ltr'>ceremonialia</span> <span class='ocrx_word' id='word_1_98' title='bbox 586 1004 814 1055; x_wconf 87' lang='lat' dir='ltr'>observari,</span> <span class='ocrx_word' id='word_1_99' title='bbox 853 1018 940 1045; x_wconf 90' lang='grc'><strong>11011</strong></span> <span class='ocrx_word' id='word_1_100' title='bbox 970 1003 1140 1056; x_wconf 84' lang='lat' dir='ltr'>quidem</span> <span class='ocrx_word' id='word_1_101' title='bbox 1169 1006 1391 1056; x_wconf 88' lang='lat' dir='ltr'>tamquam</span> <span class='ocrx_word' id='word_1_102' title='bbox 1420 1002 1637 1045; x_wconf 87' lang='lat' dir='ltr'>Christum</span> <span class='ocrx_word' id='word_1_103' title='bbox 1664 1005 1814 1044; x_wconf 88' lang='lat' dir='ltr'>ventu-</span> 
     </span>
     <span class='ocr_line' id='line_1_13' title="bbox 252 1074 1813 1129; baseline -0.001 -12"><span class='ocrx_word' id='word_1_104' title='bbox 252 1091 346 1117; x_wconf 84' lang='lat' dir='ltr'>rum</span> <span class='ocrx_word' id='word_1_105' title='bbox 382 1075 786 1129; x_wconf 81' lang='lat' dir='ltr'>praesignificantia,</span> <span class='ocrx_word' id='word_1_106' title='bbox 822 1078 896 1117; x_wconf 88' lang='lat' dir='ltr'>aut</span> <span class='ocrx_word' id='word_1_107' title='bbox 926 1090 977 1117; x_wconf 84' lang='lat' dir='ltr'>ex</span> <span class='ocrx_word' id='word_1_108' title='bbox 1007 1076 1209 1129; x_wconf 87' lang='lat' dir='ltr'>opinione</span> <span class='ocrx_word' id='word_1_109' title='bbox 1238 1075 1503 1117; x_wconf 70' lang='lat' dir='ltr'>necessitatis</span> <span class='ocrx_word' id='word_1_110' title='bbox 1532 1075 1584 1116; x_wconf 83' lang='lat' dir='ltr'>ad</span> <span class='ocrx_word' id='word_1_111' title='bbox 1614 1074 1813 1125; x_wconf 83' lang='lat' dir='ltr'>salutem3</span> 
     </span>
     <span class='ocr_line' id='line_1_14' title="bbox 253 1145 1815 1201; baseline -0.001 -12"><span class='ocrx_word' id='word_1_112' title='bbox 253 1148 326 1190; x_wconf 84' lang='lat' dir='ltr'>sed</span> <span class='ocrx_word' id='word_1_113' title='bbox 353 1150 401 1189; x_wconf 90' lang='lat' dir='ltr'>ut</span> <span class='ocrx_word' id='word_1_114' title='bbox 429 1147 630 1189; x_wconf 85' lang='lat' dir='ltr'>mandata</span> <span class='ocrx_word' id='word_1_115' title='bbox 658 1162 682 1188; x_wconf 90' lang='lat' dir='ltr'>a</span> <span class='ocrx_word' id='word_1_116' title='bbox 709 1147 823 1189; x_wconf 91' lang='lat' dir='ltr'>bono</span> <span class='ocrx_word' id='word_1_117' title='bbox 854 1148 1026 1188; x_wconf 89' lang='lat' dir='ltr'>auctore</span> <span class='ocrx_word' id='word_1_118' title='bbox 1055 1146 1260 1201; x_wconf 86' lang='lat' dir='ltr'>profecta,</span> <span class='ocrx_word' id='word_1_119' title='bbox 1289 1161 1366 1199; x_wconf 88' lang='lat' dir='ltr'>per</span> <span class='ocrx_word' id='word_1_120' title='bbox 1389 1146 1633 1199; x_wconf 86' lang='lat' dir='ltr'>passionem</span> <span class='ocrx_word' id='word_1_121' title='bbox 1656 1145 1815 1188; x_wconf 86' lang='lat' dir='ltr'>Christi</span> 
     </span>
     <span class='ocr_line' id='line_1_15' title="bbox 252 1218 1815 1272; baseline 0 -12"><span class='ocrx_word' id='word_1_122' title='bbox 252 1221 422 1261; x_wconf 86' lang='lat' dir='ltr'>mortua</span> <span class='ocrx_word' id='word_1_123' title='bbox 463 1219 633 1272; x_wconf 86' lang='lat' dir='ltr'>quidem</span> <span class='ocrx_word' id='word_1_124' title='bbox 673 1221 713 1260; x_wconf 90' lang='lat' dir='ltr'>et</span> <span class='ocrx_word' id='word_1_125' title='bbox 751 1221 966 1270; x_wconf 86' lang='lat' dir='ltr'>evacuata,</span> <span class='ocrx_word' id='word_1_126' title='bbox 1006 1233 1101 1259; x_wconf 90' lang='lat' dir='ltr'>cum</span> <span class='ocrx_word' id='word_1_127' title='bbox 1138 1218 1282 1270; x_wconf 90' lang='lat' dir='ltr'>aliquo</span> <span class='ocrx_word' id='word_1_128' title='bbox 1320 1220 1464 1259; x_wconf 88' lang='lat' dir='ltr'>tamen</span> <span class='ocrx_word' id='word_1_129' title='bbox 1501 1218 1665 1260; x_wconf 86' lang='lat' dir='ltr'>honore</span> <span class='ocrx_word' id='word_1_130' title='bbox 1695 1233 1815 1272; x_wconf 90' lang='lat' dir='ltr'>sepe-</span> 
     </span>
     <span class='ocr_line' id='line_1_16' title="bbox 251 1288 1814 1343; baseline -0.001 -11"><span class='ocrx_word' id='word_1_131' title='bbox 251 1290 393 1332; x_wconf 86' lang='lat' dir='ltr'>lienda</span> <span class='ocrx_word' id='word_1_132' title='bbox 423 1293 465 1331; x_wconf 92' lang='lat' dir='ltr'>et</span> <span class='ocrx_word' id='word_1_133' title='bbox 494 1290 546 1331; x_wconf 87' lang='lat' dir='ltr'>ad</span> <span class='ocrx_word' id='word_1_134' title='bbox 574 1289 814 1343; x_wconf 86' lang='lat' dir='ltr'>sepulcrum</span> <span class='ocrx_word' id='word_1_135' title='bbox 843 1288 1078 1332; x_wconf 87' lang='lat' dir='ltr'>deferenda.</span> <span class='ocrx_word' id='word_1_136' title='bbox 1108 1289 1212 1331; x_wconf 90' lang='lat' dir='ltr'>Post</span> <span class='ocrx_word' id='word_1_137' title='bbox 1240 1289 1345 1331; x_wconf 83' lang='lat' dir='ltr'>illud</span> <span class='ocrx_word' id='word_1_138' title='bbox 1370 1292 1513 1332; x_wconf 89' lang='lat' dir='ltr'>autem</span> <span class='ocrx_word' id='word_1_139' title='bbox 1536 1292 1705 1343; x_wconf 88' lang='lat' dir='ltr'>tempus</span> <span class='ocrx_word' id='word_1_140' title='bbox 1728 1305 1814 1332; x_wconf 89' lang='lat' dir='ltr'>non</span> 
     </span>
     <span class='ocr_line' id='line_1_17' title="bbox 253 1362 1814 1416; baseline 0 -13"><span class='ocrx_word' id='word_1_141' title='bbox 253 1362 435 1415; x_wconf 88' lang='lat' dir='ltr'>amplius</span> <span class='ocrx_word' id='word_1_142' title='bbox 462 1362 506 1403; x_wconf 84' lang='lat' dir='ltr'>id</span> <span class='ocrx_word' id='word_1_143' title='bbox 535 1362 702 1404; x_wconf 82' lang='lat' dir='ltr'>licuisse</span> <span class='ocrx_word' id='word_1_144' title='bbox 730 1377 807 1403; x_wconf 89' lang='lat' dir='ltr'>nec</span> <span class='ocrx_word' id='word_1_145' title='bbox 834 1363 924 1415; x_wconf 84' lang='lat' dir='ltr'>jam</span> <span class='ocrx_word' id='word_1_146' title='bbox 948 1363 1088 1414; x_wconf 88' lang='lat' dir='ltr'>licere,</span> <span class='ocrx_word' id='word_1_147' title='bbox 1112 1363 1195 1404; x_wconf 87' lang='lat' dir='ltr'>nisi</span> <span class='ocrx_word' id='word_1_148' title='bbox 1220 1363 1314 1415; x_wconf 86' lang='lat' dir='ltr'>quis</span> <span class='ocrx_word' id='word_1_149' title='bbox 1338 1362 1487 1404; x_wconf 89' lang='lat' dir='ltr'>haberi</span> <span class='ocrx_word' id='word_1_150' title='bbox 1512 1363 1614 1404; x_wconf 89' lang='lat' dir='ltr'>velit</span> <span class='ocrx_word' id='word_1_151' title='bbox 1638 1363 1814 1416; x_wconf 86' lang='lat' dir='ltr'>sepul-</span> 
     </span>
     <span class='ocr_line' id='line_1_18' title="bbox 254 1433 1815 1487; baseline -0.001 -11"><span class='ocrx_word' id='word_1_152' title='bbox 254 1435 328 1476; x_wconf 91' lang='lat' dir='ltr'>cri</span> <span class='ocrx_word' id='word_1_153' title='bbox 367 1434 622 1476; x_wconf 88' lang='lat' dir='ltr'>violator.</span> <span class='ocrx_word' id='word_1_154' title='bbox 661 1434 779 1476; x_wconf 86' lang='lat' dir='ltr'>Tunc</span> <span class='ocrx_word' id='word_1_155' title='bbox 816 1434 987 1487; x_wconf 79' lang='lat' dir='ltr'>quidem</span> <span class='ocrx_word' id='word_1_156' title='bbox 1025 1433 1154 1475; x_wconf 85' lang='lat' dir='ltr'>fuisse</span> <span class='ocrx_word' id='word_1_157' title='bbox 1192 1435 1372 1485; x_wconf 88' lang='lat' dir='ltr'>mortua,</span> <span class='ocrx_word' id='word_1_158' title='bbox 1413 1433 1485 1475; x_wconf 83' lang='lat' dir='ltr'>secl</span> <span class='ocrx_word' id='word_1_159' title='bbox 1514 1447 1562 1475; x_wconf 93' lang='lat' dir='ltr'>eo</span> <span class='ocrx_word' id='word_1_160' title='bbox 1593 1448 1677 1486; x_wconf 83' lang='lat' dir='ltr'>quo</span> <span class='ocrx_word' id='word_1_161' title='bbox 1708 1433 1815 1475; x_wconf 84' lang='lat' dir='ltr'>dixi-</span> 
     </span>
     <span class='ocr_line' id='line_1_19' title="bbox 251 1505 1814 1559; baseline 0 -12"><span class='ocrx_word' id='word_1_162' title='bbox 251 1521 344 1547; x_wconf 86' lang='lat' dir='ltr'>mus</span> <span class='ocrx_word' id='word_1_163' title='bbox 373 1521 509 1556; x_wconf 88' lang='lat' dir='ltr'>sensu,</span> <span class='ocrx_word' id='word_1_164' title='bbox 541 1509 583 1547; x_wconf 92' lang='lat' dir='ltr'>et</span> <span class='ocrx_word' id='word_1_165' title='bbox 612 1508 659 1547; x_wconf 90' lang='lat' dir='ltr'>ut</span> <span class='ocrx_word' id='word_1_166' title='bbox 686 1506 767 1547; x_wconf 87' lang='lat' dir='ltr'>duo</span> <span class='ocrx_word' id='word_1_167' title='bbox 796 1506 947 1559; x_wconf 87' lang='lat' dir='ltr'>populi</span> <span class='ocrx_word' id='word_1_168' title='bbox 981 1505 1277 1557; x_wconf 78' lang='lat' dir='ltr'>coalescerent,</span> <span class='ocrx_word' id='word_1_169' title='bbox 1301 1505 1489 1547; x_wconf 83' lang='lat' dir='ltr'>nondum</span> <span class='ocrx_word' id='word_1_170' title='bbox 1512 1505 1814 1548; x_wconf 85' lang='lat' dir='ltr'>mortifera.</span> 
     </span>
     <span class='ocr_line' id='line_1_20' title="bbox 253 1576 1144 1619; baseline 0 -1"><span class='ocrx_word' id='word_1_171' title='bbox 253 1577 410 1619; x_wconf 86' lang='lat' dir='ltr'>Postea</span> <span class='ocrx_word' id='word_1_172' title='bbox 438 1591 537 1618; x_wconf 89' lang='lat' dir='ltr'>vero</span> <span class='ocrx_word' id='word_1_173' title='bbox 569 1579 610 1618; x_wconf 91' lang='lat' dir='ltr'>et</span> <span class='ocrx_word' id='word_1_174' title='bbox 639 1579 808 1618; x_wconf 89' lang='lat' dir='ltr'>mortua</span> <span class='ocrx_word' id='word_1_175' title='bbox 839 1579 881 1618; x_wconf 91' lang='lat' dir='ltr'>et</span> <span class='ocrx_word' id='word_1_176' title='bbox 910 1576 1144 1618; x_wconf 84' lang='lat' dir='ltr'>mortifera.</span> 
     </span>
    </p>

    <p class='ocr_par' dir='ltr' id='par_1_4' title="bbox 249 1646 1815 2131">
     <span class='ocr_line' id='line_1_21' title="bbox 304 1646 1814 1702; baseline 0.001 -13"><span class='ocrx_word' id='word_1_177' title='bbox 304 1646 460 1689; x_wconf 90' lang='lat' dir='ltr'>XXVI.</span> <span class='ocrx_word' id='word_1_178' title='bbox 490 1646 581 1689; x_wconf 90' lang='lat' dir='ltr'>Nec</span> <span class='ocrx_word' id='word_1_179' title='bbox 611 1650 675 1689; x_wconf 91' lang='lat' dir='ltr'>est</span> <span class='ocrx_word' id='word_1_180' title='bbox 705 1647 819 1700; x_wconf 86' lang='lat' dir='ltr'>quod</span> <span class='ocrx_word' id='word_1_181' title='bbox 845 1647 939 1700; x_wconf 88' lang='lat' dir='ltr'>quis</span> <span class='ocrx_word' id='word_1_182' title='bbox 965 1647 1163 1701; x_wconf 84' lang='lat' dir='ltr'>excipiat,</span> <span class='ocrx_word' id='word_1_183' title='bbox 1188 1663 1231 1690; x_wconf 92' lang='lat' dir='ltr'>se</span> <span class='ocrx_word' id='word_1_184' title='bbox 1254 1647 1419 1690; x_wconf 86' lang='lat' dir='ltr'>auferre</span> <span class='ocrx_word' id='word_1_185' title='bbox 1444 1648 1814 1702; x_wconf 84' lang='lat' dir='ltr'>significationem,</span> 
     </span>
     <span class='ocr_line' id='line_1_22' title="bbox 251 1718 1813 1774; baseline 0.001 -13"><span class='ocrx_word' id='word_1_186' title='bbox 251 1734 388 1773; x_wconf 86' lang='lat' dir='ltr'>neque</span> <span class='ocrx_word' id='word_1_187' title='bbox 429 1719 626 1761; x_wconf 85' lang='lat' dir='ltr'>inducere</span> <span class='ocrx_word' id='word_1_188' title='bbox 668 1719 977 1771; x_wconf 89' lang='lat' dir='ltr'>necessitatem,</span> <span class='ocrx_word' id='word_1_189' title='bbox 1023 1721 1063 1760; x_wconf 92' lang='lat' dir='ltr'>et</span> <span class='ocrx_word' id='word_1_190' title='bbox 1105 1719 1202 1761; x_wconf 85' lang='lat' dir='ltr'>inde</span> <span class='ocrx_word' id='word_1_191' title='bbox 1247 1718 1380 1772; x_wconf 83' lang='lat' dir='ltr'>(quod</span> <span class='ocrx_word' id='word_1_192' title='bbox 1420 1719 1522 1761; x_wconf 82' lang='lat' dir='ltr'>fecit</span> <span class='ocrx_word' id='word_1_193' title='bbox 1571 1719 1813 1774; x_wconf 84' lang='lat' dir='ltr'>Cajetanus)</span> 
     </span>
     <span class='ocr_line' id='line_1_23' title="bbox 251 1790 1813 1845; baseline 0 -13"><span class='ocrx_word' id='word_1_194' title='bbox 251 1791 516 1845; x_wconf 87' lang='lat' dir='ltr'>Aethiopum</span> <span class='ocrx_word' id='word_1_195' title='bbox 554 1791 905 1844; x_wconf 87' lang='lat' dir='ltr'>superstitionem</span> <span class='ocrx_word' id='word_1_196' title='bbox 935 1793 1117 1843; x_wconf 82' lang='lat' dir='ltr'>excuset,</span> <span class='ocrx_word' id='word_1_197' title='bbox 1148 1791 1221 1844; x_wconf 90' lang='lat' dir='ltr'>qui</span> <span class='ocrx_word' id='word_1_198' title='bbox 1251 1791 1304 1832; x_wconf 83' lang='lat' dir='ltr'>ad</span> <span class='ocrx_word' id='word_1_199' title='bbox 1332 1790 1617 1833; x_wconf 90' lang='lat' dir='ltr'>imitationem</span> <span class='ocrx_word' id='word_1_200' title='bbox 1642 1790 1813 1842; x_wconf 82' lang='lat' dir='ltr'>Christi,</span> 
     </span>
     <span class='ocr_line' id='line_1_24' title="bbox 250 1861 1815 1915; baseline 0 -12"><span class='ocrx_word' id='word_1_201' title='bbox 250 1876 337 1904; x_wconf 90' lang='lat' dir='ltr'>non</span> <span class='ocrx_word' id='word_1_202' title='bbox 375 1862 428 1903; x_wconf 86' lang='lat' dir='ltr'>ad</span> <span class='ocrx_word' id='word_1_203' title='bbox 457 1862 825 1915; x_wconf 83' lang='lat' dir='ltr'>significationem,</span> <span class='ocrx_word' id='word_1_204' title='bbox 857 1861 1218 1904; x_wconf 87' lang='lat' dir='ltr'>circumcisionem</span> <span class='ocrx_word' id='word_1_205' title='bbox 1248 1862 1487 1904; x_wconf 89' lang='lat' dir='ltr'>observant.</span> <span class='ocrx_word' id='word_1_206' title='bbox 1512 1861 1560 1903; x_wconf 86' lang='lat' dir='ltr'>Id</span> <span class='ocrx_word' id='word_1_207' title='bbox 1592 1861 1704 1904; x_wconf 90' lang='lat' dir='ltr'>enim</span> <span class='ocrx_word' id='word_1_208' title='bbox 1731 1862 1815 1903; x_wconf 87' lang='lat' dir='ltr'>illi-</span> 
     </span>
     <span class='ocr_line' id='line_1_25' title="bbox 252 1934 1813 1985; baseline 0.001 -10"><span class='ocrx_word' id='word_1_209' title='bbox 252 1934 383 1975; x_wconf 90' lang='lat' dir='ltr'>citum</span> <span class='ocrx_word' id='word_1_210' title='bbox 420 1948 520 1985; x_wconf 89' lang='lat' dir='ltr'>esse,</span> <span class='ocrx_word' id='word_1_211' title='bbox 560 1935 688 1975; x_wconf 88' lang='lat' dir='ltr'>etiam</span> <span class='ocrx_word' id='word_1_212' title='bbox 728 1934 799 1975; x_wconf 92' lang='lat' dir='ltr'>alii</span> <span class='ocrx_word' id='word_1_213' title='bbox 829 1949 879 1976; x_wconf 84' lang='lat' dir='ltr'>ex</span> <span class='ocrx_word' id='word_1_214' title='bbox 910 1934 1055 1976; x_wconf 85' lang='lat' dir='ltr'>eadem</span> <span class='ocrx_word' id='word_1_215' title='bbox 1084 1934 1228 1976; x_wconf 88' lang='lat' dir='ltr'>schola</span> <span class='ocrx_word' id='word_1_216' title='bbox 1256 1935 1370 1975; x_wconf 92' lang='lat' dir='ltr'>recte</span> <span class='ocrx_word' id='word_1_217' title='bbox 1401 1934 1601 1985; x_wconf 87' lang='lat' dir='ltr'>sentiunt,</span> <span class='ocrx_word' id='word_1_218' title='bbox 1631 1949 1717 1976; x_wconf 89' lang='lat' dir='ltr'>non</span> <span class='ocrx_word' id='word_1_219' title='bbox 1746 1949 1813 1976; x_wconf 87' lang='lat' dir='ltr'>so-</span> 
     </span>
     <span class='ocr_line' id='line_1_26' title="bbox 249 2004 1815 2059; baseline 0.001 -14"><span class='ocrx_word' id='word_1_220' title='bbox 249 2005 337 2046; x_wconf 87' lang='lat' dir='ltr'>lum</span> <span class='ocrx_word' id='word_1_221' title='bbox 364 2008 544 2059; x_wconf 88' lang='lat' dir='ltr'>propter</span> <span class='ocrx_word' id='word_1_222' title='bbox 573 2005 831 2058; x_wconf 86' lang='lat' dir='ltr'>scandalum,</span> <span class='ocrx_word' id='word_1_223' title='bbox 861 2006 932 2047; x_wconf 84' lang='lat' dir='ltr'>sed</span> <span class='ocrx_word' id='word_1_224' title='bbox 964 2005 1093 2047; x_wconf 90' lang='lat' dir='ltr'>etiam</span> <span class='ocrx_word' id='word_1_225' title='bbox 1123 2005 1222 2058; x_wconf 88' lang='lat' dir='ltr'>quia</span> <span class='ocrx_word' id='word_1_226' title='bbox 1252 2005 1388 2046; x_wconf 88' lang='lat' dir='ltr'>cultus</span> <span class='ocrx_word' id='word_1_227' title='bbox 1417 2004 1503 2056; x_wconf 91' lang='lat' dir='ltr'>ille,</span> <span class='ocrx_word' id='word_1_228' title='bbox 1532 2019 1618 2046; x_wconf 88' lang='lat' dir='ltr'>non</span> <span class='ocrx_word' id='word_1_229' title='bbox 1646 2008 1815 2047; x_wconf 88' lang='lat' dir='ltr'>tantum</span> 
     </span>
     <span class='ocr_line' id='line_1_27' title="bbox 252 2076 1814 2131; baseline 0.001 -13"><span class='ocrx_word' id='word_1_230' title='bbox 252 2080 430 2131; x_wconf 88' lang='lat' dir='ltr'>propter</span> <span class='ocrx_word' id='word_1_231' title='bbox 455 2076 812 2130; x_wconf 85' lang='lat' dir='ltr'>significationem</span> <span class='ocrx_word' id='word_1_232' title='bbox 838 2076 997 2118; x_wconf 88' lang='lat' dir='ltr'>Christi</span> <span class='ocrx_word' id='word_1_233' title='bbox 1017 2076 1160 2130; x_wconf 86' lang='lat' dir='ltr'>futuri,</span> <span class='ocrx_word' id='word_1_234' title='bbox 1189 2077 1261 2118; x_wconf 84' lang='lat' dir='ltr'>sed</span> <span class='ocrx_word' id='word_1_235' title='bbox 1282 2077 1411 2119; x_wconf 87' lang='lat' dir='ltr'>etiam</span> <span class='ocrx_word' id='word_1_236' title='bbox 1432 2079 1609 2130; x_wconf 88' lang='lat' dir='ltr'>propter</span> <span class='ocrx_word' id='word_1_237' title='bbox 1628 2078 1814 2130; x_wconf 84' lang='lat' dir='ltr'>modum,</span> 
     </span>
    </p>
   </div>
   <div class='ocr_carea' id='block_1_3' title="bbox 250 2148 1875 2202">
    <p class='ocr_par' dir='ltr' id='par_1_5' title="bbox 250 2148 1875 2202">
     <span class='ocr_line' id='line_1_28' title="bbox 250 2148 1875 2202; baseline 0 -12"><span class='ocrx_word' id='word_1_238' title='bbox 250 2151 463 2202; x_wconf 79' lang='lat' dir='ltr'>repugnat</span> <span class='ocrx_word' id='word_1_239' title='bbox 513 2148 684 2190; x_wconf 89' lang='lat' dir='ltr'>veritati</span> <span class='ocrx_word' id='word_1_240' title='bbox 737 2150 778 2190; x_wconf 92' lang='lat' dir='ltr'>et</span> <span class='ocrx_word' id='word_1_241' title='bbox 820 2148 1073 2202; x_wconf 87' lang='lat' dir='ltr'>perfectioni</span> <span class='ocrx_word' id='word_1_242' title='bbox 1116 2148 1350 2201; x_wconf 84' lang='lat' dir='ltr'>Evangelii,</span> <span class='ocrx_word' id='word_1_243' title='bbox 1395 2163 1471 2202; x_wconf 88' lang='lat' dir='ltr'>per</span> <span class='ocrx_word' id='word_1_244' title='bbox 1514 2163 1639 2201; x_wconf 88' lang='lat' dir='ltr'>quem</span> <span class='ocrx_word' id='word_1_245' title='bbox 1680 2148 1815 2190; x_wconf 90' lang='lat' dir='ltr'>voluit</span> <span class='ocrx_word' id='word_1_246' title='bbox 1869 2191 1875 2196; x_wconf 80' lang='grc'><strong>,</strong></span> 
     </span>
    </p>
   </div>
   <div class='ocr_carea' id='block_1_4' title="bbox 248 2219 1814 3058">
    <p class='ocr_par' dir='ltr' id='par_1_6' title="bbox 248 2219 1814 2630">
     <span class='ocr_line' id='line_1_29' title="bbox 251 2219 1814 2273; baseline 0.001 -12"><span class='ocrx_word' id='word_1_247' title='bbox 251 2219 444 2261; x_wconf 89' lang='lat' dir='ltr'>Christus</span> <span class='ocrx_word' id='word_1_248' title='bbox 484 2220 645 2262; x_wconf 87' lang='lat' dir='ltr'>cultum</span> <span class='ocrx_word' id='word_1_249' title='bbox 681 2220 804 2261; x_wconf 88' lang='lat' dir='ltr'>illum</span> <span class='ocrx_word' id='word_1_250' title='bbox 843 2220 1087 2273; x_wconf 84' lang='lat' dir='ltr'>antiquare;</span> <span class='ocrx_word' id='word_1_251' title='bbox 1127 2235 1213 2262; x_wconf 91' lang='grc'><strong>11011</strong></span> <span class='ocrx_word' id='word_1_252' title='bbox 1244 2222 1414 2261; x_wconf 88' lang='lat' dir='ltr'>tantum</span> <span class='ocrx_word' id='word_1_253' title='bbox 1444 2221 1544 2273; x_wconf 85' lang='lat' dir='ltr'>quia</span> <span class='ocrx_word' id='word_1_254' title='bbox 1572 2219 1814 2264; x_wconf 88' lang='lat' dir='ltr'>futurorum</span> 
     </span>
     <span class='ocr_line' id='line_1_30' title="bbox 251 2291 1814 2344; baseline 0.002 -13"><span class='ocrx_word' id='word_1_255' title='bbox 251 2292 341 2332; x_wconf 85' lang='lat' dir='ltr'>erat</span> <span class='ocrx_word' id='word_1_256' title='bbox 385 2291 708 2344; x_wconf 81' lang='lat' dir='ltr'>significativus,</span> <span class='ocrx_word' id='word_1_257' title='bbox 754 2291 844 2332; x_wconf 83' lang='lat' dir='ltr'>sed</span> <span class='ocrx_word' id='word_1_258' title='bbox 882 2291 1008 2344; x_wconf 90' lang='lat' dir='ltr'>quia</span> <span class='ocrx_word' id='word_1_259' title='bbox 1047 2292 1112 2333; x_wconf 83' lang='lat' dir='ltr'>acl</span> <span class='ocrx_word' id='word_1_260' title='bbox 1148 2291 1356 2333; x_wconf 87' lang='lat' dir='ltr'>modum</span> <span class='ocrx_word' id='word_1_261' title='bbox 1395 2292 1614 2334; x_wconf 83' lang='lat' dir='ltr'>colendi</span> <span class='ocrx_word' id='word_1_262' title='bbox 1650 2292 1814 2334; x_wconf 89' lang='lat' dir='ltr'>Deum</span> 
     </span>
     <span class='ocr_line' id='line_1_31' title="bbox 249 2361 1814 2416; baseline 0.001 -14"><span class='ocrx_word' id='word_1_263' title='bbox 249 2361 595 2403; x_wconf 80' lang='lat' dir='ltr'>umbratilem</span> <span class='ocrx_word' id='word_1_264' title='bbox 626 2364 675 2403; x_wconf 92' lang='lat' dir='ltr'>et</span> <span class='ocrx_word' id='word_1_265' title='bbox 703 2362 1084 2416; x_wconf 87' lang='lat' dir='ltr'>imperfectum</span> <span class='ocrx_word' id='word_1_266' title='bbox 1112 2362 1445 2415; x_wconf 87' lang='lat' dir='ltr'>pertinebat.</span> <span class='ocrx_word' id='word_1_267' title='bbox 1471 2362 1540 2404; x_wconf 79' lang='lat' dir='ltr'>Ad</span> <span class='ocrx_word' id='word_1_268' title='bbox 1564 2377 1692 2415; x_wconf 85' lang='lat' dir='ltr'>quam</span> <span class='ocrx_word' id='word_1_269' title='bbox 1715 2377 1814 2404; x_wconf 89' lang='lat' dir='ltr'>nor-</span> 
     </span>
     <span class='ocr_line' id='line_1_32' title="bbox 248 2433 1814 2487; baseline 0.001 -13"><span class='ocrx_word' id='word_1_270' title='bbox 248 2448 363 2474; x_wconf 87' lang='lat' dir='ltr'>mam</span> <span class='ocrx_word' id='word_1_271' title='bbox 401 2433 436 2474; x_wconf 93' lang='lat' dir='ltr'>si</span> <span class='ocrx_word' id='word_1_272' title='bbox 474 2433 769 2475; x_wconf 80' lang='lat' dir='ltr'>examinentur</span> <span class='ocrx_word' id='word_1_273' title='bbox 807 2434 1036 2487; x_wconf 86' lang='lat' dir='ltr'>pleraeque</span> <span class='ocrx_word' id='word_1_274' title='bbox 1065 2433 1392 2475; x_wconf 87' lang='lat' dir='ltr'>Pontificiorum</span> <span class='ocrx_word' id='word_1_275' title='bbox 1421 2433 1696 2485; x_wconf 85' lang='lat' dir='ltr'>ceremoniae,</span> <span class='ocrx_word' id='word_1_276' title='bbox 1727 2448 1814 2475; x_wconf 92' lang='lat' dir='ltr'>non</span> 
     </span>
     <span class='ocr_line' id='line_1_33' title="bbox 248 2504 1813 2558; baseline 0 -12"><span class='ocrx_word' id='word_1_277' title='bbox 248 2504 387 2546; x_wconf 87' lang='lat' dir='ltr'>minus</span> <span class='ocrx_word' id='word_1_278' title='bbox 430 2507 554 2546; x_wconf 86' lang='lat' dir='ltr'>erunt</span> <span class='ocrx_word' id='word_1_279' title='bbox 596 2505 678 2546; x_wconf 88' lang='lat' dir='ltr'>hoc</span> <span class='ocrx_word' id='word_1_280' title='bbox 720 2507 913 2558; x_wconf 88' lang='lat' dir='ltr'>tempore</span> <span class='ocrx_word' id='word_1_281' title='bbox 956 2504 1213 2556; x_wconf 86' lang='lat' dir='ltr'>mortiferae,</span> <span class='ocrx_word' id='word_1_282' title='bbox 1258 2519 1393 2557; x_wconf 89' lang='lat' dir='ltr'>eoque</span> <span class='ocrx_word' id='word_1_283' title='bbox 1432 2505 1571 2558; x_wconf 86' lang='lat' dir='ltr'>magis</span> <span class='ocrx_word' id='word_1_284' title='bbox 1609 2504 1723 2557; x_wconf 82' lang='lat' dir='ltr'>quod</span> <span class='ocrx_word' id='word_1_285' title='bbox 1761 2505 1813 2546; x_wconf 90' lang='lat' dir='ltr'>ab</span> 
     </span>
     <span class='ocr_line' id='line_1_34' title="bbox 253 2576 1813 2630; baseline 0 -12"><span class='ocrx_word' id='word_1_286' title='bbox 253 2576 493 2618; x_wconf 89' lang='lat' dir='ltr'>hominibus</span> <span class='ocrx_word' id='word_1_287' title='bbox 531 2576 583 2618; x_wconf 86' lang='lat' dir='ltr'>ad</span> <span class='ocrx_word' id='word_1_288' title='bbox 613 2576 773 2618; x_wconf 89' lang='lat' dir='ltr'>cultum</span> <span class='ocrx_word' id='word_1_289' title='bbox 804 2579 846 2618; x_wconf 93' lang='lat' dir='ltr'>et</span> <span class='ocrx_word' id='word_1_290' title='bbox 876 2592 926 2618; x_wconf 80' lang='lat' dir='ltr'>ex</span> <span class='ocrx_word' id='word_1_291' title='bbox 956 2576 1157 2630; x_wconf 86' lang='lat' dir='ltr'>opinione</span> <span class='ocrx_word' id='word_1_292' title='bbox 1187 2577 1453 2618; x_wconf 86' lang='lat' dir='ltr'>necessitatis</span> <span class='ocrx_word' id='word_1_293' title='bbox 1484 2579 1582 2618; x_wconf 91' lang='lat' dir='ltr'>sunt</span> <span class='ocrx_word' id='word_1_294' title='bbox 1610 2576 1813 2619; x_wconf 86' lang='lat' dir='ltr'>invectae.</span> 
     </span>
    </p>

    <p class='ocr_par' dir='ltr' id='par_1_7' title="bbox 248 2645 1814 3058">
     <span class='ocr_line' id='line_1_35' title="bbox 302 2645 1813 2700; baseline 0.002 -12"><span class='ocrx_word' id='word_1_295' title='bbox 302 2645 481 2689; x_wconf 89' lang='lat' dir='ltr'>XXVII.</span> <span class='ocrx_word' id='word_1_296' title='bbox 523 2647 723 2697; x_wconf 80' lang='lat' dir='ltr'>Quamvis</span> <span class='ocrx_word' id='word_1_297' title='bbox 762 2650 905 2690; x_wconf 90' lang='lat' dir='ltr'>autem</span> <span class='ocrx_word' id='word_1_298' title='bbox 943 2646 1174 2689; x_wconf 87' lang='lat' dir='ltr'>Christiani</span> <span class='ocrx_word' id='word_1_299' title='bbox 1211 2663 1234 2688; x_wconf 89' lang='lat' dir='ltr'>a</span> <span class='ocrx_word' id='word_1_300' title='bbox 1263 2647 1432 2700; x_wconf 79' lang='lat' dir='ltr'>legibus</span> <span class='ocrx_word' id='word_1_301' title='bbox 1463 2648 1813 2691; x_wconf 86' lang='lat' dir='ltr'>ceremonialibus</span> 
     </span>
     <span class='ocr_line' id='line_1_36' title="bbox 250 2719 1814 2773; baseline -0.001 -11"><span class='ocrx_word' id='word_1_302' title='bbox 250 2720 336 2762; x_wconf 85' lang='lat' dir='ltr'>sint</span> <span class='ocrx_word' id='word_1_303' title='bbox 372 2719 508 2770; x_wconf 86' lang='lat' dir='ltr'>liberi,</span> <span class='ocrx_word' id='word_1_304' title='bbox 546 2720 716 2767; x_wconf 87' lang='lat' dir='ltr'>illarum</span> <span class='ocrx_word' id='word_1_305' title='bbox 753 2722 897 2761; x_wconf 90' lang='lat' dir='ltr'>tamen</span> <span class='ocrx_word' id='word_1_306' title='bbox 936 2719 1194 2773; x_wconf 85' lang='lat' dir='ltr'>cognitionis</span> <span class='ocrx_word' id='word_1_307' title='bbox 1225 2734 1348 2761; x_wconf 89' lang='lat' dir='ltr'>usum</span> <span class='ocrx_word' id='word_1_308' title='bbox 1377 2734 1463 2761; x_wconf 91' lang='lat' dir='ltr'>non</span> <span class='ocrx_word' id='word_1_309' title='bbox 1493 2719 1694 2772; x_wconf 84' lang='lat' dir='ltr'>exiguum</span> <span class='ocrx_word' id='word_1_310' title='bbox 1725 2733 1814 2761; x_wconf 88' lang='lat' dir='ltr'>esse</span> 
     </span>
     <span class='ocr_line' id='line_1_37' title="bbox 248 2789 1813 2844; baseline -0.001 -11"><span class='ocrx_word' id='word_1_311' title='bbox 248 2792 445 2834; x_wconf 86' lang='lat' dir='ltr'>fatemur.</span> <span class='ocrx_word' id='word_1_312' title='bbox 486 2791 601 2833; x_wconf 86' lang='lat' dir='ltr'>Nam</span> <span class='ocrx_word' id='word_1_313' title='bbox 642 2793 691 2833; x_wconf 90' lang='lat' dir='ltr'>ut</span> <span class='ocrx_word' id='word_1_314' title='bbox 733 2791 937 2833; x_wconf 88' lang='lat' dir='ltr'>vaticinia</span> <span class='ocrx_word' id='word_1_315' title='bbox 978 2790 1293 2844; x_wconf 89' lang='lat' dir='ltr'>Prophetarum</span> <span class='ocrx_word' id='word_1_316' title='bbox 1338 2791 1387 2832; x_wconf 87' lang='lat' dir='ltr'>de</span> <span class='ocrx_word' id='word_1_317' title='bbox 1429 2790 1614 2832; x_wconf 83' lang='lat' dir='ltr'>adventu</span> <span class='ocrx_word' id='word_1_318' title='bbox 1653 2789 1813 2832; x_wconf 90' lang='lat' dir='ltr'>Christi</span> 
     </span>
     <span class='ocr_line' id='line_1_38' title="bbox 249 2861 1812 2916; baseline -0.001 -12"><span class='ocrx_word' id='word_1_319' title='bbox 249 2862 350 2904; x_wconf 88' lang='lat' dir='ltr'>licet</span> <span class='ocrx_word' id='word_1_320' title='bbox 386 2863 564 2916; x_wconf 89' lang='lat' dir='ltr'>impleta</span> <span class='ocrx_word' id='word_1_321' title='bbox 601 2862 698 2915; x_wconf 88' lang='lat' dir='ltr'>sint,</span> <span class='ocrx_word' id='word_1_322' title='bbox 727 2877 883 2916; x_wconf 82' lang='lat' dir='ltr'>magno</span> <span class='ocrx_word' id='word_1_323' title='bbox 916 2877 1011 2904; x_wconf 89' lang='lat' dir='ltr'>cum</span> <span class='ocrx_word' id='word_1_324' title='bbox 1038 2862 1179 2904; x_wconf 88' lang='lat' dir='ltr'>fructu</span> <span class='ocrx_word' id='word_1_325' title='bbox 1207 2863 1252 2904; x_wconf 89' lang='lat' dir='ltr'>in</span> <span class='ocrx_word' id='word_1_326' title='bbox 1282 2861 1473 2904; x_wconf 87' lang='lat' dir='ltr'>Ecclesia</span> <span class='ocrx_word' id='word_1_327' title='bbox 1501 2862 1722 2915; x_wconf 84' lang='lat' dir='ltr'>leguntur:</span> <span class='ocrx_word' id='word_1_328' title='bbox 1752 2862 1812 2904; x_wconf 89' lang='lat' dir='ltr'>sic</span> 
     </span>
     <span class='ocr_line' id='line_1_39' title="bbox 250 2933 1813 2988; baseline -0.001 -12"><span class='ocrx_word' id='word_1_329' title='bbox 250 2933 462 2976; x_wconf 87' lang='lat' dir='ltr'>Leviticae</span> <span class='ocrx_word' id='word_1_330' title='bbox 501 2934 763 2976; x_wconf 86' lang='lat' dir='ltr'>ceremoniae</span> <span class='ocrx_word' id='word_1_331' title='bbox 791 2949 877 2976; x_wconf 90' lang='lat' dir='ltr'>non</span> <span class='ocrx_word' id='word_1_332' title='bbox 904 2934 1044 2976; x_wconf 87' lang='lat' dir='ltr'>minus</span> <span class='ocrx_word' id='word_1_333' title='bbox 1073 2934 1237 2976; x_wconf 89' lang='lat' dir='ltr'>utiliter</span> <span class='ocrx_word' id='word_1_334' title='bbox 1265 2933 1579 2986; x_wconf 80' lang='lat' dir='ltr'>investigantur</span> <span class='ocrx_word' id='word_1_335' title='bbox 1609 2935 1651 2974; x_wconf 90' lang='lat' dir='ltr'>et</span> <span class='ocrx_word' id='word_1_336' title='bbox 1680 2933 1813 2988; x_wconf 86' lang='lat' dir='ltr'>expli-</span> 
     </span>
     <span class='ocr_line' id='line_1_40' title="bbox 252 3004 1812 3058; baseline -0.003 -9"><span class='ocrx_word' id='word_1_337' title='bbox 252 3007 413 3057; x_wconf 88' lang='lat' dir='ltr'>cantur,</span> <span class='ocrx_word' id='word_1_338' title='bbox 451 3008 499 3047; x_wconf 87' lang='lat' dir='ltr'>ut</span> <span class='ocrx_word' id='word_1_339' title='bbox 537 3006 750 3058; x_wconf 85' lang='lat' dir='ltr'>quomodo</span> <span class='ocrx_word' id='word_1_340' title='bbox 781 3005 974 3048; x_wconf 87' lang='lat' dir='ltr'>Christus</span> <span class='ocrx_word' id='word_1_341' title='bbox 1000 3006 1045 3047; x_wconf 90' lang='lat' dir='ltr'>in</span> <span class='ocrx_word' id='word_1_342' title='bbox 1073 3005 1159 3048; x_wconf 90' lang='lat' dir='ltr'>illis</span> <span class='ocrx_word' id='word_1_343' title='bbox 1189 3020 1284 3047; x_wconf 87' lang='lat' dir='ltr'>cum</span> <span class='ocrx_word' id='word_1_344' title='bbox 1313 3004 1508 3047; x_wconf 87' lang='lat' dir='ltr'>omnibus</span> <span class='ocrx_word' id='word_1_345' title='bbox 1539 3004 1625 3046; x_wconf 87' lang='lat' dir='ltr'>suis</span> <span class='ocrx_word' id='word_1_346' title='bbox 1653 3004 1812 3046; x_wconf 90' lang='lat' dir='ltr'>benefi-</span> 
     </span>
    </p>
   </div>
  </div>
 </body>
</html>
