1931 3224
733 295 1202 351 DISPUTATIO
1245 294 1300 341 V.

993 406 1039 429 DE

391 490 617 558 Sacrae
674 486 1033 571 Scripturae
1074 479 1539 567 Perspicuitate
1589 481 1654 545 et

743 586 1298 674 Interpretatione.

590 714 787 759 Praeside
816 712 868 755 D.
896 709 1159 754 ANTONIO
1192 708 1457 751 WALAEO.

497 806 770 857 Respondente
797 802 1084 843 ROMBERTO
1114 799 1544 840 STELLINGWERF.

890 889 1080 932 Tnns1s
1120 887 1152 930 Ι.

404 997 492 1026 UAE
515 982 717 1024 hactenus
743 979 792 1021 de
816 977 856 1021 S.
882 977 1104 1031 Scriptura
1127 976 1346 1030 disputata
1370 977 1480 1028 sunt,
1503 990 1553 1018 eo
1569 975 1799 1029 pertinent,

290 993 386 1125 Q
403 1056 451 1097 ut
488 1053 525 1095 ei
557 1052 697 1094 divina
726 1065 801 1092 sua
828 1050 1028 1101 majestas
1057 1050 1099 1090 et
1127 1048 1314 1101 dignitas
1344 1049 1531 1097 constet;
1562 1061 1670 1100 quae
1699 1061 1800 1089 vero

252 1128 495 1180 sequuntur,
536 1125 624 1175 ejus
661 1136 783 1164 usum
819 1123 860 1162 et
896 1119 1082 1161 fructum
1118 1119 1163 1160 in
1199 1118 1393 1161 Ecclesia
1430 1117 1590 1159 Christi
1627 1117 1802 1171 proprie

251 1196 561 1241 commendant3
598 1208 697 1235 nam
724 1191 913 1244 cognitio
943 1190 1191 1242 divinitatis,
1221 1189 1503 1241 auctoritatis,
1533 1191 1575 1231 et
1602 1188 1802 1242 perfecti-

253 1269 344 1311 onis
374 1269 461 1320 ejus
489 1281 639 1320 parum
667 1263 788 1306 nobis
817 1262 1048 1317 prodesset,
1078 1262 1161 1303 nisi
1190 1276 1238 1303 ea
1265 1264 1306 1303 et
1332 1277 1356 1303 a
1382 1260 1577 1302 fidelibus
1602 1259 1801 1313 intelligi,

252 1342 294 1381 et
323 1339 373 1380 ad
402 1339 601 1391 dogmata
629 1335 725 1377 fidei
755 1349 802 1376 ac
829 1348 995 1376 morum
1024 1333 1332 1385 constituenda,
1356 1333 1401 1374 in
1428 1331 1588 1374 Christi
1611 1331 1803 1373 Ecclesia

254 1408 466 1464 explicari,
496 1410 622 1460 atque
651 1405 856 1460 applicari
882 1407 996 1446 recte
1024 1406 1183 1458 posset.

305 1479 356 1522 H.
383 1479 443 1522 Ut
466 1479 598 1532 igitur
620 1478 689 1519 hic
714 1477 754 1519 S.
777 1476 1019 1529 Scripturae
1039 1489 1138 1517 usus
1159 1478 1201 1517 et
1216 1475 1390 1528 fructus,
1412 1475 1628 1518 Ecclesiae
1644 1474 1804 1517 Christi

252 1552 416 1604 integer
455 1552 635 1601 maneat,
679 1549 728 1590 de
771 1549 860 1601 ejus
903 1547 1229 1602 Perspicuitate,
1274 1549 1403 1601 atque
1445 1546 1803 1602 Interpretatione

253 1622 449 1675 deinceps
477 1620 600 1663 nobis
628 1622 692 1661 est
719 1619 940 1672 agendum.

304 1691 379 1735 ΙΙΙ.
416 1691 568 1736 Sacrae
604 1691 847 1745 Scripturae
884 1690 968 1742 lux,
1010 1704 1084 1732 seu
1122 1689 1424 1744 Perspicuitas,
1464 1690 1627 1732 duobus
1666 1690 1804 1732 modis

254 1763 509 1806 considerari
545 1764 709 1816 potest:
746 1761 813 1803 vel
850 1761 1043 1803 absolute
1080 1763 1123 1803 et
1159 1761 1204 1803 in
1232 1776 1288 1814 se,
1318 1761 1385 1804 vel
1412 1761 1545 1804 relate
1573 1762 1626 1804 ad
1654 1776 1732 1804 nos
1761 1763 1804 1804 et

253 1834 516 1876 intellectum
543 1835 746 1875 nostrum.

306 1903 380 1946 IV.
421 1904 673 1946 Absolutam
711 1906 753 1945 et
787 1904 832 1945 in
871 1918 914 1945 se
952 1903 1263 1946 consideratam
1301 1903 1342 1946 S.
1382 1903 1628 1958 Scripturae
1656 1904 1804 1957 lucem,

254 1976 474 2018 nobiscum
515 1978 750 2029 agnoscunt
793 1975 921 2017 etiam
961 1975 1148 2017 saniores
1190 1975 1419 2018 Pontificii.
1463 1975 1568 2018 Cum
1609 1975 1721 2017 enim
1763 1975 1805 2019 S.

257 2046 474 2101 Scriptura
512 2062 536 2088 a
574 2046 700 2089 Patre
737 2047 942 2089 luminum
969 2047 1162 2102 profecta
1191 2047 1259 2100 sit,
1288 2061 1375 2089 non
1403 2049 1549 2101 potest
1575 2061 1662 2089 non
1688 2047 1733 2089 in
1762 2063 1806 2090 se

257 2118 469 2160 continere
507 2118 729 2159 veritatem
769 2121 810 2160 et
848 2119 985 2161 lucem
1021 2120 1305 2174 purissimam,
1345 2133 1429 2172 qua
1455 2120 1618 2160 mentes
1649 2133 1804 2171 eorum,

259 2189 330 2242 qui
369 2203 459 2230 eam
497 2192 768 2242 cognoscunt,
807 2190 1082 2242 illustrentur,
1113 2193 1156 2232 et
1185 2190 1238 2232 ab
1268 2205 1458 2232 errorum
1484 2190 1672 2233 tenebris
1700 2190 1806 2233 libe-

260 2261 414 2301 rentur.
455 2259 736 2308 Quamobrem
765 2263 807 2302 et
835 2261 1056 2316 sapientia,
1088 2264 1129 2304 et
1159 2261 1402 2304 Thesaurus
1432 2262 1633 2304 scientiae
1663 2261 1807 2316 Scrip-

259 2332 354 2371 tura
392 2332 578 2382 vocatur,
618 2333 659 2372 et
696 2332 860 2384 puritas
900 2334 989 2385 ejus
1020 2348 1122 2375 auro
1152 2333 1309 2388 septies
1337 2336 1520 2387 recocto,
1552 2348 1599 2376 ac
1627 2333 1807 2376 carbun-

260 2401 362 2442 culis
391 2401 617 2454 pretiosior
646 2417 735 2444 esse
764 2403 1010 2456 affirmatur,
1044 2403 1191 2446 Prov.
1221 2405 1257 2457 3,
1289 2405 1352 2446 13.
1382 2407 1477 2447 etc.

313 2471 364 2513 V.
394 2471 503 2514 Tota
533 2487 632 2526 ergo
662 2475 947 2516 controversia
974 2476 1018 2517 in
1047 2476 1136 2528 ejus
1164 2477 1471 2530 perspicuitate
1497 2476 1550 2518 ad
1572 2491 1650 2519 nos
1673 2475 1809 2517 relata

264 2545 477 2594 consistit;
519 2546 617 2598 quia
655 2547 925 2600 perspicuum
961 2547 1031 2590 hic
1071 2549 1244 2602 proprie
1274 2548 1439 2600 dicitur,
1472 2548 1586 2602 quod
1614 2548 1808 2590 claritate

263 2630 336 2657 sua
364 2617 456 2659 aliis
484 2618 756 2671 conspicuum
785 2622 859 2671 est,
890 2622 932 2662 et
960 2620 1013 2662 ab
1042 2621 1095 2663 iis
1124 2621 1337 2674 cognosci,
1367 2623 1409 2662 et
1437 2620 1623 2674 intelligi
1651 2621 1807 2674 potest,

265 2688 336 2738 qui
365 2688 627 2743 intelligendi
655 2691 856 2733 facultate
887 2694 985 2733 sunt
1012 2692 1207 2746 praediti.

316 2757 387 2799 Vl.
427 2759 539 2802 Haec
578 2762 893 2815 perspicuitatis
930 2764 1040 2806 ratio
1080 2764 1131 2805 ad
1170 2763 1252 2807 duo
1291 2764 1513 2807 hominum
1550 2779 1705 2820 genera
1743 2779 1810 2807 re-

265 2828 364 2870 ferri
401 2832 561 2882 potest;
602 2832 665 2873 vel
703 2833 754 2874 ad
784 2835 969 2886 captum,
999 2849 1072 2876 seu
1100 2835 1348 2877 facultatem
1375 2836 1560 2878 hominis
1588 2836 1808 2889 naturalis,

266 2898 309 2939 id
347 2901 420 2949 est,
462 2899 527 2952 (ut
566 2900 889 2955 Chrysostomus
917 2906 1030 2946 recte
1060 2905 1261 2959 explicat)
1293 2908 1447 2960 cujus
1475 2907 1809 2950 intellectus

268 2968 419 3010 nulla
460 2969 571 3012 alia
610 2971 729 3015 luce
771 2976 851 3015 est
893 2974 1140 3028 donatus,
1182 2977 1292 3018 nisi
1330 2992 1486 3030 quam
1523 2977 1679 3031 Deus,
1717 2992 1811 3032 per
