1931 3224
225 158 303 198 216
781 152 1021 194 DisPUTATm
1050 146 1207 190 XXIII.

226 281 379 321 bantur
390 295 399 329 ;
434 280 523 330 jam
560 278 636 319 sub
675 276 799 318 Novo
839 275 953 316 Test.
983 273 1123 315 diruta
1150 272 1346 325 maceria,
1379 285 1487 325 quae
1514 272 1680 315 tamdiu
1706 274 1786 315 mi-

226 349 495 392 sericordiam
516 348 595 391 Dei
624 349 737 390 intra
764 347 934 389 Israelis
962 346 1065 387 fines
1094 344 1336 386 conclusam
1365 346 1572 397 tenuerat,
1600 359 1687 398 pax
1714 361 1788 388 an-

226 421 426 463 nunciata
463 422 526 461 est
563 419 614 460 iis
652 419 724 471 qui
761 417 909 470 procul
939 417 1071 467 erant,
1101 417 1149 456 ut
1181 429 1276 456 cum
1304 414 1355 455 iis
1388 415 1460 467 qui
1490 418 1610 457 erant
1641 431 1787 472 prope,

225 494 269 534 in
294 507 423 533 unum
448 491 528 533 Dei
552 490 760 543 populum
785 488 1081 529 coalescerent.
1107 485 1220 527 Hinc
1244 486 1412 527 vocatio
1438 486 1645 540 gentium,
1665 503 1789 541 prae-

229 563 387 606 clarum
423 561 538 603 Novi
576 560 757 601 Testam.
796 557 1060 606 beneficium,
1097 556 1142 598 M
1152 572 1180 610 y
1194 571 1212 598 s
1222 559 1241 597 t
1253 571 1274 598 e
1285 557 1368 598 riu
1377 571 1420 597 m
1455 571 1480 598 a
1507 571 1526 598 s
1538 571 1559 599 e
1571 571 1593 598 0
1605 558 1679 600 uli
1691 573 1710 599 6
1738 573 1760 601 6
1770 561 1790 601 t

227 631 682 688 generationibus
722 628 1129 680 absconditum,
1168 629 1209 669 et
1242 627 1348 681 ipsis
1376 627 1555 682 Angelis
1582 629 1789 682 mirabile,

227 704 312 747 Col.
343 705 379 755 1,
410 703 474 744 26.

279 774 391 817 XIX.
433 773 590 823 Quinta
628 771 823 813 consistit
860 771 905 812 in
943 770 1325 812 administrationis
1354 770 1561 813 varietate
1591 787 1641 813 ex
1668 774 1791 827 parte

225 846 457 888 hominum.
486 843 535 885 111
563 841 713 884 Veteri
740 841 852 884 6111111
881 840 1155 883 Testamento
1184 856 1271 883 11011
1297 844 1465 883 tantum
1487 842 1594 896 legis
1617 844 1790 886 moralis

227 915 465 960 observatio
518 914 780 968 exigebatur,
833 912 906 954 sed
957 912 1086 954 etiam
1126 912 1156 954 h
1167 927 1191 954 a
1203 927 1224 954 e
1235 927 1257 954 r
1269 927 1290 954 e
1301 927 1320 954 6
1357 928 1385 966 p
1400 928 1424 955 a
1435 928 1456 955 r
1468 929 1493 955 v
1504 929 1532 955 u
1544 914 1559 955 l
1569 929 1597 956 11
1609 929 1628 956 6
1663 917 1683 956 t
1694 929 1790 957 am-

226 1002 379 1042 quam
415 985 555 1027 nihil
594 984 730 1026 disse
742 999 864 1026 rens
901 999 926 1025 a
964 998 983 1025 s
995 998 1085 1026 erv
1098 999 1143 1036 0,
1176 984 1254 1026 sub
1284 985 1556 1027 oeconomica
1586 987 1790 1029 servitute

225 1060 330 1113 legis
360 1055 650 1100 ceremonialis
679 1054 962 1097 detinebatur.
994 1054 1085 1096 Gal.
1113 1055 1152 1106 4,
1181 1055 1218 1096 2.
1244 1055 1281 1096 3.
1309 1055 1348 1096 4.
1378 1055 1491 1098 Hinc
1521 1057 1601 1099 etsi
1629 1057 1791 1111 haeres,

229 1145 312 1183 qua
348 1128 458 1180 talis,
499 1127 654 1181 spiritu
691 1142 716 1168 a
727 1126 752 1168 d
764 1141 788 1168 0
800 1142 829 1180 p
840 1128 859 1167 t
869 1126 883 1167 i
895 1140 919 1167 0
932 1141 961 1167 11
971 1126 985 1167 1
996 1140 1015 1167 6
1055 1125 1236 1167 donatus
1274 1126 1416 1179 fuerit,
1446 1142 1495 1169 ac
1523 1128 1702 1182 proinde
1730 1128 1791 1170 11-

228 1202 254 1243 b
269 1216 290 1243 e
300 1203 349 1243 rt
360 1215 384 1241 a
394 1202 412 1241 t
424 1200 439 1241 i
450 1214 468 1241 s
479 1232 489 1251 ,
528 1201 670 1240 tamen
709 1212 793 1251 qua
834 1197 888 1238 in
898 1197 920 1238 f
928 1212 952 1239 a
963 1212 991 1239 11
1001 1211 1041 1249 6,
1085 1199 1184 1239 actu
1221 1197 1410 1239 nondum
1440 1198 1565 1253 plena
1592 1199 1791 1242 libertate

229 1273 462 1323 fruebatur,
503 1270 575 1312 sed
613 1269 742 1312 etiam
781 1268 997 1311 servitutis
1036 1268 1204 1322 spiritu,
1242 1269 1287 1310 111
1317 1284 1366 1311 60
1396 1269 1573 1312 libertas
1604 1273 1792 1313 contem-

230 1344 470 1398 perabatur.
513 1341 572 1383 At
613 1341 658 1383 in
697 1340 823 1383 Novo
867 1340 980 1383 Test.
1017 1340 1161 1383 fideles
1199 1355 1285 1383 11011
1323 1344 1421 1383 sunt
1458 1342 1639 1395 amplius
1676 1343 1793 1386 hisce

230 1414 574 1456 observationum
601 1412 779 1455 vinculis
809 1414 852 1454 et
881 1411 1081 1454 oneribus
1113 1411 1299 1464 obnoxii,
1329 1427 1358 1453 11
1370 1427 1393 1454 0
1405 1427 1433 1454 11
1463 1428 1487 1454 a
1498 1428 1519 1455 0
1529 1427 1550 1454 0
1563 1428 1584 1455 6
1595 1429 1622 1467 p
1635 1428 1655 1456 e
1668 1429 1688 1455 r
1698 1429 1726 1456 u
1735 1430 1765 1456 n
1774 1417 1793 1456 t

229 1485 486 1540 spiritum
525 1483 821 1526 servitutis
858 1484 1060 1525 iterum
1099 1483 1160 1525 ad
1196 1483 1469 1536 timorem,
1510 1485 1602 1526 sed
1631 1481 1792 1538 spiri-

228 1560 338 1599 tum
389 1555 710 1609 adoptionis
762 1569 854 1609 per
909 1569 1064 1608 quem
1105 1554 1367 1607 clamant,
1410 1555 1564 1598 Abba
1605 1555 1791 1610 Pater,

227 1628 351 1670 Rom.
379 1628 417 1679 8,
446 1627 509 1669 13.

281 1698 376 1741 XX.
405 1698 568 1740 Ultima
597 1697 836 1740 differentia
865 1699 928 1740 est
955 1697 1000 1739 in
1029 1697 1253 1740 duratione
1277 1698 1499 1751 utriusque
1524 1699 1793 1742 administra-

231 1771 373 1813 tionis.
402 1769 547 1811 Prima
577 1768 690 1811 enim
719 1783 880 1811 cessare
910 1768 1067 1820 debuit,
1096 1771 1327 1823 postquam
1356 1769 1541 1811 venisset
1569 1769 1790 1824 plenitudo

230 1840 436 1895 temporis
448 1856 457 1891 3
487 1840 716 1882 mutationi
744 1839 922 1893 proinde
953 1839 1138 1881 obnoxia
1165 1839 1260 1881 fuit.
1289 1839 1321 1881 L
1335 1855 1356 1882 e
1367 1856 1395 1881 x
1423 1855 1445 1882 e
1455 1840 1561 1882 nim
1591 1856 1612 1883 e
1622 1843 1641 1882 t
1669 1841 1703 1883 P
1714 1856 1734 1883 r
1747 1855 1792 1883 0-

230 1912 428 1965 phetae
471 1927 638 1966 usque
677 1912 738 1953 ad
774 1911 1098 1964 ι10111111116111,
1137 1910 1235 1954 Luc.
1275 1912 1338 1964 16,
1376 1912 1439 1954 16.
1480 1912 1579 1955 Sed
1617 1915 1792 1955 trans-

229 1983 343 2025 lato
396 1982 743 2035 Sacerdotio,
795 1997 1017 2025 necesse
1060 1985 1141 2024 est
1181 1985 1238 2024 ut
1280 1981 1442 2037 Legis
1485 1984 1792 2027 translatio

230 2054 354 2107 fiat,
383 2054 491 2097 Heb.
522 2054 559 2107 7,
589 2055 651 2096 12.
681 2053 747 2096 Et
777 2054 862 2096 lex
890 2054 1401 2108 transgressionum
1426 2069 1584 2097 causa
1608 2054 1793 2097 addita

232 2128 332 2178 est,
370 2126 536 2168 donec
551 2145 557 2148 ·
572 2126 787 2168 veniret
827 2140 1024 2178 semen,
1061 2125 1163 2167 ibid.
1201 2114 1308 2167 vers.
1343 2126 1406 2168 18.
1436 2125 1496 2168 At
1525 2126 1682 2168 semine
1711 2126 1793 2169 hoc

225 2198 315 2250 jam
351 2197 635 2250 manifestato,
673 2197 790 2239 nulla
818 2197 1001 2250 amplius
1031 2197 1313 2251 exspectanda
1342 2199 1407 2239 est
1433 2197 1615 2239 mutatio
1646 2195 1794 2239 Sacer-

233 2269 352 2320 dotii,
384 2269 484 2322 quia
514 2268 708 2311 Christus
737 2271 881 2311 manet
909 2267 937 2311 S
953 2283 976 2310 a
989 2283 1010 2310 0
1022 2282 1043 2310 6
1054 2282 1075 2309 1
1087 2267 1113 2309 d
1125 2283 1148 2309 0
1162 2282 1180 2309 6
1208 2268 1262 2309 111
1291 2282 1316 2309 a
1327 2282 1348 2310 e
1359 2270 1378 2309 t
1391 2283 1411 2310 e
1421 2283 1443 2310 r
1452 2283 1481 2310 n
1492 2284 1520 2310 u
1529 2284 1594 2322 m,
1619 2268 1792 2312 Psalmo

233 2338 462 2381 centesimo
493 2339 668 2392 decimo,
699 2354 825 2382 versu
853 2341 1019 2392 quarto.

285 2409 400 2452 XXI.
433 2410 501 2452 Ex
531 2410 654 2452 dictis
685 2411 935 2464 colligimus,
967 2410 1130 2464 gratiae
1159 2410 1410 2453 beneficium
1439 2426 1525 2453 11011
1554 2426 1644 2454 6666
1672 2425 1794 2466 sepa-

233 2481 411 2523 randum
448 2497 472 2523 a
510 2481 658 2524 Veteri
697 2482 984 2534 Testamento,
1023 2481 1106 2523 1100
1143 2481 1270 2524 modo
1309 2482 1587 2535 considerato,
1627 2497 1721 2524 cum
1748 2482 1794 2524 in

233 2567 281 2594 eo
321 2553 467 2594 concio
503 2553 668 2606 gratiae
697 2554 748 2595 de
776 2553 1024 2596 remissione
1053 2555 1326 2606 peccatorum
1354 2569 1431 2608 per
1459 2553 1677 2596 Christum
1705 2567 1793 2595 me-

234 2622 441 2664 diatorem
479 2624 625 2665 audita
662 2624 803 2676 fuerit,
842 2639 926 2677 qua
963 2639 1049 2667 non
1087 2625 1226 2667 minus
1266 2640 1410 2668 omnes
1447 2625 1591 2667 fideles
1621 2624 1794 2668 fuerunt

230 2693 451 2745 justificati
480 2697 522 2736 et
551 2695 716 2747 salvati,
749 2711 876 2749 quam
904 2695 1019 2738 Novi
1048 2695 1310 2739 Testamenti
1334 2700 1539 2752 tempore,
1565 2696 1662 2740 Una
1683 2712 1793 2753 sem-

233 2779 307 2818 per
334 2764 416 2806 fuit
441 2765 590 2807 salutis
614 2766 746 2819 ratio3
772 2769 814 2809 et
837 2782 929 2822 per
953 2781 1047 2820 gra
1061 2768 1194 2810 tiam
1218 2767 1257 2809 D
1271 2768 1437 2811 omini
1460 2769 1641 2810 nostri
1665 2767 1795 2812 Jesu

238 2834 444 2877 Christi
472 2838 740 2881 credimus
771 2840 977 2882 salvari
1004 2841 1090 2882 καθ’
1114 2838 1151 2882 ἓν
1176 2839 1325 2893 τρόπον,
1357 2840 1794 2893 quemadmodum

238 2908 425 2959 patres
461 2923 525 2950 110
541 2910 664 2961 stri,
701 2910 796 2953 Act.
837 2911 899 2963 15,
938 2911 1000 2953 ll.
1038 2910 1149 2953 Nec
1186 2926 1281 2965 per
1318 2912 1491 2966 legem
1527 2911 1676 2953 facta
1714 2914 1794 2954 est

240 2977 532 3029 promissio
563 2980 872 3024 Abrahamo
901 2983 952 3024 et
978 2981 1170 3023 semini
1195 2983 1330 3035 ejus,
1354 2985 1410 3025 ut
1436 2985 1578 3025 esset
1602 2982 1793 3025 haeres
