1931 3224
497 296 972 345 DISPUTATIO
1017 294 1216 343 XXXV.

844 413 890 435 DE

344 490 796 556 Libertate
863 487 1385 557 Christiana.

403 624 602 666 Praeside
631 624 683 666 D.
721 623 1016 666 ANDREA
1053 622 1218 665 RIVE
1234 621 1267 663 T
1281 621 1328 664 O.

471 724 748 774 Respondente
777 723 980 762 JACOBO
1010 721 1259 761 HENRICO.

736 836 927 879 THESIS
968 836 1001 878 I.

238 943 293 970 Uir
323 928 368 969 in
392 926 743 981 praecedentibus
768 925 1128 979 disputationibus
1154 928 1295 968 actum
1319 926 1374 968 sit
1390 926 1439 968 de
1456 927 1650 980 redemp-

237 999 354 1042 tione
393 1014 470 1053 per
510 997 725 1040 Christum
755 999 900 1051 parta,
933 997 1203 1050 ejusdemque
1232 1012 1308 1050 per
1336 997 1463 1039 fidem
1493 997 1650 1039 salvifi-

85 1086 177 1113 cam
222 1069 522 1124 applicatione,
567 1067 763 1110 omnibus
801 1082 878 1121 per
915 1066 1072 1109 Christi
1110 1068 1308 1109 meritum
1338 1068 1570 1121 redemptis
1600 1083 1650 1110 ex

85 1141 290 1183 servitute
322 1139 488 1193 peccati
518 1140 560 1180 et
588 1137 761 1189 mortis3
793 1140 834 1179 et
865 1138 915 1179 de
944 1138 1282 1179 sanctificatione
1307 1138 1651 1191 justificatorum,

85 1211 396 1263 eorundemque
434 1210 697 1263 gratitudine
735 1210 778 1251 in
813 1209 1013 1251 exercitio
1044 1210 1266 1269 bonorum·
1284 1225 1481 1263 operum:
1512 1211 1652 1263 sequi-

83 1286 166 1335 tur,
204 1285 252 1324 ut
290 1296 479 1335 congruo
517 1281 675 1334 ordine,
714 1281 988 1322 instituamus
1018 1280 1228 1333 συζήτησιν
1257 1281 1316 1323 de
1345 1296 1445 1323 vera
1475 1281 1653 1323 Chris-

84 1355 253 1406 tiana,
293 1368 368 1395 seu
405 1352 666 1406 Evangelica
696 1353 987 1405 libertate,
1019 1354 1137 1405 cujus
1165 1353 1398 1407 participes
1426 1354 1534 1395 fiunt
1563 1367 1653 1395 om-

84 1441 157 1470 nes
187 1426 239 1468 ad
268 1440 374 1479 quos
403 1425 566 1466 fructus
594 1424 805 1477 passionis
836 1423 995 1466 Christi
1024 1424 1251 1478 pertinent.

137 1497 191 1540 Π.
217 1497 361 1550 'Hujus
390 1497 608 1539 doctrinae
636 1497 935 1538 necessitatem
962 1496 1095 1538 talem
1121 1511 1210 1538 esse
1235 1497 1517 1550 agnoscimus,
1544 1512 1652 1551 quae

84 1570 167 1611 nisi
195 1571 402 1620 teneatur,
432 1583 509 1610 nec
538 1567 742 1619 Christus,
771 1582 848 1609 nec
873 1567 1099 1621 Evangelii
1122 1568 1289 1620 veritas,
1315 1583 1451 1622 neque
1474 1569 1653 1611 interior

85 1655 171 1694 pax
210 1640 387 1691 animae,
425 1641 539 1681 recte
581 1639 793 1691 cognosci,
824 1641 897 1680 aut
927 1639 1096 1680 interno
1126 1641 1167 1680 et
1197 1639 1306 1681 serio
1336 1653 1459 1681 sensu
1487 1640 1651 1693 percipi

83 1712 265 1766 poterit;
304 1726 381 1753 nec
414 1709 576 1763 aliquid
615 1709 874 1751 conscientia
909 1709 998 1752 sine
1036 1710 1320 1753 haesitatione
1355 1711 1650 1765 aggredietur3

83 1798 160 1826 nec
193 1781 513 1836 justificationis
551 1780 614 1822 vis
653 1780 911 1822 sufficienter
939 1781 1217 1834 intelligetur.
1247 1782 1326 1824 Est
1353 1783 1487 1836 igitur
1517 1783 1653 1825 danda

85 1869 227 1908 opera,
270 1869 323 1896 ne
360 1852 576 1895 doctrinae
609 1866 708 1905 pars
743 1852 847 1894 adeo
884 1853 1120 1894 necessaria
1159 1854 1472 1907 supprimatur3
1512 1857 1555 1896 et
1592 1855 1654 1897 ita

84 1925 361 1968 nihilominus
401 1923 648 1977 explicetur,
687 1925 735 1964 ut
772 1923 824 1964 iis
864 1924 936 1976 qui
964 1923 1176 1965 libertatis
1205 1925 1376 1967 nomine
1407 1925 1651 1978 abutuntur,

86 2012 170 2051 quo
199 1998 244 2039 in
272 1996 498 2038 libidinum
525 1997 666 2037 motus
693 1995 864 2035 insanos
894 1996 935 2035 et
965 1994 1212 2036 effrenatam
1240 1995 1455 2038 licentiam
1484 2012 1526 2039 se
1554 2012 1653 2052 pro-

85 2069 259 2123 ripiant,
291 2067 427 2110 omnis
458 2066 683 2108 cavillandi
713 2068 754 2108 et
783 2066 1061 2108 insolescendi
1091 2081 1192 2108 ansa
1222 2067 1504 2120 praecidatur.

138 2139 213 2182 III.
256 2138 486 2181 Libertatis
528 2138 573 2179 in
615 2151 768 2191 genere
804 2140 970 2189 natura,
1012 2152 1063 2179 ex
1103 2139 1316 2181 contrario
1355 2153 1430 2181 suo
1461 2140 1654 2193 dignosci

87 2212 223 2264 debet,
267 2225 419 2264 nempe
459 2209 761 2260 Servitute,
803 2223 910 2262 quae
949 2211 1074 2251 sonat
1115 2210 1402 2252 conditionem
1440 2212 1654 2264 quandam

87 2282 364 2337 subjectionis
407 2281 503 2323 vilis
546 2295 593 2322 ac
630 2280 821 2332 miserae,
860 2281 948 2322 sive
986 2281 1361 2334 subjectio-fuerit
1399 2283 1652 2336 voluntaria,

87 2357 174 2398 sive
217 2356 375 2397 coacta.
416 2352 529 2394 Hinc
564 2354 627 2393 est
665 2352 778 2404 quod
814 2352 1007 2394 homines
1047 2352 1366 2406 distinguuntur
1395 2355 1440 2395 in
1468 2369 1654 2397 servos

89 2430 131 2470 et
172 2427 460 2479 ingenuos,
506 2437 686 2476 quorum
722 2422 784 2464 illi
821 2423 889 2464 vel
922 2424 1017 2476 jure
1056 2424 1170 2475 belli,
1209 2424 1277 2466 vel
1314 2425 1551 2477 nativitate,
1586 2426 1653 2467 vel

83 2501 200 2553 justa
229 2495 594 2546 condemnatione,
621 2494 688 2536 vel
717 2494 931 2547 emptione
960 2496 1004 2536 in
1033 2495 1215 2538 alienam
1242 2498 1503 2550 potestatem
1532 2497 1654 2540 deve-

87 2571 251 2620 nerant,
286 2567 394 2622 juris
435 2565 761 2616 constitutione3
794 2565 839 2606 hi
870 2568 1012 2608 autem
1041 2568 1115 2620 qui
1143 2567 1233 2609 nati
1263 2570 1382 2610 erant
1410 2568 1546 2620 liberi,
1575 2584 1653 2611 nec

89 2656 277 2695 unquam
313 2639 558 2689 servierant,
600 2637 745 2689 quales
778 2651 822 2678 se
853 2638 1167 2690 profitebantur
1197 2639 1360 2691 ‚Judaei‚
1390 2639 1489 2682 Joh.
1519 2641 1556 2692 8,
1587 2642 1649 2683 33.

89 2714 277 2757 Semen
313 2709 565 2752 Abrahae
604 2723 806 2759 sumus,
840 2724 1012 2762 neque
1044 2711 1296 2764 cuiquam
1327 2711 1653 2754 servivimus

88 2799 344 2838 unquam,
383 2780 647 2835 quomodo
683 2782 741 2821 tu
779 2780 940 2834 dicis,
978 2782 1143 2824 liberi
1172 2783 1507 2826 reddemini?
1536 2782 1654 2827 Inter

88 2858 193 2899 istos
234 2855 363 2898 medii
405 2850 656 2895 incedebant
697 2849 933 2905 libertis
959 2854 1032 2906 qui
1075 2854 1286 2897 desierant
1324 2869 1411 2897 esse
1449 2856 1571 2908 servi,
1611 2858 1653 2898 et

91 2942 197 2981 quos
226 2924 401 2968 Domini
433 2938 483 2965 ex
507 2923 625 2976 justa
653 2921 856 2964 servitute
884 2925 1230 2967 manumiserant.

142 2999 216 3042 IV.
253 2998 318 3040 De
357 2995 471 3039 civili
501 2997 543 3036 et
573 2992 784 3046 corporali
812 2993 884 3036 illa
913 2996 1116 3039 servitute
1143 3011 1229 3038 non
1259 2997 1447 3051 agitatur
1475 3013 1499 3039 a
1527 2998 1651 3040 nobis
