1931 3224
225 153 303 194 214
788 149 1030 190 D1spumcr1o
1059 146 1217 189 XXIII.

227 279 289 317 est
318 291 445 329 supra
473 275 601 316 Thesi
630 277 759 316 sexta.
789 273 854 315 Eo
885 274 1027 313 autem
1055 286 1180 313 sensu
1210 285 1293 324 quo
1319 271 1389 313 hic
1412 272 1669 328 intelligimur
1693 274 1788 317 Ve-

226 351 312 389 tus
341 346 759 396 Testamentum,
784 344 979 394 fatemur,
1004 357 1223 395 nunquam
1248 342 1292 384 in
1317 342 1445 387 Sacra
1469 344 1693 399 Scriptura
1705 346 1789 390 hoc

227 433 379 460 nomen
408 431 486 471 pro
516 416 684 458 foedere
713 414 874 468 gratiae
904 413 1114 466 usurpari.

279 488 394 530 XIII.
439 488 521 530 Sed
562 487 669 528 nihil
712 486 864 536 obstat,
906 499 989 537 quo
1024 485 1163 526 minus
1200 485 1348 527 foedus
1380 487 1557 540 gratiae,
1587 502 1660 530 seu
1688 503 1789 543 pro-

226 560 368 602 missio
412 560 604 612 patribus
643 558 766 607 facta,
806 555 1137 597 circumstantiis
1175 556 1261 597 suis
1291 557 1594 611 paedagogicis
1622 559 1787 613 vestita,

226 629 568 672 Testamenti
616 627 836 669 Veteris
883 627 1055 668 nomine
1092 626 1276 680 veniant,
1319 627 1417 681 quia
1458 628 1618 682 aliquid
1655 629 1700 672 in
1739 645 1788 673 eo

228 705 317 744 erat
350 700 635 742 innovandum
665 701 705 741 et
735 698 1054 751 antiquandum.
1084 697 1154 740 Sic
1185 699 1297 740 enim
1326 699 1495 752 Paulus,
1523 700 1626 743 Ebr.
1657 702 1693 754 8,
1726 702 1788 745 13.

227 775 268 814 et
305 773 342 824 9,
374 774 408 813 1.
438 771 590 824 πρώτην
625 768 820 817 διαθήκην
857 767 899 816 ἣν
938 769 1218 816 mmmmm,
1252 771 1439 825 primum
1469 771 1789 816 Testamentum

227 844 338 897 quod
375 842 613 895 antiquavit
641 840 768 893 Deus,
799 840 956 893 accipit
983 855 1062 893 pro
1093 842 1187 882 toto
1217 839 1458 894 Religionis
1490 842 1607 884 cultu
1634 844 1788 886 veteris

225 914 500 966 tabernaculi,
528 914 572 954 in
603 927 687 965 quo
717 914 829 954 certe
858 912 1084 965 promissio
1115 912 1415 955 continebatur
1443 916 1485 956 et
1502 914 1789 958 confirmaba-

224 990 305 1028 tur.
344 986 450 1037 Etsi,
489 987 536 1026 ut
581 983 775 1035 diximus,
803 983 946 1030 ἁπλῶς
984 998 1162 1036 operum
1191 983 1341 1026 foedus
1370 984 1545 1038 proprie
1574 984 1788 1040 designet;

226 1058 324 1099 novi
358 1059 500 1098 autem
529 1055 815 1109 appellatione
842 1069 928 1096 non
957 1055 1039 1096 nisi
1066 1054 1214 1097 foedus
1245 1055 1482 1108 gratuitum
1510 1056 1788 1110 intelligatur.

228 1128 387 1170 Verum
415 1130 462 1169 ut
493 1127 628 1169 omnis
652 1126 911 1179 ambiguitas
935 1125 1129 1178 tollatur,
1154 1125 1278 1168 nobis
1303 1127 1563 1169 instituenda
1587 1130 1650 1170 est
1676 1143 1790 1171 com-

225 1200 391 1256 paratio
429 1198 597 1241 Veteris
626 1197 890 1239 Testamenti
918 1212 1013 1240 cum
1040 1197 1188 1249 Novo3
1219 1213 1327 1251 quae
1355 1197 1676 1241 Testamentum
1704 1199 1791 1242 Ve-

227 1276 295 1314 tus
338 1271 585 1323 considerat,
625 1271 832 1322 quatenus
870 1268 1051 1310 sumitur
1089 1283 1168 1322 pro
1204 1268 1373 1310 foedere
1411 1269 1615 1322 gratuito,
1655 1269 1791 1323 quali-

228 1347 292 1386 ter
333 1345 430 1397 post
466 1343 633 1398 lapsum
672 1341 819 1383 statim
857 1355 951 1382 cum
987 1340 1137 1394 primis
1174 1340 1422 1395 parentibus
1459 1340 1614 1382 initum
1644 1343 1720 1394 est,
1749 1344 1791 1384 et

228 1431 322 1457 cum
363 1414 609 1456 Abrahamo
652 1414 838 1466 pactum,
882 1414 924 1454 et
967 1412 1095 1465 cujus,
1137 1411 1205 1453 lex
1246 1426 1323 1465 per
1359 1410 1524 1453 Mosem
1562 1411 1672 1464 data,
1709 1411 1791 1454 fuit

229 1486 548 1536 adminiculum3
579 1484 752 1527 Novum
779 1497 880 1526 vero
911 1483 1094 1536 qualiter
1120 1482 1202 1524 fuit
1229 1498 1253 1525 a
1283 1482 1451 1525 Christo
1474 1483 1725 1526 innovatum
1749 1485 1792 1526 et

229 1557 533 1600 confirmatum.

281 1628 397 1670 XIV.
439 1627 520 1669 His
560 1626 725 1682 positis,
770 1625 947 1668 dicimus
991 1626 1073 1668 duo
1114 1625 1222 1668 haec
1263 1625 1538 1668 Testamenta
1579 1640 1711 1668 unum
1748 1629 1792 1668 et

228 1700 340 1742 idem
369 1714 458 1742 esse
487 1699 540 1740 ad
569 1697 937 1740 substantiam
966 1697 1080 1750 quod
1109 1697 1276 1749 attinet,
1306 1700 1355 1739 ut
1381 1700 1503 1752 patet
1530 1697 1575 1739 in
1598 1697 1789 1740 conside-

227 1771 392 1813 ratione
430 1784 651 1812 causarum
683 1769 885 1811 omnium.
915 1768 1028 1811 Nam
1058 1769 1093 1810 si
1123 1768 1377 1811 efficientem
1406 1771 1655 1824 spectemus,
1683 1769 1790 1811 utri-

228 1857 373 1896 usque,
417 1856 543 1895 quam
584 1841 874 1894 προηγουμένην
916 1843 1084 1892 vocant,
1125 1840 1208 1882 fuit
1249 1840 1338 1882 sola
1380 1840 1461 1882 Dei
1503 1840 1791 1883 misericordia

230 1929 313 1967 qua
340 1914 383 1955 id
412 1913 591 1967 pepigit,
620 1912 746 1953 nullis
774 1912 996 1954 hominum
1024 1911 1188 1954 meritis
1215 1913 1449 1965 permotus,
1478 1911 1615 1953 solum
1648 1910 1791 1953 Chris-

229 1988 320 2027 tum
357 1987 577 2038 tamquam
615 1984 892 2026 mediatorem
931 1983 1206 2035 constituens,
1245 1983 1299 2024 in
1335 1997 1436 2036 quo
1467 1984 1583 2024 erat
1610 1997 1790 2025 recon-

231 2057 426 2099 cilians
463 2055 710 2097 mundum
748 2055 875 2108 sibi,
914 2056 938 2096 2
977 2053 1070 2097 Cor.
1108 2055 1145 2107 5,
1176 2054 1239 2096 19.
1270 2052 1315 2096 Si
1344 2053 1579 2106 materiam,
1609 2069 1693 2096 una
1722 2069 1791 2098 ea-

232 2128 408 2180 demque
439 2129 522 2177 est3
553 2126 781 2179 utrobique
811 2126 924 2168 enim
952 2126 1098 2168 eadem
1112 2125 1215 2167 fides
1233 2128 1274 2167 et
1291 2125 1532 2167 obedientia
1546 2125 1791 2179 requiritur,

232 2199 376 2241 eadem
413 2197 653 2240 haereditas
681 2198 795 2240 vitae
824 2200 1020 2239 aeternae
1047 2197 1328 2251 promittitur,
1358 2212 1435 2250 per
1463 2196 1791 2250 imputationem

228 2269 421 2323 justitiae
458 2268 567 2320 fidei,
606 2271 647 2310 et
677 2267 909 2321 gratiosam
938 2267 1213 2321 adoptionem
1241 2267 1285 2309 in
1315 2267 1498 2310 Christo.
1523 2268 1569 2311 Si
1596 2267 1791 2322 formam,

233 2339 276 2381 in
319 2342 498 2392 utraque
541 2341 602 2381 est
639 2339 781 2393 pactio
818 2338 930 2380 inter
966 2340 1111 2391 partes
1140 2338 1391 2381 dissidentes
1420 2339 1669 2381 confirmata
1695 2354 1792 2382 san-

232 2410 358 2464 guine
388 2410 648 2463 mediatoris,
679 2413 752 2451 aut
780 2410 958 2461 venturi,
991 2411 1064 2451 aut
1093 2409 1285 2452 exhibiti.
1316 2410 1361 2453 Si
1385 2410 1513 2453 finem
1536 2411 1792 2465 proximum,

232 2484 429 2523 neutrum
471 2482 523 2523 ad
565 2482 775 2523 carnalem
818 2496 891 2523 seu
932 2483 1145 2523 terrenam
1187 2481 1434 2524 felicitatem
1472 2482 1793 2536 praesentisque

233 2553 346 2596 vitae
384 2553 655 2606 potissimum
683 2553 808 2605 bona,
838 2552 910 2594 sed
938 2552 1073 2594 multo
1102 2553 1240 2606 magis
1270 2553 1323 2595 ad
1351 2554 1547 2595 aeternae
1575 2552 1792 2596 felicitatis

234 2639 351 2678 spem
395 2625 633 2667 revocabat.
672 2623 718 2668 Si
746 2623 956 2677 ultimum,
985 2624 1213 2678 utrobique
1241 2624 1323 2667 fuit
1346 2624 1436 2667 laus
1461 2624 1673 2678 gloriosae
1696 2639 1793 2678 gra-

236 2695 321 2736 tiae
350 2694 430 2737 Dei
457 2695 502 2737 in
532 2695 714 2738 Christo.

288 2764 381 2807 XV.
424 2766 520 2809 Duo
563 2770 706 2809 tamen
749 2767 1023 2810 Testamenta
1064 2768 1273 2821 dicuntur,
1310 2783 1397 2811 non
1432 2783 1508 2824 per
1545 2756 1794 2811 divisionem

238 2836 402 2888 generis
439 2838 484 2878 in
520 2839 692 2892 specieS,
733 2839 804 2881 sed
843 2840 1024 2893 subjecti
1052 2840 1282 2882 secundum
1313 2840 1565 2893 accidentia3
1596 2840 1696 2894 quia
1724 2854 1794 2882 ea-

237 2905 330 2947 dem
366 2921 433 2948 res
462 2909 600 2961 specie
630 2912 671 2952 et
701 2910 939 2952 substantia
966 2925 1152 2963 manens,
1181 2911 1371 2954 variatur
1399 2911 1629 2954 secundum
1657 2910 1794 2953 diver-

241 2990 329 3017 sam
370 2980 636 3022 oeconomiae
673 2982 894 3034 rationem,
935 2983 976 3023 et
1005 2981 1386 3025 administrationis
1413 2982 1597 3035 modum,
1626 2984 1716 3025 tam
1742 2996 1794 3025 ex

1701 3085 1717 3100 ,N
