1931 3224
255 186 332 228 258
822 182 1064 223 DISPUTATIO
1094 176 1252 219 XXVI.

258 323 380 351 causa
418 311 480 350 est
519 322 591 349 cur
629 311 669 349 et
709 307 900 348 Christus
938 304 1132 345 minister
1171 298 1504 342 circumcisionis
1541 298 1814 351 potissimum

259 395 356 422 oves
398 379 586 432 perditas
631 379 778 420 domus
819 374 986 417 Israelis
1030 374 1082 415 ad
1124 387 1167 414 se
1209 370 1437 423 vocaverit,
1479 368 1604 411 Matt.
1642 369 1706 421 15,
1749 368 1812 409 24.

255 450 378 492 Rom.
418 450 479 501 15,
521 450 556 490 8.
595 448 674 489 His
704 461 835 500 aeque
865 449 992 498 atque
1021 444 1104 486 illis
1133 445 1232 497 post
1257 442 1417 484 Christi
1446 441 1734 483 ascensionem
1762 439 1815 481 ad

256 523 394 564 coelos
433 520 715 574 Evangelium
752 519 885 572 ipsius
922 531 999 570 per
1037 515 1271 569 Apostolos
1312 513 1614 555 annunciatum
1640 512 1736 564 fuit,
1765 513 1815 552 ut

254 595 345 647 ipse
375 607 460 634 non
489 592 625 634 solum
655 592 763 632 esset
791 588 928 643 gloria
953 586 1103 641 populi
1126 585 1309 638 Israelis,
1338 585 1410 628 sed
1435 587 1477 627 et
1499 584 1573 626 lux
1600 583 1814 634 Gentium,

249 666 372 717 juxta
401 663 613 712 vaticinia,
644 661 713 702 Es.
743 661 806 711 49,
836 661 872 701 6.
902 658 1000 700 Luc.
1030 660 1066 710 2,
1097 659 1161 699 32.

306 734 414 777 XLI.
459 734 633 775 Modum
674 730 958 773 institutionis
1001 729 1281 784 Propheticae
1325 729 1536 782 duplicem
1575 725 1813 778 statuimus,

254 806 543 848 immediatum
583 806 624 845 et
653 802 898 844 mediatum.
927 801 1077 843 Priore
1107 800 1300 842 Christus
1330 800 1581 854 plerumque
1606 812 1706 839 usus
1736 798 1813 848 est,

255 881 327 919 aut
353 876 581 918 secundum
610 874 795 915 divinam
824 875 991 914 tantum
1018 874 1216 914 naturam
1245 871 1322 913 sub
1352 871 1486 913 veteri
1513 869 1682 912 foedere
1714 882 1814 922 erga

252 948 504 1001 Prophetas,
544 948 616 987 aut
655 945 883 987 secundum
920 947 1146 997 utramque
1185 958 1287 997 erga
1321 942 1567 996 Apostolos.
1596 940 1814 993 Utrosque

255 1020 365 1061 enim
408 1018 470 1060 sol
511 1017 582 1059 ille
620 1016 825 1069 justitiae,
864 1015 992 1057 radiis
1033 1014 1207 1073 luminis
1249 1013 1499 1067 Prophetici
1542 1011 1656 1066 quod
1691 1010 1736 1052 in
1770 1025 1814 1053 se

252 1092 394 1142 habet,
425 1091 575 1142 suapte
604 1089 762 1129 virtute
790 1086 1032 1128 illustravit.
1062 1085 1305 1128 Posteriore
1333 1101 1433 1127 usus
1463 1089 1538 1140 est,
1564 1101 1659 1129 cum
1684 1086 1814 1130 servis

253 1163 338 1203 suis
376 1160 603 1214 Prophetis
642 1162 770 1211 atque
809 1157 1031 1211 Apostolis
1068 1157 1309 1211 imperavit,
1349 1160 1397 1199 ut
1425 1158 1587 1212 populo
1618 1172 1693 1200 suo
1724 1171 1814 1200 om-

254 1234 323 1275 nia
361 1233 594 1286 sapientiae
632 1246 731 1273 suae
769 1230 973 1284 mysteria
1010 1230 1062 1271 ad
1101 1230 1279 1271 salutem
1310 1230 1419 1271 scitu
1445 1232 1693 1283 necessaria,
1722 1233 1815 1273 tum

257 1304 543 1353 concionibus,
582 1306 673 1344 tum
712 1302 883 1355 scriptis
922 1302 1008 1342 suis
1045 1301 1347 1355 patefacerent.
1384 1301 1476 1351 Qua
1514 1301 1705 1344 Ecclesia
1732 1301 1814 1344 Dei

254 1379 370 1418 mota
423 1375 756 1417 consideratione
809 1388 955 1415 omnes
996 1373 1248 1414 traditiones
1290 1373 1501 1427 repudiat,
1546 1387 1653 1426 quae
1695 1387 1813 1415 sacro
1855 1387 1860 1396 ⁴

256 1446 407 1488 Codice
444 1460 530 1487 11011
570 1445 851 1487 contin-entur.
891 1443 1039 1486 Priore
1079 1444 1257 1486 docendi
1293 1444 1433 1496 modo,
1475 1447 1516 1486 et
1544 1447 1707 1487 mentes
1735 1444 1814 1486 ho-

255 1518 416 1559 minum
455 1517 613 1569 absque
651 1517 903 1570 posterioris
940 1515 1195 1558 adminiculo
1233 1517 1348 1557 intus
1377 1516 1592 1568 illustrati,
1623 1519 1664 1558 et
1688 1516 1816 1559 corda

254 1590 443 1643 ipsorum
480 1589 531 1630 ad
567 1588 666 1630 fidei
704 1588 990 1630 obedientiam
1027 1588 1189 1630 inflecti
1217 1590 1410 1642 possunt.
1439 1586 1686 1629 Posteriore
1714 1602 1817 1630 neu-

254 1664 368 1702 trum
398 1676 543 1703 eorum
572 1660 768 1702 effectum
797 1660 956 1712 absque
986 1659 1141 1712 prioris
1170 1659 1358 1701 subsidio
1389 1659 1568 1712 produci
1597 1661 1752 1713 potest.

306 1731 436 1774 XLII.
467 1732 759 1775 Sacerdotium
784 1730 943 1773 Christi
968 1734 1031 1773 est
1054 1731 1216 1773 functio
1239 1746 1323 1784 qua
1348 1746 1493 1773 coram
1517 1730 1599 1772 Dei
1623 1732 1815 1784 apparet,

255 1805 302 1844 ut
340 1804 480 1856 legem
517 1803 569 1844 ab
607 1803 702 1856 ipso
743 1805 961 1856 acceptam
997 1805 1143 1844 nostro
1182 1803 1354 1845 nomine
1394 1803 1601 1854 observet,
1630 1801 1816 1855 seipsum

254 1874 470 1915 victimam
508 1873 865 1915 reconciliationis
903 1887 981 1927 pro
1009 1873 1168 1915 nostris
1196 1873 1382 1926 peccatis
1410 1873 1495 1927 ipsi
1526 1872 1688 1924 offerat,
1719 1886 1815 1914 sua-

257 1959 337 1997 que
378 1945 489 1997 apud
528 1960 623 1986 eum
662 1944 965 1987 intercessione
1003 1959 1128 1998 opem
1165 1944 1299 1998 ipsius
1337 1959 1565 1998 perennem
1605 1958 1654 1985 ac
1684 1944 1815 1986 dona-

254 2015 415 2056 tionem
444 2015 630 2069 Spiritus
660 2014 805 2057 Sancti
833 2016 956 2058 nobis
981 2016 1184 2070 impetret
1208 2017 1336 2068 atque
1363 2015 1590 2067 efficaciter
1615 2014 1814 2069 applicet,

256 2085 364 2127 Heb.
396 2087 456 2137 10,
488 2087 524 2137 7,
559 2087 594 2128 8.
627 2089 669 2128 et
699 2102 785 2139 seq.

308 2157 459 2199 XLIII.
498 2157 615 2200 Haec
652 2158 806 2212 triplex
844 2174 986 2200 coram
1014 2159 1106 2201 Deo
1135 2158 1332 2201 veniendi
1359 2158 1469 2200 ratio
1498 2173 1575 2211 per
1605 2172 1816 2200 summum

257 2229 529 2271 Sacerdotem
559 2229 794 2272 Leviticum
823 2230 927 2272 olim
955 2230 1036 2272 fuit
1060 2231 1325 2282 adumbrata,
1351 2230 1423 2283 qui
1442 2231 1568 2283 juxta
1591 2228 1673 2271 Dei
1695 2244 1815 2271 man-

257 2300 414 2351 datum,
453 2301 619 2342 tabulas
656 2300 762 2354 legis
799 2301 844 2342 in
882 2316 978 2343 arca
1015 2301 1198 2344 foederis
1236 2302 1448 2355 repositas
1480 2301 1737 2352 asservabat,
1766 2314 1815 2342 ac

256 2385 335 2423 pro
373 2371 533 2424 populo
575 2386 668 2412 cum
705 2372 975 2415 victimarum
1012 2376 1053 2415 et
1080 2388 1254 2427 precum
1284 2372 1501 2416 oblatione
1525 2387 1568 2414 se
1596 2374 1816 2425 tamquam

254 2440 534 2483 Mediatorem
562 2441 654 2483 Deo
684 2442 872 2485 sistebat.

309 2511 456 2554 XLIV.
494 2511 612 2562 Idem
650 2511 809 2555 Christi
837 2513 1130 2558 Sacerdotium
1160 2514 1261 2557 olim
1289 2529 1459 2569 quoque
1486 2513 1569 2556 fuit
1595 2513 1816 2556 Melchise-

258 2583 443 2631 deciano,
483 2584 554 2626 sed
594 2584 676 2626 alio
716 2584 810 2636 fine,
849 2586 1197 2639 praefiguratum,
1235 2586 1450 2638 nimirum,
1477 2587 1526 2627 ut
1552 2584 1666 2627 illius
1695 2599 1816 2638 prae-

258 2655 459 2697 stantiam
486 2670 589 2709 prae
617 2655 806 2698 Levitico
837 2670 886 2698 ex
915 2657 1075 2710 triplici
1098 2658 1400 2712 praerogativa
1424 2657 1659 2708 denotaret,
1683 2655 1721 2696 1.
1745 2669 1814 2697 ae-

257 2727 483 2779 ternitatis,
515 2742 621 2779 cum,
651 2729 700 2769 ut
728 2727 1057 2770 Melchisedecus
1087 2730 1245 2783 typice,
1275 2730 1335 2772 sic
1363 2728 1556 2771 Christus
1584 2726 1815 2769 secundum

257 2797 317 2838 rei
354 2798 576 2840 veritatem
614 2798 774 2851 absque
811 2801 933 2852 patre
972 2802 1013 2841 et
1050 2803 1197 2852 matre,
1237 2801 1396 2854 absque
1435 2801 1532 2841 ortu
1569 2801 1611 2840 et
1638 2798 1815 2840 interitu

258 2866 339 2908 Dei
367 2867 568 2910 Sacerdos
597 2871 879 2923 nuncupatur.
909 2870 945 2911 2.
975 2870 1156 2924 duplicis
1186 2871 1327 2924 officii,
1359 2885 1454 2913 cum.
1481 2872 1659 2923 uterque
1682 2868 1814 2923 Regis

260 2940 300 2978 et
343 2937 580 2980 Sacerdotis
622 2940 749 2983 titulo
792 2941 1034 2994 insignitur.
1077 2943 1113 2983 3.
1159 2942 1412 2984 eminentiae
1453 2955 1581 2995 snpra
1622 2940 1814 2982 ordinem

258 3008 503 3062 Leviticum,
547 3026 640 3052 cum
683 3027 706 3052 a
748 3012 1057 3055 Melchisedeco
1099 3013 1191 3066 ipse
1233 3013 1334 3056 Levi
1377 3012 1421 3054 in
1463 3011 1726 3064 Abrahamo,
1768 3011 1814 3052 in
