1931 3224
275 127 354 169 480
846 130 1089 172 DISPUTATIO
1118 130 1270 173 XLIII.

278 254 638 295 contentione
677 252 954 295 Christum
992 255 1430 308 annunciabant,
1467 271 1572 298 non
1600 257 1835 310 sincere,

276 323 387 366 Phil.
428 326 464 376 l,
504 325 539 366 7.
570 339 652 377 qua
681 324 726 366 in
753 340 799 366 re
828 325 932 367 illud
961 325 1151 368 Thomae
1178 341 1265 368 non
1293 326 1595 380 improbamus,
1626 327 1685 369 In
1698 343 1716 370 s
1727 330 1777 370 tr
1789 344 1836 370 u-

276 398 510 437 mentum
539 410 699 448 agere
726 411 830 438 non
859 397 1146 439 secundum
1170 398 1452 451 propriam
1474 398 1719 451 formam,
1746 400 1837 442 sed

278 466 567 509 secundum
591 466 854 509 Virtutem
880 469 995 521 ejus
1022 484 1046 510 a
1072 484 1173 522 quo
1198 472 1467 522 movetur,
1493 473 1603 523 part.
1619 471 1656 512 3.
1675 473 1837 524 quaest.

276 538 340 578 64.
370 537 503 579 Artic.
533 539 570 580 5.

329 607 446 650 XIII.
485 608 773 652 Intentionem
802 609 985 653 faciendi
1015 611 1128 664 quod
1156 610 1271 653 Deus
1298 611 1343 653 in
1373 612 1565 654 Ecclesia
1593 612 1686 654 fieri
1714 628 1838 666 prae-

277 680 400 733 cepit,
458 682 502 722 in
553 680 818 723 Sacramenti
869 683 1252 735 administratione,
1305 682 1504 725 Ministro
1556 684 1840 726 necessariam

277 766 378 800 esse,
429 766 482 793 ne
533 751 577 793 in
629 754 853 805 peccatum
897 753 1099 805 incurrat,
1144 754 1425 796 affirmamus:
1469 757 1514 796 at
1556 770 1655 797 vero
1699 756 1839 797 inten-

275 822 437 864 tionem
476 823 690 877 pertinere
727 824 780 866 ad
817 825 1029 867 rationem
1067 829 1108 867 et
1137 826 1367 867 essentiam
1397 825 1674 879 Sacramenti,
1703 827 1764 868 ita
1793 830 1841 869 ut

276 894 464 936 validum
514 910 600 937 non
653 896 709 938 sit
760 896 849 938 sine
891 895 1078 938 Ministri
1120 897 1368 950 intentione,
1416 898 1582 939 etiamsi
1624 898 1839 941 institutio

277 966 449 1020 Christi,
489 970 530 1009 et
567 968 649 1010 alia
687 969 732 1009 111
760 968 1035 1010 Sacramento
1064 970 1315 1022 necessaria,
1347 969 1634 1022 observentur,
1666 984 1745 1024 pro
1775 985 1842 1011 sa-

277 1038 434 1092 crilego
476 1039 677 1092 dogmate
713 1039 919 1081 habemus
931 1057 940 1091 3
981 1055 1064 1093 quo
1101 1040 1384 1083 labefactatur
1424 1041 1632 1083 certitudo
1671 1041 1770 1083 fidei
1801 1043 1843 1082 et

278 1110 592 1163 consolationis,
633 1126 761 1163 quam
799 1126 849 1153 ex
887 1111 1258 1154 Sacramentorum
1294 1112 1570 1165 perceptione
1600 1126 1819 1166 speramus
1832 1127 1841 1162 ;

278 1184 318 1223 et
355 1182 585 1224 secundum
625 1182 887 1235 Ponffificios,
927 1183 999 1236 qui
1030 1183 1212 1225 salutem
1240 1184 1462 1225 hominum
1490 1184 1708 1226 ascribunt
1736 1183 1840 1236 ipsis

277 1253 576 1305 Sacramentis,
602 1255 715 1296 salus
740 1254 962 1296 hominum
987 1255 1039 1296 ab
1062 1255 1185 1309 impii
1210 1255 1398 1297 Ministri
1423 1255 1601 1297 arbitrio
1626 1254 1841 1308 pendebit,

278 1328 319 1367 et
361 1340 487 1367 causa
527 1326 862 1367 instrumentalis
903 1326 1127 1379 derogabit
1166 1327 1324 1369 actioni
1362 1329 1404 1368 et
1443 1327 1654 1369 efficaciae
1693 1341 1843 1368 causae

278 1397 541 1450 principalis.
1555 1435 1558 1438 .

330 1468 445 1510 XIV.
488 1467 580 1510 Nec
621 1471 764 1510 tamen
804 1483 949 1510 verum
995 1471 1069 1520 est,
1110 1469 1216 1510 velle
1254 1483 1331 1510 nos
1370 1467 1658 1509 administrari
1695 1481 1842 1508 verum

279 1538 614 1591 Sacramentum,
645 1539 757 1581 sive
788 1539 910 1592 quis
940 1539 1097 1591 serio,
1129 1540 1242 1581 sive
1263 1541 1400 1592 joco,
1427 1539 1540 1580 sive
1568 1538 1840 1589 irrisorie,

279 1610 390 1652 sive
429 1610 539 1652 alia
576 1611 868 1653 voluntate
908 1612 1016 1663 det,
1054 1613 1111 1652 ut
1148 1610 1371 1652 lavandi
1402 1623 1618 1663 corpus,
1650 1610 1741 1650 aut
1769 1623 1844 1650 re-

278 1681 614 1735 frigerandi,
659 1697 715 1724 ac
748 1682 1079 1735 petulanter
1125 1681 1554 1724 commaculandi
1583 1683 1635 1722 et
1663 1695 1844 1733 asper—

280 1753 461 1806 gendi,
507 1756 551 1794 ut
593 1753 717 1795 nobis
761 1768 837 1806 per
880 1753 1134 1795 calumniam
1176 1753 1380 1806 impingit
1420 1751 1630 1804 Costerus,
1668 1750 1842 1793 Euchir.

280 1839 370 1877 cap.
408 1824 444 1865 8.
476 1823 641 1866 Scimus
673 1825 797 1877 enim,
828 1825 1041 1866 actionem
1069 1823 1428 1876 sacramentalem,
1458 1838 1545 1865 non
1574 1823 1724 1865 debere
1753 1836 1843 1863 esse

278 1895 493 1936 mimicam
521 1896 910 1948 subsannationem,
940 1899 1013 1938 aut
1037 1896 1262 1938 ridiculum
1285 1895 1436 1937 lusum.
1461 1894 1561 1937 Ideo
1586 1894 1843 1946 requirimus

279 1966 523 2008 Ministrum
562 1967 614 2009 ad
651 1967 695 2009 id
733 1970 945 2019 vocatum,
976 1970 1018 2009 et
1047 1967 1385 2009 circumstantias
1415 1980 1560 2008 omnes
1590 1968 1788 2007 externas
1819 1979 1843 2005 a

280 2037 450 2080 Christo
501 2038 733 2091 institutas,
785 2042 827 2081 et
872 2038 1085 2081 actionem
1129 2039 1358 2081 solemnem
1400 2041 1442 2080 et
1482 2037 1842 2088 Ecclesiasticam,

281 2124 388 2162 quae
424 2124 510 2151 non
546 2109 591 2150 in
629 2110 780 2162 quovis
819 2110 1005 2162 homine,
1035 2109 1217 2163 profano
1246 2123 1364 2151 more
1395 2109 1604 2160 abluente,
1633 2122 1771 2161 neque
1799 2108 1844 2149 in

279 2182 463 2235 psittaco
518 2181 783 2234 Bellarmini,
834 2181 965 2223 verba
1014 2181 1302 2224 institutionis
1357 2180 1613 2234 proferente,
1664 2178 1843 2234 reperiri

279 2254 472 2305 possunt.

332 2322 425 2366 XV.
442 2324 670 2366 Materiam
685 2323 1056 2367 Sacramentorum
1073 2335 1168 2367 cum
1184 2323 1373 2376 Irenaeo,
1392 2323 1482 2365 Lib.
1497 2324 1535 2365 4.
1555 2338 1644 2377 cap.
1662 2323 1724 2364 34.
1746 2337 1845 2364 con-

280 2396 496 2437 stituimus
532 2411 688 2437 unam
724 2398 1019 2448 terrenam,
1051 2398 1102 2438 et
1131 2396 1362 2437 alteram
1391 2395 1702 2437 coelestem.
1731 2392 1845 2436 Nam

281 2466 482 2520 quicquid
521 2468 585 2509 est
623 2467 667 2508 in
706 2465 1002 2519 Sacramentis,
1043 2469 1116 2508 aut
1152 2467 1198 2509 in
1234 2481 1381 2509 sensus
1420 2468 1616 2508 externos
1649 2465 1842 2518 incurrit,

281 2541 322 2580 et
362 2539 474 2592 signi
512 2539 723 2580 rationem
759 2538 903 2590 habet,
943 2541 1016 2580 aut
1054 2541 1117 2581 est
1155 2554 1222 2581 res
1253 2537 1488 2592 spiritualis
1518 2538 1605 2580 sive
1635 2537 1844 2588 coelestis,

280 2625 358 2663 per
395 2610 511 2652 illam
549 2612 767 2652 externam
807 2609 1059 2663 significata.
1090 2609 1279 2659 Quarum
1308 2610 1383 2651 illa
1413 2610 1596 2663 signum,
1626 2608 1731 2651 haec
1759 2608 1845 2661 sig-

282 2684 441 2733 natum,
472 2682 600 2735 vulgo
631 2681 886 2735 appellatur,

333 2751 449 2794 XVI.
493 2752 598 2794 Cum
634 2755 777 2795 autem
814 2753 926 2795 inter
963 2753 1085 2806 signa
1124 2753 1267 2806 aliqua
1305 2753 1389 2794 sint
1426 2751 1650 2802 naturalia,
1680 2750 1764 2792 alia
1794 2765 1845 2792 ex

280 2824 478 2866 instituto
522 2827 563 2866 et
598 2824 705 2867 haec
741 2839 884 2866 rursus
912 2824 1167 2866 miraculosa
1194 2825 1261 2866 vel
1289 2823 1547 2878 prodigiosa,
1576 2822 1660 2863 alia
1684 2822 1845 2875 absque

280 2895 506 2947 miraculo3
531 2895 653 2948 signa
668 2895 1015 2946 Sacramentalia,
1029 2895 1141 2937 inter
1156 2910 1182 2937 n
1196 2895 1375 2937 atural
1389 2895 1437 2937 ia
1464 2908 1565 2935 non
1589 2893 1844 2947 ponimus.

281 2965 394 3008 Nam
437 2967 630 3019 quamvis
674 2965 1100 3008 similitudinem
1150 2966 1390 3008 habeant
1442 2979 1620 3007 earum
1671 2978 1843 3006 rerum
