1931 3224
277 133 357 174 414
825 134 1066 177 DISPUTATIO
1095 134 1293 176 XXXIX.

280 257 411 308 sins,
451 272 537 298 non
575 260 717 299 autem
745 259 789 299 in
817 258 982 300 inferno
1008 260 1133 311 juxta
1163 259 1385 301 damnatos
1415 259 1595 301 similem
1622 260 1765 312 ignem
1793 261 1837 302 in

278 327 434 369 111111105
464 343 595 370 3111105
624 328 858 382 patiantur.

331 398 446 441 XVI.
489 399 676 452 Tempus
717 401 830 442 vitae
876 400 1111 454 praesentis
1153 416 1242 443 esse
1282 403 1451 455 tempus
1489 402 1701 452 sementis,
1738 405 1838 456 post

276 469 385 510 hanc
427 483 526 511 vero
569 470 702 511 vitain
739 485 828 512 esse
866 472 1035 525 tempus
1073 471 1236 523 messis,
1274 471 1496 525 Scriptura
1523 474 1717 525 testatur,
1746 472 1836 515 Gal.

276 541 313 592 6,
357 541 391 582 7.
435 555 518 593 quo
563 541 770 583 referet
813 542 1042 595 quisque
1084 546 1249 596 prout
1292 544 1469 597 gessit
1511 544 1564 585 in
1608 559 1837 597 corpore

277 625 389 660 suo,
426 612 451 652 2
491 610 582 653 001.
621 613 658 664 5,
698 614 760 654 10.
798 613 904 655 Ε550
941 629 1052 656 1111110
1080 616 1293 668 tempus
1323 614 1692 669 acceptabile,
1723 613 1836 657 dies

277 682 500 735 salutis,
542 685 566 724 2
595 683 688 726 001.
728 685 765 736 6,
810 686 846 726 2.
888 684 1047 727 Filium
1090 685 1275 728 hominis
1319 687 1532 729 dimittere
1571 688 1748 740 peccata
1784 686 1837 728 in

275 755 444 806 terra,
475 753 600 796 Matt.
629 756 665 807 9,
696 756 733 797 6.
763 755 820 797 Et
852 771 959 809 quae
988 756 1263 800 dimittuntur
1292 760 1364 799 aut
1393 758 1614 800 solvuntur
1643 757 1687 799 in
1709 760 1835 808 terra,

276 825 421 866 eadem
449 825 493 866 in
522 826 640 867 00010
671 827 831 868 dimitti
860 830 902 869 et
932 828 1049 881 solvi,
1080 827 1204 870 Matt.
1237 829 1298 881 16,
1330 829 1391 871 19.
1423 828 1528 870 Cum
1557 843 1658 882 ergo
1688 827 1837 871 remis-

275 897 338 938 sio
363 900 636 950 peccatorum
662 901 703 940 et
727 899 851 951 salus,
876 899 920 941 in
945 900 1026 942 hac
1048 902 1215 942 tantum
1239 901 1341 953 vita,
1366 916 1442 954 per
1457 901 1585 943 fidem
1598 899 1835 943 ministerio

274 968 392 1010 verbi
429 971 470 1011 et
499 968 871 1012 Sacramentoruni
900 986 1119 1013 accensam
1148 972 1405 1024 obtineatur,
1434 972 1501 1014 vel
1529 971 1765 1024 amittatur,
1795 973 1837 1013 et

274 1039 319 1081 in
344 1040 462 1082 coelo
493 1042 800 1095 exspectandus
830 1043 885 1084 sit
909 1043 1082 1085 effectus
1107 1058 1253 1085 eorum
1279 1058 1386 1096 quae
1410 1043 1454 1084 in
1477 1045 1592 1085 terra
1617 1044 1835 1096 geruntur,

273 1110 432 1154 frustra
456 1114 756 1167 purgatorium
781 1117 900 1156 extra
916 1117 1074 1157 terram
1089 1115 1368 1157 habitabilem
1384 1118 1426 1157 et
1442 1115 1604 1157 coelum
1620 1114 1834 1157 statuitur.

326 1182 465 1226 XVII.
503 1183 604 1238 Ipsa
643 1186 836 1228 doctrina
871 1187 921 1228 de
955 1186 1213 1240 Purgatorio
1243 1202 1337 1229 cum
1364 1187 1612 1229 remissione
1639 1188 1835 1240 peccato-

274 1270 369 1296 rum
411 1256 641 1299 consistere
683 1272 770 1299 non
812 1260 968 1311 potest.
1006 1257 1165 1300 Dicunt
1201 1258 1404 1311 Jesuitae,
1434 1259 1489 1300 in
1518 1258 1694 1300 altera
1722 1257 1836 1299 vita

274 1341 377 1368 non
416 1342 531 1369 esse
569 1327 743 1370 locum
771 1329 881 1370 nisi
906 1329 1194 1382 justitiae,
1224 1330 1278 1371 in
1306 1330 1664 1372 retribuendo
1694 1328 1836 1371 vide-

274 1398 407 1440 licet
445 1414 671 1452 poenam
707 1401 791 1442 vel
829 1401 1146 1454 praemium,
1181 1417 1276 1456 pro
1307 1401 1521 1444 meritis
1550 1403 1641 1443 aut
1670 1401 1835 1442 deme-

273 1469 402 1511 ritis
440 1469 600 1523 hujus
637 1471 797 1513 vitae.
839 1471 964 1526 Greg.
1004 1472 1053 1514 de
1080 1472 1174 1514 Val.
1206 1472 1325 1527 Disp.
1354 1473 1407 1515 II.
1437 1474 1599 1526 quaest.
1629 1471 1660 1513 I.
1690 1474 1834 1526 punct.

274 1541 309 1582 1.
348 1540 466 1595 Ergo
505 1543 645 1584 nullus
685 1546 749 1585 est
788 1544 1017 1585 secundum
1057 1558 1128 1586 eos
1166 1544 1282 1586 locus
1312 1545 1637 1588 misericordiae.
1667 1544 1834 1587 Remis-

273 1613 435 1655 sionem
459 1628 558 1655 vero
584 1616 858 1667 peccatorum
884 1630 972 1657 esse
990 1615 1304 1657 misericordiae
1321 1615 1528 1668 effectum,
1546 1617 1581 1658 si
1597 1617 1691 1670 quis
1706 1619 1835 1670 neget

272 1684 325 1725 ad
353 1688 533 1738 agnatos
563 1688 604 1727 et
632 1686 814 1739 gentiles
843 1688 907 1728 est
936 1686 1211 1743 ablegandus,
1239 1686 1351 1729 Nam
1379 1687 1493 1741 quod
1517 1688 1633 1729 addit
1655 1687 1833 1741 Jesuita,

272 1755 435 1798 remitti
460 1759 634 1810 peccata
660 1760 833 1800 eatenus
859 1760 1128 1811 quatenus
1152 1773 1245 1812 per
1270 1759 1603 1801 solutionem
1627 1773 1834 1812 poenae

273 1828 490 1870 satisfit
536 1829 751 1871 divinae
791 1829 1078 1883 justitiae,
1123 1830 1226 1871 adeo
1271 1833 1334 1872 est
1372 1830 1602 1872 absurdum
1630 1832 1677 1871 ut
1707 1830 1834 1872 etiam

272 1899 565 1954 blasphemam
590 1900 937 1953 consequentiam
961 1901 1115 1954 pariat,
1141 1900 1312 1944 Christo
1337 1916 1490 1955 nempe
1514 1901 1689 1943 remissa
1703 1900 1833 1943 fuisse

271 1973 458 2023 peccata,
490 1971 563 2023 qui
591 1970 758 2013 divinae
783 1972 977 2024 justitiae
1006 1971 1131 2026 plene
1160 1971 1377 2014 satisfecit.

322 2041 481 2084 XVIII.
518 2041 611 2084 Nec
638 2043 778 2084 minus
815 2043 1044 2085 absurdum
1082 2045 1146 2085 est
1175 2043 1288 2096 quod
1316 2044 1473 2096 dicunt,
1502 2043 1679 2086 remissa
1708 2044 1833 2097 culpa

269 2114 446 2167 purgari
483 2113 701 2156 hominem
737 2129 761 2156 a
788 2116 977 2169 peccato,
1009 2114 1109 2156 dum
1138 2114 1190 2155 ab
1221 2129 1269 2156 eo
1299 2117 1397 2168 post
1426 2115 1536 2158 hanc
1563 2115 1696 2157 vitam
1724 2117 1832 2157 tem-

270 2185 430 2238 poralis
469 2185 655 2238 exigitur
693 2199 843 2239 poena.
874 2185 978 2228 Cum
1007 2186 1098 2240 ipse
1128 2185 1373 2228 Bellarnn'n.
1405 2186 1455 2229 de
1484 2186 1661 2240 Purgat.
1691 2186 1764 2228 lib.
1793 2187 1830 2227 2.

271 2272 361 2310 cap.
390 2257 427 2298 4.
457 2256 690 2299 Poenam
719 2257 919 2310 debitam,
948 2273 1020 2300 seu
1049 2260 1214 2300 reatum
1240 2273 1414 2312 poenae,
1445 2259 1706 2301 maculam
1729 2273 1831 2300 non

271 2328 520 2382 gignere,
551 2329 641 2370 sed
670 2328 974 2371 debitorem
996 2329 1196 2381 facere,
1220 2329 1427 2372 fateatur:
1452 2330 1526 2371 ubi
1550 2332 1693 2372 autem
1716 2329 1831 2370 nulla

270 2401 333 2440 est
368 2399 545 2452 macula,
587 2400 688 2453 quid
718 2414 824 2454 opus
854 2403 917 2442 est
945 2401 1232 2455 purgatione?
1262 2400 1438 2454 Deinde,
1468 2401 1580 2454 quod
1608 2403 1830 2455 purgatur,

270 2469 375 2511 illud
413 2470 614 2523 aufertur,
653 2486 752 2513 nam
790 2471 928 2513 aufert
964 2471 1080 2514 Deus
1118 2471 1304 2514 maculas
1342 2487 1450 2526 quas
1487 2475 1666 2526 purgat3
1706 2475 1750 2514 at
1786 2473 1832 2514 in

271 2542 524 2595 purgatorio
560 2542 740 2584 infertur
776 2557 914 2596 poena
951 2558 1084 2597 usque
1123 2543 1175 2585 ad
1212 2544 1411 2585 ultimum
1450 2544 1740 2597 quadrantem,
1781 2559 1831 2586 ex

269 2611 503 2666 hypothesi
539 2614 886 2656 adversariorum.
917 2614 1020 2664 Quis
1049 2630 1237 2668 unquam
1261 2615 1422 2658 audivit
1446 2615 1633 2668 aliquem
1655 2614 1831 2670 purgari

271 2698 295 2724 a
330 2698 481 2737 poena,
520 2699 648 2738 quam
683 2685 899 2739 integram
926 2686 1019 2740 pati
1048 2686 1245 2740 cogitur?
1274 2685 1388 2728 Nam
1416 2686 1452 2728 si
1482 2685 1575 2739 quis
1606 2685 1729 2738 dicat,
1760 2699 1831 2727 eos

272 2755 344 2807 qui
390 2758 488 2797 sunt
526 2755 570 2797 in
608 2757 861 2810 purgatorio
902 2757 1129 2810 aliquando
1165 2757 1300 2800 levari
1337 2758 1486 2812 poenis
1524 2772 1600 2811 per
1636 2757 1831 2799 vivorum

271 2825 484 2880 suffragia,
515 2828 595 2870 etsi
624 2828 708 2870 hoc
736 2828 890 2871 falsum
919 2829 995 2880 sit;
1024 2829 1121 2871 inde
1150 2831 1292 2871 tamen
1322 2829 1514 2883 sequitur
1536 2830 1717 2881 tantum,
1744 2828 1831 2871 suf-

270 2895 409 2950 fragia
448 2900 490 2940 et
527 2899 838 2942 satisfactiones
875 2901 1069 2943 vivorum
1109 2915 1197 2943 esse
1234 2901 1520 2955 purgatorias,
1558 2895 1647 2941 ‘non
1687 2900 1830 2954 ignem

271 2968 457 3021 aliquem
486 2985 575 3013 esse
599 2972 910 3025 purgatorium,
936 2972 1009 3025 qui
1031 2986 1117 3014 non
1140 2974 1310 3026 purgat,
1336 2972 1409 3014 sed
1433 2987 1457 3013 a
1482 2985 1566 3024 quo
1592 2973 1831 3025 purgantur
