1931 3224
226 190 304 230 260
794 184 1034 226 DISPUrArm
1063 180 1221 224 XXVI.

226 312 435 354 talibus
462 313 511 352 et
536 300 761 363 peccato
788 306 1046 350 obnoxiis
1071 305 1165 348 sub
1190 303 1382 346 Veteri
1407 303 1782 356 Testamento,

228 399 283 426 ac
321 384 617 437 propterea
654 396 678 422 a
716 379 831 421 solo
870 377 1016 419 Filio
1047 376 1146 418 Dei
1175 374 1330 416 Patri
1359 389 1472 427 suo,
1505 375 1680 428 quoad
1709 390 1782 418 es-

227 454 515 496 sentialem
571 449 1056 494 immortalitatem
1110 462 1166 489 ac
1223 446 1582 489 sanctitatem
1637 460 1784 490 coae-

227 526 398 579 quali,
444 523 644 566 offerri
687 520 959 563 debuisse:
1000 518 1152 560 Nunc
1196 533 1323 560 vero
1369 518 1431 560 ab
1473 517 1785 571 hujusmodi

225 595 560 646 hominibus,
614 592 806 646 quales
861 592 1016 632 erant
1067 589 1395 632 Sacerdotes
1449 588 1546 630 sub
1597 588 1785 631 Veteri

226 668 586 715 Testamento,
613 662 956 706 sacrificium
979 675 1103 703 vere
1130 660 1501 714 expiatorium
1525 661 1573 702 et
1598 659 1785 702 debere

225 743 276 782 et
300 753 457 793 posse
483 736 693 779 offerri.
720 735 777 777 Et
802 733 969 785 similia,
996 748 1103 786 quae
1131 735 1283 786 postea
1311 732 1478 786 plenius
1506 732 1784 774 excutientur.

278 808 470 853 XLVIII.
510 807 759 850 Intercessio
801 805 960 847 Christi
998 807 1062 847 est
1098 805 1275 856 functio,
1314 819 1398 858 qua
1436 818 1479 846 se
1516 804 1562 845 in
1589 803 1784 847 Sacrario

226 882 397 925 coelesti
435 882 586 922 sistens
624 878 715 921 Deo
752 877 886 929 Patri,
915 879 1008 919 tum
1035 875 1370 918 misericordiam
1397 876 1533 930 ipsius
1563 890 1612 917 ac
1637 874 1786 917 remis-

225 956 387 997 sionem
424 954 696 1006 peccatorum
733 948 886 991 merito
919 947 1116 990 sacrificii
1145 946 1211 989 sui
1240 947 1468 1001 expiatorii
1495 947 1785 1000 impetratam,

225 1030 316 1068 tum
355 1039 479 1079 opem
515 1023 647 1077 ipsius
685 1036 732 1063 ac
762 1021 872 1062 dona
901 1019 1087 1073 Spiritus
1117 1017 1263 1061 Sancti
1291 1020 1439 1060 nostro
1467 1017 1639 1060 nomine
1668 1017 1786 1059 effla-

227 1098 349 1151 gitat,
381 1096 533 1149 quibus
564 1094 698 1136 indies
726 1091 864 1145 magis
894 1105 942 1133 ac
964 1091 1102 1144 magis
1126 1090 1180 1132 ad
1203 1090 1346 1132 omnia
1367 1089 1634 1132 obedientiae
1658 1091 1786 1142 atque

228 1167 492 1221 εὐχαριστίας
524 1164 664 1207 officia
692 1162 835 1217 parati
862 1162 1101 1204 reddamur.

278 1238 429 1281 XLIX.
464 1236 535 1279 Fit
563 1236 635 1277 illa
662 1233 910 1276 intercessio
942 1248 966 1274 a
994 1232 1104 1274 Filio
1134 1231 1215 1274 Dei
1245 1232 1475 1274 secundum
1502 1231 1788 1274 voluntariam

229 1311 391 1365 gratiae
421 1307 783 1362 dispensationem
812 1319 861 1346 ac
887 1304 1099 1346 rationem
1127 1303 1376 1346 mediationi
1405 1319 1504 1345 suae
1534 1303 1787 1346 convenien-

228 1385 328 1433 tem,
373 1395 458 1422 non
505 1378 617 1431 quod
654 1378 744 1430 jam
784 1378 899 1418 statu
943 1390 1043 1417 suae
1081 1375 1382 1418 exinanitionis
1421 1375 1631 1429 deposito,
1667 1375 1788 1417 flexis

227 1452 418 1507 genibus,
448 1453 545 1492 ante
574 1448 746 1491 Patrem
775 1463 899 1489 suum
925 1447 970 1488 in
994 1447 1122 1489 coelis
1146 1446 1409 1498 devolvatur,
1433 1446 1505 1488 sed
1529 1446 1630 1499 quia
1652 1446 1788 1488 instar

228 1524 458 1567 sacerdotis
498 1525 626 1575 atque
666 1520 862 1562 advocati
890 1533 933 1561 se
970 1519 1015 1560 in
1053 1520 1286 1572 conspectu
1323 1517 1459 1571 ipsius
1497 1517 1663 1569 sistens,
1701 1531 1789 1559 non

225 1594 363 1637 minus
401 1593 610 1644 ardenter,
639 1591 869 1634 secundum
895 1593 1092 1633 naturam
1121 1605 1240 1632 suam
1268 1589 1510 1640 humanam,
1542 1603 1670 1642 quam
1698 1588 1788 1630 effi-

227 1667 381 1708 caciter
423 1665 653 1707 secundum
695 1665 882 1707 divinam
924 1663 977 1705 ab
1019 1663 1115 1716 ipso
1161 1662 1326 1716 gratiae
1361 1664 1491 1714 atque
1531 1661 1625 1714 opis
1663 1660 1788 1703 nobis

226 1738 485 1780 necessariae
514 1737 879 1778 continuationem
906 1734 1111 1788 postulat.

278 1808 323 1851 L.
362 1808 463 1851 Non
501 1809 638 1862 magis
676 1808 781 1849 haec
818 1805 977 1847 Christi
1013 1805 1262 1847 intercessio
1299 1819 1394 1846 cum
1423 1803 1580 1846 sanctis
1608 1802 1788 1857 Angelis

229 1894 276 1921 ac
308 1880 529 1921 beatorum
557 1878 780 1920 hominum
808 1877 1052 1931 Spiritibus,
1086 1890 1215 1929 quam
1243 1874 1439 1917 sacrificii
1466 1874 1602 1928 ipsius
1628 1873 1788 1916 oblatio

229 1966 323 1993 cum
351 1949 604 1993 Sacrificulis
634 1948 975 1991 Romanensibus
1005 1945 1308 1990 communicari
1336 1947 1493 1999 potest.
1522 1943 1636 1987 Nam
1664 1944 1790 1987 sicuti

227 2021 544 2076 redemptionis,
569 2022 628 2063 sic
654 2023 694 2062 et
717 2019 1034 2062 intercessionis
1060 2018 1176 2061 solus
1199 2017 1412 2059 Mediator
1437 2018 1513 2068 est,
1539 2031 1587 2058 30
1610 2015 1789 2070 proinde

227 2092 444 2135 Pontificii
483 2093 556 2145 qni
595 2094 762 2134 sanctos
792 2092 983 2145 Angelos
1012 2093 1141 2143 atque
1169 2089 1365 2132 homines
1392 2089 1473 2131 hac
1502 2089 1592 2130 vita
1621 2087 1789 2130 defunc-

226 2167 307 2217 tos,
348 2164 529 2216 Christo,
569 2166 791 2216 tamquam
820 2163 1093 2205 secundarios
1121 2162 1421 2204 intercessores
1450 2159 1675 2211 associant,
1702 2172 1789 2200 non

229 2236 382 2289 exigua
419 2235 559 2289 ipsum
596 2235 752 2288 injuria
792 2235 997 2286 afficiunt,
1034 2236 1082 2276 ut
1119 2234 1331 2286 deinceps,
1360 2231 1453 2274 Deo
1481 2231 1622 2282 dante,
1650 2229 1788 2272 decla-

226 2306 402 2349 rabitur.

281 2377 348 2419 LI.
387 2377 571 2431 Regium
609 2376 767 2419 Christi
804 2392 957 2419 munus
988 2378 1064 2428 est,
1096 2390 1180 2429 quo
1209 2373 1447 2417 Ecclesiam
1475 2372 1682 2428 sanguine
1711 2384 1787 2414 5110

229 2448 492 2502 acquisitam,
531 2451 751 2501 tamquam
786 2449 962 2490 unicum
988 2448 1101 2489 illius
1131 2447 1272 2500 caput,
1302 2445 1526 2499 gubernat,
1556 2446 1684 2497 atque
1714 2442 1788 2485 ad-

227 2534 373 2561 versus
418 2534 562 2562 omnes
586 2519 749 2561 hostes
792 2522 881 2561 tam
922 2520 1127 2569 internos,
1171 2532 1300 2570 quam
1341 2518 1551 2568 externos,
1589 2517 1788 2569 potenter

227 2592 383 2642 tuetur,
421 2605 582 2644 suoque
621 2591 749 2632 ductu
788 2590 833 2631 in
869 2590 951 2632 hoc
980 2590 1153 2644 pulvere
1181 2587 1439 2630 militantem
1466 2585 1630 2628 idoneis
1658 2585 1787 2627 armis

227 2661 412 2713 instruit,
460 2664 507 2703 ut
553 2661 725 2703 tandem
763 2661 1008 2714 promissae
1034 2659 1239 2702 victoriae
1276 2659 1491 2712 particeps
1526 2657 1653 2708 facta,
1691 2670 1788 2698 cum

229 2733 322 2786 ipso
365 2733 410 2774 in
453 2733 581 2775 coelis
623 2733 673 2775 de
715 2732 912 2775 hostibus
960 2732 1183 2774 debellatis
1224 2732 1481 2784 perpetuum
1521 2727 1788 2782 triumphum

231 2805 343 2856 agat,
395 2803 617 2856 Deumque
660 2804 710 2846 de
752 2804 832 2845 hac
873 2806 998 2858 parta
1040 2802 1220 2846 victoria
1260 2800 1547 2843 indesinenter
1590 2798 1785 2841 celebret.

230 2872 352 2917 Solus
383 2874 491 2915 enim
523 2874 727 2927 Christus,
758 2877 800 2917 et
829 2875 988 2916 ordinis
1019 2874 1242 2927 dignitate,
1269 2875 1311 2915 et
1333 2870 1520 2925 regendi,
1546 2869 1786 2924 vegetandi,

231 2946 589 2997 conservandique
616 2947 786 2997 virtute,
817 2949 859 2988 et
889 2946 1099 2988 donorum
1127 2943 1416 3000 spiritualium
1443 2941 1716 2984 multitudine
1739 2955 1788 2984 30

230 3015 501 3068 perfectione,
531 3031 657 3069 super
686 3017 828 3059 omnia
853 3017 1025 3071 mystici
1053 3016 1118 3058 sui
1147 3016 1337 3071 corporis
1366 3013 1556 3057 membra
1579 3012 1788 3067 singulari
