1931 3224
242 183 321 223 382
790 182 1034 224 Disru'rA'rlo
1063 182 1259 224 XXXVI.

295 306 402 348 XLI.
446 306 776 359 Superstitiosae
821 320 921 359 ergo
966 307 1139 349 omnino
1179 311 1277 349 sunt
1315 310 1677 362 peregrinationes
1706 311 1805 353 illae

243 377 567 419 Pontificiorum
611 378 663 418 ad
705 377 946 431 sepulcrum
988 376 1175 430 Domini,
1219 382 1292 420 aut
1329 380 1412 421 alia
1448 381 1541 423 loca
1568 382 1805 436 longinqua

240 447 440 500 precandi
470 461 595 488 causa
622 447 864 498 institutae3
896 463 1026 501 quum
1054 449 1168 491 Deus
1198 465 1248 491 ex
1278 466 1413 504 aequo
1442 468 1587 506 preces
1616 453 1801 495 fidelium

238 518 396 571 ubique
435 518 525 570 jain
569 519 780 571 exaudiat,
825 522 866 561 et
906 520 1151 573 hujusmodi
1192 521 1387 564 homines
1425 525 1573 564 contra
1613 524 1802 566 caritatis

237 589 502 642 praescripta
539 591 700 643 seipsos
738 591 937 644 periculis
974 607 1061 634 non
1097 594 1343 635 necessariis
1383 597 1610 648 exponant,
1648 611 1803 649 eosque

240 676 420 713 quorum
460 676 559 703 cura
596 661 648 702 iis
687 662 962 716 singulariter
1001 665 1295 707 commendata
1335 668 1410 718 est,
1451 665 1527 707 sub
1566 666 1648 708 hoc
1680 681 1802 720 prae-

237 735 358 774 textu
394 734 551 787 injuste
590 749 716 787 saepe
756 735 963 777 deserant.
1002 734 1094 778 Nec
1130 737 1436 790 superstitione
1478 752 1647 791 quoque
1687 741 1802 781 caret

237 819 383 846 eorum
419 804 594 857 factum,
634 806 707 857 qui
746 806 798 847 ad
835 821 982 859 preces
1017 808 1206 862 privatas
1245 808 1542 862 concipiendas
1570 809 1730 863 templa
1760 813 1803 853 et

236 876 359 918 aedes
396 891 536 918 sacras
573 877 760 919 fidelium
790 881 1001 920 conventu
1030 894 1197 931 vacuas,
1229 880 1308 921 etsi
1338 881 1420 921 alia
1450 881 1801 929 secretioraloca

233 947 286 989 iis
316 948 510 1001 exposita
536 949 633 1001 sint,
660 952 967 991 consueverunt
993 951 1210 1001 accedere3
1239 952 1582 1004 quandoquidem
1607 951 1800 994 Christus

233 1018 346 1060 hunc
375 1019 506 1061 ritum
536 1035 733 1074 expresse
760 1021 805 1062 in
829 1020 1067 1076 hypocritis
1094 1022 1359 1075 condemnat,
1385 1023 1478 1064 loco
1504 1025 1629 1064 antea
1654 1023 1799 1076 citato,

234 1089 356 1132 Matt.
386 1092 423 1143 6,
453 1092 488 1133 5.
519 1093 555 1134 6.
587 1095 664 1134 etc.

285 1161 413 1204 XLII.
453 1163 683 1218 Tempus
721 1165 959 1218 precationi
999 1165 1264 1217 conveniens,
1306 1168 1368 1208 est
1401 1165 1578 1218 quodvis
1608 1181 1798 1209 momen-

233 1235 336 1286 tum,
369 1249 453 1286 quo
483 1235 599 1288 fides,
630 1251 738 1290 spes,
770 1236 937 1289 caritas,
968 1239 1009 1278 et
1039 1252 1184 1279 sensus
1212 1237 1475 1292 indigentiae
1508 1240 1681 1291 nostrae
1710 1240 1800 1279 tam

232 1305 427 1357 publicae
470 1322 597 1359 quam
638 1307 830 1361 privatae
868 1323 946 1350 nos
985 1309 1037 1349 ad
1075 1309 1335 1362 precandum
1372 1311 1567 1360 monent3
1607 1309 1717 1351 unde
1757 1312 1798 1351 et

234 1374 427 1418 Christus
469 1377 566 1420 Luc.
610 1379 673 1430 18,
719 1380 754 1421 1.
792 1379 1009 1432 discipulis
1047 1380 1234 1436 mandat,
1273 1382 1331 1421 ut
1370 1395 1579 1434 semper
1618 1383 1796 1432 orent,

231 1461 326 1488 nec
363 1452 712 1502 segnescant,
754 1454 794 1492 et
830 1450 1067 1503 Apostolus
1108 1452 1129 1492 1
1169 1450 1314 1492 Thess.
1353 1453 1389 1503 5,
1430 1452 1491 1492 17.
1524 1454 1570 1492 ut
1597 1452 1796 1493 indesi-

230 1520 425 1561 nenter
465 1523 635 1562 orent.
676 1519 768 1563 Nec
806 1524 950 1564 tamen
986 1522 1082 1564 ideo
1112 1522 1380 1575 probandum
1409 1525 1599 1564 veterum
1628 1522 1796 1564 Euche-

229 1591 383 1642 tarum,
422 1593 496 1632 aut
534 1593 802 1645 quorundam
838 1593 1143 1636 hodiernorum
1182 1593 1492 1635 Monaehorum
1519 1593 1691 1647 factum,
1723 1595 1796 1647 qui

232 1663 373 1703 totum
410 1662 524 1704 vitae
553 1666 724 1717 tempus
754 1665 1010 1708 cantillando
1042 1668 1084 1707 et
1112 1665 1325 1719 precando
1357 1680 1400 1707 se
1429 1665 1666 1719 transigere
1693 1680 1794 1719 pro-

226 1732 422 1784 fitentur;
463 1735 563 1787 quia
601 1735 806 1788 precatio,
847 1751 976 1790 opera
1007 1737 1171 1789 reliqua
1203 1736 1394 1778 caritatis
1424 1751 1525 1790 erga
1553 1735 1692 1778 Deum
1721 1738 1795 1778 aut

229 1804 484 1857 proximum,
513 1806 720 1860 impedire
749 1822 835 1849 non
865 1807 1001 1860 debet,
1033 1808 1105 1850 sed
1133 1808 1217 1850 illis
1246 1808 1463 1850 inservire.

282 1874 435 1918 XLIII.
472 1875 651 1919 Interim
688 1893 787 1920 vero
819 1881 860 1921 et
889 1879 1072 1933 publicis
1102 1880 1299 1933 precibus
1329 1882 1467 1922 certos
1497 1879 1597 1932 dies,
1632 1881 1675 1921 et
1703 1879 1792 1933 pri-

227 1947 337 1989 vatis
376 1950 539 1989 certum
568 1949 649 1990 diei
677 1952 858 2004 tempus,
889 1953 937 1992 ut
964 1951 1253 2005 negligentiae
1281 1954 1323 1993 et
1350 1947 1592 1993 infirmitati
1618 1953 1792 1993 nostrae

227 2021 510 2072 succurratur,
554 2035 643 2062 esse
687 2020 996 2074 destinandum,
1042 2021 1236 2076 exemplo
1280 2022 1469 2074 Davidis,
1512 2021 1581 2063 Ps.
1622 2022 1686 2075 55,
1728 2023 1809 2064 18.-

225 2089 428 2142 Danielis,
468 2106 559 2145 cap.
597 2092 634 2133 6.
668 2093 730 2133 11.
770 2095 811 2134 et
848 2093 978 2145 Petri,
1008 2093 1104 2135 Act.
1135 2094 1196 2145 10,
1223 2095 1258 2135 9.
1288 2093 1470 2136 libenter
1498 2094 1789 2147 agnoscimus3

224 2161 285 2203 ita
325 2165 482 2215 tamen,
519 2165 566 2204 ut
605 2164 743 2206 omnis
782 2164 1030 2218 superstitio
1067 2165 1167 2207 hinc
1204 2165 1328 2217 absit,
1368 2180 1416 2207 ac
1458 2165 1671 2216 κενοδοξία,
1716 2168 1790 2208 aut

224 2234 444 2288 scrupulus
483 2235 777 2286 conscientiae,
816 2236 852 2277 si
888 2236 999 2278 forte
1037 2237 1279 2290 necessitas,
1318 2240 1391 2279 aut
1430 2253 1560 2291 opera
1600 2239 1788 2280 caritatis

223 2305 414 2358 privatae
458 2306 526 2347 vel
570 2306 766 2359 publicae
808 2307 850 2348 id
893 2307 1148 2362 interrumpi
1186 2309 1417 2364 postulent,
1459 2325 1589 2362 quum
1625 2309 1669 2351 in
1706 2309 1788 2352 hoc

222 2377 398 2430 negotio
437 2377 555 2419 nulla
591 2378 782 2432 praecisa
812 2379 879 2420 lex
917 2395 941 2420 a
980 2378 1151 2421 Christo
1191 2383 1263 2421 aut
1292 2380 1516 2435 Apostolis
1545 2381 1600 2422 sit
1628 2381 1787 2423 tradita

222 2450 264 2490 et
301 2448 379 2490 soli
408 2449 545 2491 cordis
575 2450 628 2491 ad
657 2449 796 2491 Deum
825 2451 1007 2504 gemitus
1038 2466 1182 2493 earum
1209 2452 1352 2494 Jocum
1380 2453 1579 2507 supplere
1607 2453 1785 2506 possint,

224 2519 349 2561 sicuti
388 2519 518 2562 Thesi
555 2521 618 2562 30.
649 2536 673 2562 a
701 2521 825 2563 nobis
855 2524 979 2563 antea
1009 2525 1071 2564 est
1102 2525 1331 2575 ostensum,
1363 2526 1405 2566 et
1431 2524 1622 2566 Ecclesia
1649 2523 1785 2566 Israe-

222 2589 340 2633 litica
367 2591 412 2633 in
440 2591 704 2645 Babylonem
732 2593 929 2635 traducta
958 2594 1156 2646 ostendit,
1186 2594 1255 2636 Ps.
1287 2596 1376 2637 137.

275 2661 424 2704 XLIV.
463 2662 678 2705 Ultimum
714 2664 827 2718 quod
859 2665 982 2706 nobis
1013 2666 1309 2719 explicandum
1338 2669 1482 2720 restat,
1514 2670 1577 2710 est
1608 2667 1783 2722 objec-

221 2734 331 2773 tum
360 2733 504 2775 circa
533 2735 671 2787 quod
694 2735 910 2778 invocatio
935 2740 1140 2790 versatur,
1167 2738 1279 2790 quod
1305 2738 1462 2792 duplex
1486 2740 1561 2791 est,
1578 2738 1645 2780 vel
1667 2754 1782 2792 per-

222 2819 352 2846 sona
382 2819 460 2858 pro
491 2820 574 2858 qua
603 2821 786 2858 oramus,
817 2807 884 2849 vel
911 2822 994 2849 res
1025 2822 1151 2861 quam
1183 2809 1342 2851 orando
1371 2809 1648 2863 postulamus.

274 2874 402 2917 XLV.
432 2876 727 2919 Personam
760 2878 874 2931 quod
903 2880 1069 2932 attinet,
1101 2881 1306 2922 orandum
1332 2881 1456 2923 nobis
1486 2883 1548 2923 est
1577 2895 1663 2923 non
1686 2884 1781 2923 tan—

220 2948 313 2987 tum
350 2962 428 3000 pro
465 2949 602 3001 nobis,
641 2952 714 2991 aut
751 2950 802 2992 iis
843 2950 914 3003 qui
952 2951 1004 2992 ad
1040 2966 1118 2994 nos
1155 2953 1385 3006 pertinent,
1424 2952 1496 2994 sed
1534 2953 1663 2994 etiam
1700 2968 1779 3006 pro

220 3017 440 3068 quibusvis
475 3019 720 3062 hominibus
759 3022 778 3062 1
818 3020 926 3063 Tim.
956 3023 993 3074 2,
1023 3023 1060 3064 2.
1090 3022 1218 3065 etiam
1248 3039 1326 3077 pro
1355 3023 1538 3065 inimicis
1568 3026 1609 3066 et
1636 3039 1780 3077 perse-
