1931 3224
566 132 630 174 DE
659 131 890 175 DlsciPmNA
917 131 1238 175 EccmslAsTmA.
1599 133 1676 174 585

116 273 235 313 spem
275 272 443 300 omnem
478 272 554 312 per
584 257 891 300 contumaciam
921 271 1040 298 suam
1068 258 1257 299 nondum
1285 257 1505 311 praecidit,
1535 259 1584 298 ut
1612 257 1677 298 in—

115 330 241 372 terim
267 329 458 372 Ecclesia
486 344 563 382 per
590 329 702 370 hunc
731 329 916 383 primum
947 329 1195 383 disciplinae
1223 329 1456 382 spiritualis
1486 328 1677 382 gradum,

114 401 332 443 hominem
372 401 493 442 illum
535 415 611 453 per
654 400 965 442 admonitiones
1004 403 1045 442 et
1083 401 1357 442 tolerantiam
1394 399 1679 441 Christianam

117 473 168 515 ad
196 487 338 514 veram
369 471 707 525 resipiscentiam
735 472 887 514 invitet
916 475 1044 525 atque
1073 472 1264 513 adducat.

168 543 366 586 XXXVI.
395 543 734 585 Fundamentum
763 543 888 596 hujus
917 543 1080 596 primae
1109 543 1354 597 disciplinae
1385 544 1540 597 gradus
1569 544 1680 596 peti-

114 619 196 668 tur,
227 616 385 668 partim
415 630 465 656 ex
493 615 576 657 fine
605 615 699 668 ipso
731 616 804 668 qui
827 617 916 668 jam
946 630 970 656 a
997 615 1121 657 nobis
1151 615 1386 668 explicatus
1416 618 1493 667 est,
1521 615 1681 669 partim

115 703 166 729 ex
195 687 462 728 abstentione
493 701 651 738 eorum,
683 686 755 739 qui
783 687 828 727 111
856 686 1046 728 Ecclesia
1070 686 1239 728 Veteris
1265 685 1528 728 Testamenti
1551 702 1680 742 prop-

113 761 179 800 ter
220 758 513 811 impuritatem
555 757 738 810 legalem
780 758 832 799 ad
873 760 1043 810 tempus
1086 758 1138 799 ab
1181 773 1260 799 usu
1298 758 1603 800 sacrificiorum
1640 761 1682 800 et

112 829 213 883 agni
251 828 476 882 paschalis,
516 831 563 870 ut
601 829 774 871 interim
815 844 857 870 se
886 831 1133 883 purgarent,
1164 829 1425 882 cogebantur
1455 829 1681 882 abstinere,

114 902 240 943 sicuti
282 916 333 943 ex
374 900 501 943 Num.
540 902 576 943 9.
616 904 657 943 et
695 902 757 943 19.
798 903 838 942 et
876 902 914 942 2.
953 900 1107 943 Chron.
1144 901 1208 942 30.
1237 900 1378 943 videre
1409 903 1493 952 est3
1522 901 1681 954 partim

114 973 295 1026 denique
325 988 374 1014 ex
403 975 633 1026 praecepto
665 971 878 1025 Apostoli,
909 972 930 1012 1
959 971 1051 1014 Cor.
1078 972 1139 1024 11,
1166 972 1228 1013 28.
1258 974 1313 1012 ut
1345 971 1498 1014 homo
1528 972 1682 1025 prius

114 1044 353 1098 seipsum
390 1043 609 1097 probet,
642 1042 797 1084 etsie
827 1043 948 1084 edat
978 1043 1036 1084 de
1065 1042 1165 1083 hoc
1192 1057 1331 1095 pane
1361 1045 1410 1084 et
1440 1043 1595 1085 bibat
1624 1043 1683 1085 de

112 1115 211 1157 hoc
247 1114 456 1168 poculo.
497 1113 613 1162 Quae
651 1112 850 1166 probatio
881 1112 961 1154 etsi
989 1113 1042 1154 ab
1073 1127 1333 1165 unoquoque
1360 1113 1564 1170 privatim
1590 1114 1683 1156 fieri

114 1186 276 1238 debeat,
320 1185 364 1226 in
407 1184 590 1238 publicis
634 1186 777 1225 tamen
816 1183 980 1225 delictis
1021 1182 1150 1224 etiam
1186 1183 1356 1241 publice
1385 1184 1437 1225 ab
1466 1184 1683 1227 Ecclesiae

112 1258 337 1312 praefectis
369 1272 417 1299 ea
444 1257 520 1298 fiat
548 1270 718 1298 necesse
751 1258 834 1307 est3
866 1255 1018 1308 quibus
1049 1254 1209 1308 passim
1236 1255 1280 1295 in
1309 1253 1532 1308 Scriptura
1563 1270 1682 1296 man-

113 1331 248 1382 datur,
279 1331 326 1371 ut
354 1328 437 1370 toti
467 1327 589 1384 gregi
617 1327 852 1380 attendant,
882 1326 1087 1368 mundum
1117 1325 1169 1367 ab
1197 1325 1415 1368 immundo
1447 1330 1683 1383 secernant,

113 1417 183 1444 eos
219 1401 292 1454 qui
319 1400 434 1442 intus
464 1401 562 1441 sunt
593 1398 836 1452 dijudicent,
868 1400 909 1439 et
940 1398 1137 1440 scandala
1168 1400 1374 1451 quantum
1403 1399 1496 1441 fieri
1524 1402 1682 1458 potest,

115 1473 167 1515 ab
197 1471 386 1514 Ecclesia
414 1470 579 1512 tollant.

165 1542 385 1586 XXXVII.
416 1542 473 1583 Et
502 1541 717 1583 Ecclesiae
751 1540 993 1594 primitivae
1021 1541 1073 1582 ab
1090 1541 1402 1594 Apostolorum
1417 1543 1685 1596 temporibus

115 1616 293 1658 deducta
323 1613 583 1657 consuetudo
614 1615 759 1666 aperte
789 1612 887 1654 huic
916 1612 1018 1654 ritui
1048 1615 1265 1664 consonat,
1298 1613 1377 1654 etsi
1406 1628 1686 1666 agnoscamus

112 1688 300 1740 rigorem
343 1686 528 1739 aliquem
569 1685 614 1725 in
655 1683 871 1726 nonnullis
914 1683 1156 1725 Oanonibus
1194 1686 1386 1726 veterum
1416 1684 1685 1738 Synodorum

115 1759 341 1809 observari,
370 1758 414 1799 in
444 1756 724 1799 abstentionis
754 1755 1019 1809 temporibus
1050 1756 1310 1808 definiendis,
1343 1757 1415 1809 qui
1439 1760 1686 1800 mansuetu-

116 1830 223 1872 dinis
254 1829 413 1871 Christi
442 1831 483 1870 et
512 1827 821 1881 Apostolorum
853 1827 941 1880 ejus
971 1827 1144 1868 modum
1173 1828 1369 1869 nonnihil
1398 1829 1585 1871 excedat.

168 1899 408 1943 XXXVIII.
451 1900 591 1953 Maj0r
635 1897 1015 1940 excommunicatio
1054 1900 1141 1939 tres
1180 1899 1334 1951 gradus
1375 1900 1686 1953 complectitur,

118 1988 299 2027 quorum
339 1972 503 2026 primus
549 1969 932 2012 excommunicatio
976 1968 1169 2021 simplex,
1213 1970 1418 2011 secundus
1458 1971 1686 2013 anathema

118 2061 168 2087 ex
198 2045 286 2087 Gal.
319 2045 354 2096 l,
384 2045 420 2086 8.
450 2043 602 2085 tertius
632 2041 859 2083 anathema
887 2040 1139 2081 maranatha
1168 2055 1219 2082 ex
1248 2041 1269 2081 1
1301 2040 1395 2082 Cor.
1425 2042 1489 2094 16,
1519 2043 1582 2083 22.
1612 2057 1687 2095 ap-

118 2116 314 2170 pellatur.
356 2115 569 2158 Postremi
606 2131 706 2158 usus
744 2118 913 2157 tantum
955 2117 1016 2157 est
1046 2115 1245 2156 adversus
1274 2126 1344 2153 eos
1376 2113 1449 2165 qui
1478 2113 1522 2154 in
1551 2112 1687 2166 Spiri-

115 2190 208 2229 tum
246 2186 450 2230 Sanctum
488 2191 730 2241 peccarunt,
773 2203 821 2230 ac
859 2189 1037 2242 proinde
1076 2188 1228 2241 quibus
1264 2187 1381 2229 nulla
1412 2201 1508 2242 spes
1542 2184 1689 2226 veniae

118 2261 319 2314 superest,
359 2259 430 2300 sed
468 2259 550 2301 hoc
587 2275 718 2301 unum
757 2263 902 2311 restat,
942 2263 990 2301 ut
1027 2260 1237 2302 Dominus
1275 2259 1418 2301 veniat
1448 2262 1489 2301 et
1519 2272 1689 2301 causam

118 2346 236 2372 suam
275 2330 473 2372 adversus
514 2345 584 2372 eos
625 2333 738 2386 agat.
778 2331 921 2383 Atque
958 2331 1053 2373 ideo
1082 2330 1273 2373 Ecclesia
1301 2331 1551 2384 posterioris
1581 2333 1687 2373 tem-

117 2401 245 2456 poris,
279 2417 386 2454 quae
415 2402 497 2443 hoc
526 2405 749 2455 peccatum
777 2402 849 2444 vix
878 2405 993 2444 certo
1025 2402 1261 2444 discernere
1290 2404 1446 2457 potest,
1479 2416 1527 2444 eo
1553 2401 1689 2455 gradu

118 2473 181 2514 uti
218 2488 305 2514 non
344 2473 462 2527 solet.
503 2472 717 2515 Secundus
757 2473 913 2526 gradus
951 2473 1227 2516 intermedius
1255 2474 1457 2516 adversus
1488 2473 1689 2526 dogmata

118 2559 328 2598 perversa,
370 2547 411 2586 et
441 2545 639 2586 adversus
671 2559 741 2586 eos
772 2547 844 2597 qui
873 2545 977 2587 haec
1007 2546 1314 2588 contumaciter
1344 2545 1588 2597 defendunt,
1617 2559 1686 2598 ge-

118 2618 299 2659 neratim
337 2619 502 2658 tantum
542 2617 739 2670 usurpari
776 2617 895 2659 solet.
937 2617 1070 2658 Primi
1108 2632 1207 2659 vero
1246 2632 1346 2658 usus
1385 2617 1556 2671 proprie
1586 2631 1687 2670 ergo

119 2692 312 2743 superest
351 2690 548 2731 adversus
586 2703 788 2743 personas
826 2688 1073 2742 singulares,
1116 2704 1164 2731 eo
1193 2689 1321 2730 modo
1354 2691 1395 2730 et
1425 2688 1584 2740 ordine,
1616 2688 1689 2742 qui

122 2776 146 2803 a
176 2762 299 2803 nobis
330 2761 459 2802 Thesi
488 2761 524 2802 9.
553 2760 634 2802 fuit
663 2759 872 2802 definitus.

177 2832 373 2874 XXXIX.
412 2832 529 2874 Haec
568 2831 950 2874 excommunicatio
989 2830 1128 2872 verbis
1169 2830 1328 2873 Christi
1366 2830 1489 2872 Matt.
1530 2831 1592 2883 18,
1623 2830 1686 2873 17.

122 2906 371 2958 explicatur,
414 2903 466 2947 Si
507 2903 811 2945 Ecclesiam
850 2917 954 2944 non
992 2901 1256 2954 audierit,
1297 2902 1370 2943 sit
1404 2901 1511 2943 tibi
1539 2902 1689 2944 velut

119 2976 394 3017 Ethnicus
424 2977 475 3016 et
503 2974 853 3016 Publicanus.
884 2973 993 3015 Item
1021 2973 1173 3027 Apost.
1200 2972 1289 3015 Gal.
1315 2974 1440 3026 5,12.
1466 2973 1689 3016 Utinam
