1931 3224
659 186 722 227 DE
753 186 1064 228 Rnsnnscfflv'rm.
1559 184 1632 224 321

79 314 232 367 piose
260 327 352 367 per
379 311 562 353 Jesum
592 311 886 362 Christum,
918 308 1272 362 quemadmodum
1300 308 1490 360 loquitur
1523 308 1638 361 Apo-

77 383 213 426 stolus
242 383 325 425 Tit.
355 384 393 435 3,
422 385 459 424 4.
491 383 528 424 5.
562 385 603 424 et
633 383 671 426 6,

131 455 205 498 VI.
244 455 335 497 Nec
372 458 516 496 tamen
552 469 770 508 negamus,
811 453 913 506 quin
951 453 1040 506 ipse
1080 451 1193 493 Deus
1224 450 1437 493 ordinarie
1470 452 1639 504 quidem

78 527 206 569 variis
237 527 385 577 modis,
414 528 506 567 tum
534 541 610 579 per
638 528 816 567 naturae
846 525 1108 576 documenta,
1140 522 1263 565 Rom.
1293 524 1329 574 2,
1359 523 1410 574 4.,
1440 525 1533 564 tum
1560 538 1637 576 per

77 599 252 640 verbum
280 597 405 651 Legis
435 600 477 638 et
506 596 741 650 Evangelii,
771 595 965 638 homines
995 595 1202 649 paulatim
1230 597 1469 648 praeparet,
1500 594 1638 648 prius-

79 684 207 721 quam
244 668 370 721 hujus
407 668 602 710 beneficii
638 683 709 709 eos
745 667 976 721 participes
1008 666 1166 717 reddat,
1194 668 1242 707 ut
1272 668 1422 719 postea
1452 666 1639 718 explica-

77 740 214 790 bitur;
253 739 325 780 sed
361 754 565 792 negamus
602 740 753 794 primo,
793 738 932 779 Deum
970 738 1023 778 ad
1052 737 1164 778 hunc
1195 737 1457 778 ordinarium
1487 736 1640 789 agendi

79 812 251 854 modum
289 811 486 864 obligari,
523 814 571 851 ut
599 811 643 851 in
671 811 836 852 latrone
865 824 960 850 cum
988 808 1158 850 Christo
1189 808 1402 859 crucifixo,
1433 810 1474 849 et
1502 807 1639 849 Paulo

79 883 239 925 Christi
276 882 511 924 Ecclesiam
548 883 828 935 persequente
865 882 1064 933 apparet;
1104 878 1253 920 deinde
1290 878 1401 919 hanc
1434 877 1641 930 ejusmodi

78 955 448 1010 praeparationem
491 967 579 995 esse
621 955 694 994 aut
735 951 1069 1004 dispositionem,
1111 964 1218 1002 quae
1256 949 1321 990 vel
1360 963 1409 989 ex
1451 962 1639 1000 congruo

79 1026 285 1080 ejusmodi
314 1026 472 1067 donum
500 1026 724 1074 mereatur,
754 1025 802 1063 ut
829 1022 946 1063 locus
977 1019 1062 1061 Tit.
1091 1020 1127 1070 3,
1161 1019 1198 1060 5.
1229 1021 1353 1060 antea
1384 1019 1539 1060 citatus
1570 1018 1640 1059 de-

78 1099 310 1149 monstrat3
350 1096 529 1149 denique
559 1094 689 1136 ullam
719 1093 925 1147 ejusmodi
955 1090 1279 1144 dispositionem
1311 1092 1383 1131 aut
1412 1104 1642 1143 praepara-

80 1170 254 1221 tionem,
293 1183 400 1221 quae
437 1168 563 1209 fidem
601 1166 835 1216 antecedat,
874 1179 962 1206 esse
1003 1162 1232 1216 praeviam,
1271 1162 1338 1204 cui
1375 1161 1503 1214 hujus
1543 1160 1642 1202 cloni

81 1243 196 1284 certa
233 1239 459 1294 promissio
499 1254 523 1280 a
552 1237 643 1279 Deo
674 1238 729 1278 sit
758 1236 882 1287 facta,
917 1250 1011 1277 cum
1042 1234 1305 1287 quicquid
1334 1248 1440 1274 non
1471 1235 1553 1274 est
1584 1247 1642 1273 ex

77 1312 212 1363 fide,
251 1313 534 1364 peccatum
563 1309 656 1358 sit,
687 1307 809 1350 Rom.
842 1307 905 1358 14,
936 1307 999 1348 23.
1033 1309 1074 1348 et
1105 1305 1220 1347 sine
1248 1305 1361 1346 fide
1391 1303 1642 1357 impossi-

78 1382 189 1424 bile
218 1382 289 1423 sit
316 1381 535 1435 placere
565 1379 696 1431 Deo,
727 1394 879 1432 nempe
909 1379 961 1420 ad
991 1378 1182 1428 salutem,
1212 1376 1321 1418 Heb.
1353 1377 1417 1427 11,
1446 1376 1483 1416 6.

133 1452 230 1496 VII.
268 1453 388 1494 Adeo
427 1455 475 1493 ut
511 1452 688 1503 homini,
727 1454 941 1503 utcunque
975 1451 1064 1502 jam
1102 1448 1324 1502 disposito,
1361 1448 1465 1488 haec
1506 1447 1643 1499 gratia

82 1526 138 1567 sit
175 1524 376 1574 indebita,
418 1539 512 1566 cum
552 1523 681 1564 etiam
719 1522 763 1563 in
800 1522 881 1563 hac
922 1535 1172 1575 quacunque
1202 1518 1483 1573 dispositione
1516 1518 1642 1559 1101110

81 1596 137 1637 sit
178 1610 273 1638 reus
316 1594 698 1643 condemnationis3
745 1607 852 1646 quae
897 1591 1192 1633 condemnatio
1236 1605 1321 1631 non
1357 1589 1524 1631 tollitur
1562 1589 1644 1630 nisi

82 1667 143 1708 ab
180 1667 250 1709 iis
290 1667 378 1719 qui
417 1667 540 1707 sunt
568 1666 622 1706 in
651 1663 894 1715 Christo,
926 1665 976 1704 et
1007 1663 1230 1715 quinon
1262 1661 1541 1702 ambulant
1570 1676 1642 1702 se-

81 1738 308 1780 cundum
346 1752 581 1787 carnem,
623 1736 711 1777 sed
750 1735 1043 1776 secundum
1073 1733 1352 1786 spiritum,
1383 1732 1507 1773 Rom.
1539 1732 1574 1783 8,
1607 1732 1643 1772 1.

132 1808 249 1850 VIII.
286 1808 465 1850 Interim
493 1822 593 1849 vero
624 1810 665 1848 et
693 1807 776 1848 hoc
805 1806 1042 1856 asserimus,
1073 1819 1144 1846 eos
1174 1805 1246 1857 qui
1276 1803 1540 1845 documentis
1567 1818 1643 1844 na-

78 1883 211 1931 turae,
249 1880 316 1922 vel
353 1879 481 1935 Legis
512 1881 553 1920 et
581 1877 819 1931 Evangelii,
850 1878 902 1918 ad
930 1875 1269 1929 resipiscentiam
1298 1875 1549 1917 vocantibus
1579 1890 1645 1916 re-

78 1952 248 2003 sistunt,
272 1951 340 1993 vel
365 1965 414 1992 ea
436 1950 481 1992 in
503 1950 715 2004 injustitia
741 1949 942 2001 detinent,
967 1963 1043 2002 per
1068 1948 1151 1990 hoc
1176 1948 1335 1990 factum
1352 1962 1473 1989 suum
1487 1962 1643 1989 novum

78 2023 159 2065 sibi
195 2025 360 2065 reatum
399 2026 440 2064 et
471 2022 834 2064 condemnationis
863 2020 1043 2074 gradum
1073 2034 1296 2070 arcessere,
1327 2034 1374 2061 ac
1405 2020 1464 2060 sic
1492 2019 1536 2060 in
1564 2017 1645 2059 Dei

72 2094 232 2147 judicio
271 2095 409 2147 magis
446 2108 494 2135 ac
529 2094 666 2146 magis
707 2092 1014 2134 inexcusabiles
1051 2091 1156 2143 fieri,
1191 2093 1239 2132 ut
1268 2091 1380 2132 idem
1409 2090 1644 2143 Apostolus

77 2166 212 2218 docet,
242 2165 365 2207 Rom.
396 2166 430 2217 1,
461 2165 526 2206 20.
556 2168 597 2207 et
627 2180 659 2206 c.
690 2164 728 2217 2,
759 2165 793 2206 1.
825 2164 928 2205 item
958 2162 1056 2205 Joh.
1086 2163 1150 2214 15,
1181 2162 1244 2204 22.

128 2235 202 2278 IX.
233 2236 368 2278 Causa
409 2236 728 2289 προκαταρκτικὴ
768 2235 895 2288 hujus
930 2234 1152 2287 utriusque
1180 2233 1387 2284 beneficii,
1417 2247 1641 2286 regenera-

75 2308 205 2350 tionis
241 2323 395 2361 nempe
435 2310 476 2349 et
514 2306 844 2361 resipiscentiae,
884 2308 946 2348 est
977 2304 1135 2347 Christi
1164 2319 1277 2346 mors
1307 2307 1349 2346 et
1377 2304 1644 2355 resurrectio,

75 2382 123 2420 ut
160 2378 394 2432 Apostolus
430 2379 653 2432 perspicue
693 2378 827 2429 docet,
865 2376 989 2419 Rom.
1029 2378 1065 2428 6,
1105 2378 1141 2418 3.
1185 2379 1226 2418 et
1264 2376 1396 2418 Hebr.
1441 2377 1478 2428 9,
1508 2376 1571 2418 14.
1604 2378 1646 2417 et

71 2450 237 2501 Petrus,
277 2450 312 2491 1.
350 2449 488 2503 Epist.
530 2450 564 2501 1,
604 2449 665 2491 18.
707 2449 769 2490 19.
807 2451 884 2490 etc.
917 2448 1055 2498 Quum
1087 2448 1199 2490 enim
1229 2447 1424 2489 Christus
1455 2462 1534 2489 nos
1565 2462 1641 2501 per

73 2524 255 2563 mortem
293 2535 413 2562 suam
454 2536 477 2562 a
512 2521 701 2573 peccatis
741 2519 930 2571 servarit,
969 2534 1055 2561 non
1085 2522 1132 2561 ut
1162 2522 1350 2573 peccato,
1382 2519 1454 2561 sed
1484 2521 1530 2560 ut
1560 2519 1644 2572 ipsi

72 2592 338 2643 serviremus,
362 2591 646 2633 necessarium
673 2605 841 2643 quoque
867 2590 960 2643 fuit,
990 2594 1037 2632 ut
1061 2605 1176 2632 mors
1204 2592 1306 2643 ejus,
1335 2593 1376 2632 et
1392 2590 1643 2632 resurrectio

74 2663 224 2706 efficax
249 2666 358 2706 esset
387 2663 439 2704 ad
463 2665 651 2709 veterem
668 2662 886 2704 hominem
901 2662 1257 2713 mortificandum,
1278 2664 1319 2703 et
1334 2676 1493 2703 novum
1507 2661 1643 2702 vivifi-

75 2736 277 2785 candum,
307 2735 418 2776 unde
443 2736 484 2776 et
510 2749 673 2775 summa
698 2736 897 2775 votorum
920 2733 1122 2787 Apostoli
1147 2735 1188 2774 et
1214 2732 1266 2774 ad
1294 2733 1381 2785 ejus
1407 2734 1645 2787 exemplum

73 2807 266 2848 omnium
293 2821 391 2849 vere
420 2806 609 2847 fidelium
637 2805 742 2848 haec
772 2808 847 2856 est,
875 2819 962 2847 non
991 2807 1172 2855 tantum,
1202 2806 1258 2845 ut
1286 2804 1645 2857 reperiantur

71 2878 125 2920 in
162 2877 403 2927 Christo,
441 2892 546 2919 non
582 2877 851 2918 habentes
891 2891 1041 2918 suam
1066 2875 1369 2928 justitiam,
1402 2890 1534 2927 quae
1564 2892 1644 2935 es1c

73 2964 131 2991 ex
168 2950 312 3003 lege,
343 2950 433 2992 sed
462 2964 571 2991 eam
600 2964 733 3001 quae
763 2951 843 2990 est
873 2963 932 2989 ex
961 2947 1072 2988 fide
1102 2946 1335 2998 Christi,
1362 2947 1645 3000 justitiam

73 3036 131 3062 ex
171 3021 280 3062 Deo
314 3037 408 3075 per
440 3020 625 3071 fidem,
656 3020 727 3061 sed
756 3020 942 3072 insuper,
973 3020 1029 3059 ut
1059 3020 1401 3071 cognoscant
1432 3033 1564 3070 eum,
1596 3023 1645 3060 et

1428 3093 1460 3116 21
