1931 3224
547 128 612 171 DE
641 128 904 172 SACRAMENTO
932 126 1140 169 Ripa-mm.
1547 123 1625 165 495

9 266 11 269 “
71 254 282 298 efficacius
324 252 368 295 id
408 252 452 294 in
496 253 758 296 Sacramenti
800 253 926 306 hujus
963 251 1155 305 legitimo
1194 264 1271 291 usu
1308 249 1421 300 facit,
1462 249 1622 300 quanto

70 327 336 380 singularius,
365 327 406 367 et
430 325 601 377 quidem
624 340 699 380 per
723 325 827 366 duos
852 339 1009 375 80118118,
1036 323 1227 365 311111111111
1251 320 1410 363 80111001
1431 321 1472 360 01
1487 318 1625 360 visum

69 412 136 439 res
172 397 364 450 signatae
402 396 472 437 hic
508 398 826 449 proponuntur;
866 410 914 437 30
942 394 1119 448 proinde
1148 395 1190 434 et
1217 392 1320 434 fides
1348 392 1493 433 nostra
1521 388 1625 430 vali-

72 469 164 510 dius
195 468 415 519 excitatur,
447 469 488 508 et
516 469 687 508 actuosa
716 467 916 508 redditur.
946 466 1089 518 Atque
1116 464 1216 505 hinc
1246 463 1375 505 etiam
1397 461 1458 513 fit,
1483 462 1530 501 ut
1555 474 1626 501 ex-

4 540 8 541 ⁷
71 543 217 582 ternus
253 538 502 592 Baptismus
541 538 593 579 ab
632 538 799 579 interno
839 540 880 579 et
919 552 1043 579 causa
1073 535 1322 577 administra
1350 548 1374 575 a
1401 531 1628 586 principali

10 658 14 659 ⁷
71 611 116 653 in
144 611 223 653 hac
253 610 501 664 operatione
531 625 554 651 a
584 608 805 662 Scriptura
834 608 1056 662 perspicue
1085 607 1384 660 distinguatur,
1411 607 1458 646 ut
1486 603 1627 645 videre

74 684 136 724 est
163 681 286 723 Matt.
316 682 354 732 3,
382 681 445 722 11.
476 680 561 722 Col.
591 682 627 733 2,
661 681 720 722 11.
753 683 793 722 01
823 682 843 722 1
874 680 966 722 Ρο1.
995 681 1033 732 3,
1064 680 1126 721 21.
1157 681 1233 720 etc.

125 752 282 794 XXVI.
311 752 542 805 Rejicimus
572 767 673 806 ergo
704 752 890 805 primuni
918 751 1174 793 sententiam
1198 749 1534 798 Pontificiorum,
1561 747 1633 799 qui

75 826 248 866 externa
285 824 391 865 haec
428 824 550 875 signa
588 823 773 876 gratiam
811 822 1001 865 conferre
1038 821 1187 863 volunt
1227 836 1277 862 ex
1317 834 1456 873 opere,
1494 821 1542 860 ut
1570 818 1633 859 lo-

75 898 274 948 quuntur,
315 898 505 949 operato,
543 895 586 936 id
625 898 700 946 est,
742 910 792 936 ex
830 895 923 948 ipsa
961 895 1001 935 vi
1041 894 1219 936 actionis
1258 894 1469 943 externae,
1508 890 1633 932 modo

74 982 160 1009 non
198 970 384 1020 ponatur
423 966 531 1008 obex
568 966 733 1019 peccati
772 966 986 1015 1110113118;
1017 980 1123 1018 quae
1152 963 1362 1006 restrictio
1392 962 1458 1004 vel
1496 977 1546 1003 ex
1568 962 1634 1014 ip-

76 1053 220 1081 sorum
249 1038 480 1092 hypothesi
504 1038 648 1090 inepte
671 1038 857 1090 ponitur,
887 1037 985 1089 quia
1011 1038 1052 1077 et
1076 1035 1260 1076 infantes
1284 1035 1513 1085 antequam
1538 1031 1635 1072 sunt

77 1109 272 1162 regeniti,
302 1112 476 1162 peccato
506 1108 678 1150 mortali
708 1122 851 1149 omnes
882 1109 979 1148 sunt
1009 1106 1195 1157 obnoxii,
1227 1108 1268 1147 et
1292 1104 1426 1146 adulti
1449 1102 1637 1144 nondum

76 1181 214 1223 renati
241 1181 478 1222 necessario
508 1179 645 1221 adhuc
675 1179 751 1220 sub
780 1179 945 1232 peccati
974 1192 1106 1233 regno
1139 1179 1248 1228 sunt,
1279 1176 1360 1217 nisi
1385 1175 1538 1225 dicant,
1564 1174 1638 1213 aut

77 1255 301 1307 peccatum
345 1251 564 1305 originale,
607 1253 680 1292 aut
723 1250 888 1303 peccati
924 1263 1118 1302 regnum,
1156 1248 1201 1288 in
1237 1247 1421 1297 homine,
1458 1244 1638 1286 mortale

78 1340 164 1367 non
204 1340 304 1376 esse,
343 1326 492 1366 0011113
530 1322 743 1377 principia
783 1337 869 1373 sua,
908 1323 950 1362 et
989 1319 1267 1373 Scripturam,
1308 1333 1414 1371 quae
1442 1318 1638 1366 testatur,

78 1397 296 1439 hominem
338 1396 526 1437 nondum
569 1394 820 1448 regenitum,
863 1392 945 1434 Dei
983 1406 1163 1445 regnum
1199 1391 1341 1432 videre
1378 1404 1463 1431 non
1502 1402 1639 1441 posse,

79 1467 179 1510 Joh.
208 1469 244 1509 3.
276 1467 439 1509 Deinde
469 1469 510 1508 et
540 1467 772 1508 sententiae
802 1466 927 1519 hujus
955 1465 1196 1506 absurditas
1226 1463 1325 1504 hinc
1352 1462 1496 1514 liquet,
1529 1459 1642 1512 quod

80 1540 302 1593 Scriptura
326 1539 486 1581 nullam
510 1538 674 1592 gratiae
701 1537 922 1588 salvificae,
945 1539 1018 1578 3111
1035 1534 1342 1578 communionis
1360 1548 1454 1575 011111
1471 1532 1640 1573 Christo

81 1612 194 1667 viam
232 1611 355 1653 nobis
395 1610 575 1664 aperuit,
614 1609 696 1651 nisi
725 1624 801 1662 per
830 1609 967 1650 fidem.
997 1607 1358 1660 Evangelium
1389 1604 1526 1646 enini
1561 1604 1641 1644 est

82 1682 339 1736 potentia
376 1681 475 1723 Dei
504 1681 565 1722 ad
594 1681 824 1722 salutem
856 1679 1030 1721 cuivis
1060 1678 1328 1728 credenti,
1359 1676 1481 1717 Rom.
1513 1676 1548 1726 1,
1580 1674 1641 1715 16.

84 1756 125 1795 01
162 1753 417 1795 Christus
456 1752 676 1794 habitat
715 1767 808 1805 per
847 1751 1093 1793 11110111111
1123 1749 1381 1791 cordibus
1410 1746 1642 1797 nostris,

82 1824 470 1878 Eph.3,17.1m0
500 1824 617 1866 81110
645 1823 755 1865 fide
784 1823 1135 1876 impossibile
1165 1824 1245 1863 est
1275 1820 1493 1873 placere
1522 1817 1644 1868 Deo,

84 1895 217 1938 Hebr.
249 1896 311 1948 11,
342 1896 379 1937 5.

139 1966 319 2009 XXVII.
351 1967 581 2020 Rejicimus
611 1968 740 2009 etiam
771 1967 1029 2009 sententiam
1059 1964 1321 2018 quotundam
1349 1960 1647 2014 Ubiquitario-

86 2054 193 2090 rum,
225 2040 297 2091 qui
326 2039 411 2080 vim
440 2039 796 2091 regeneratricem
825 2037 1011 2091 Spiritus
1041 2036 1184 2080 Sancti
1214 2036 1274 2076 ita
1299 2049 1433 2086 aquae
1450 2035 1647 2075 externae

87 2111 130 2152 in
158 2110 382 2163 Baptismo
414 2109 604 2163 alligant,
633 2112 680 2151 ut
710 2110 777 2152 vel
808 2124 856 2151 03
884 2109 967 2162 ipsi
997 2123 1131 2162 aquae
1159 2108 1273 2159 insit,
1303 2105 1369 2147 vel
1398 2105 1547 2147 saltem
1562 2117 1648 2144 non

86 2183 168 2223 nisi
195 2183 240 2223 in
268 2182 363 2235 ipso
393 2181 607 2234 Baptismi
635 2184 731 2224 actu
762 2181 1128 2236 regenerationem
1157 2178 1350 2220 inchoet:
1376 2177 1542 2230 pugnat
1568 2174 1650 2216 hoc

89 2255 200 2296 enim
239 2269 333 2296 cum
373 2253 568 2296 omnibus
598 2254 843 2307 Scripturae
872 2253 989 2305 locis,
1019 2252 1063 2293 in
1093 2251 1246 2304 quibus
1275 2250 1378 2291 fides
1407 2250 1449 2289 et
1477 2246 1650 2299 resipis-

79 2325 239 2376 centia,
276 2340 324 2367 ac
360 2325 540 2378 proinde
578 2327 620 2366 et
657 2325 992 2378 regenerationis
1021 2323 1190 2365 initium
1221 2336 1269 2363 30
1298 2334 1440 2362 80111011
1469 2319 1513 2359 111
1540 2317 1651 2370 Bap-

89 2396 270 2438 tizandis
308 2397 620 2449 praeexigitur:
659 2411 785 2438 causa
823 2397 965 2437 autem
1005 2394 1192 2436 efficiens
1223 2392 1374 2435 effectu
1403 2405 1478 2432 suo
1507 2391 1651 2443 poste-

89 2468 178 2510 rior
207 2482 297 2509 esse
325 2482 412 2509 non
440 2469 594 2520 potest.

144 2538 343 2581 XXVIII.
382 2538 473 2581 Nec
511 2538 624 2580 valet
653 2539 881 2591 quicquam
910 2538 1176 2591 quorundam
1203 2538 1314 2578 inter
1344 2550 1414 2577 eos
1445 2532 1651 2586 exceptio,

93 2626 177 2664 qua
220 2610 492 2664 Baptismum
530 2610 772 2652 adultorum
809 2611 870 2651 ita
909 2610 1178 2663 distinguunt
1208 2623 1231 2649 a
1260 2606 1484 2659 Baptismo
1514 2603 1653 2644 infan-

94 2682 212 2735 tium,
252 2685 299 2723 ut
336 2681 605 2737 Baptismum
643 2682 885 2724 adultorum
918 2682 1087 2735 signum
1117 2683 1158 2722 et
1188 2677 1452 2732 signaculum
1480 2689 1655 2728 regene-

93 2754 272 2796 rationis
324 2755 522 2806 acceptae
575 2767 663 2795 esse
715 2752 958 2803 concedant,
1001 2752 1074 2794 sed
1114 2749 1343 2791 infantium
1384 2687 1687 2812 Baptismuml⁴¹

94 2825 422 2868 instrumentum
486 2824 820 2878 regenerationis
880 2823 1143 2865 inchoandae
1200 2835 1288 2862 esse
1342 2819 1486 2860 velint.
1541 2816 1656 2858 Nam
1683 2816 1689 2834 ‘⁴

97 2899 397 2950 praeterquam
440 2895 553 2948 quod
590 2894 700 2936 illius
739 2894 999 2936 differentiae
1037 2893 1081 2934 in
1117 2894 1210 2934 tota
1244 2890 1465 2944 Scriptura
1493 2888 1658 2930 nullum

99 2971 236 3010 exstet
277 2968 611 3019 fundamentum,
658 2981 765 3019 quae
807 2966 1070 3019 baptismum
1106 2978 1193 3005 non
1229 2961 1312 3005 nisi
1339 2961 1464 3003 unius
1492 2959 1659 3013 generis
