1931 3224
628 171 691 212 DE
721 170 844 213 B0N1s
874 168 1082 211 Ormussus.
1549 166 1625 206 351

127 297 284 339 XXVI.
313 297 404 339 Nec
433 297 694 339 contrarium
723 311 773 338 ex
801 295 906 348 ipsis
935 294 1087 337 Sacrae
1113 291 1356 346 Scripturae
1386 290 1503 342 locis,
1533 290 1627 342 qui-

74 371 154 412 bus
196 369 491 411 Pontificii
529 370 581 410 ad
618 367 888 410 astruendam
927 381 1046 408 suam
1084 363 1420 407 commentitiam
1459 364 1628 404 senten-

75 442 179 483 tiam
205 441 450 491 abutuntur,
476 439 648 493 probari
671 441 835 493 potest:
863 452 1042 491 quorum
1066 436 1147 478 alia
1162 435 1414 488 qualitatem
1427 433 1627 484 indicant,

74 513 141 555 vel
178 512 464 554 conditionem
497 511 549 552 ab
578 511 629 552 iis
658 510 918 564 requisitam,
951 508 1102 562 quibus
1133 506 1220 549 vita
1250 508 1421 548 aeterna
1450 503 1629 558 promit-

74 584 191 636 titur,
220 582 352 625 Hebr.
384 583 445 635 10,
475 583 538 624 36.
569 585 645 624 etc.
675 582 757 624 alia
785 582 883 623 fidei
909 582 1056 622 notam
1086 581 1127 621 et
1153 578 1278 629 viam,
1310 592 1393 630 qua
1418 576 1471 617 ad
1498 575 1631 616 vitam

75 656 290 696 aeternam
325 653 581 706 pervenitur,
620 656 667 694 ut
696 652 820 694 Matt.
850 652 913 704 25,
943 651 1006 693 35.
1035 650 1125 692 Jac.
1157 650 1191 702 1,
1222 648 1285 690 25.
1318 650 1359 689 et
1387 648 1423 699 2,
1456 646 1517 687 14.
1549 646 1631 687 alia

72 725 259 767 fructum
297 727 338 767 et
367 724 562 766 effectum
590 724 814 766 inchoatae
842 723 1003 775 salutis,
1033 724 1160 775 atque
1189 721 1233 762 in
1261 721 1535 773 peccatorum
1561 732 1627 759 re-

73 797 274 838 missione
305 795 589 848 consistentis,
619 798 666 837 ut
694 795 794 837 Luc.
825 796 860 846 7,
890 795 953 836 47.
986 796 1063 836 etc.

126 867 304 910 XXVII.
329 867 559 921 integritas
581 868 793 921 ,bonorum
820 882 996 920 operum
1021 868 1095 917 est,
1123 880 1207 918 qua
1230 863 1372 906 onmia
1396 876 1503 915 quae
1518 860 1633 903 Deus

10 958 18 966 ‘
72 939 165 993 lege
194 955 268 981 sua
297 955 321 981 a
349 939 472 982 nobis
500 939 703 993 postulat,
734 954 784 980 ex
811 953 918 992 puro
949 940 989 979 et
1017 939 1110 978 toto
1141 936 1277 986 corde,
1307 937 1434 987 atque
1465 948 1515 975 ex
1546 947 1632 974 om-

72 1010 197 1052 nibus
224 1011 384 1053 viribus
411 1012 569 1053 nostris
595 1014 873 1064 praestamuS,
900 1023 1006 1062 quae
1030 1008 1112 1049 alio
1138 1007 1309 1049 nomine
1332 1006 1538 1061 perfectio
1568 1005 1633 1046 in-

73 1081 289 1135 tegritatis
319 1085 361 1124 et
388 1083 577 1136 partium
604 1082 860 1124 nominatur.

127 1152 326 1195 XXVIII.
378 1153 522 1195 Aliam
563 1153 881 1206 perfectionem,
923 1166 1076 1205 nempe
1119 1150 1337 1204 graduum,
1379 1163 1456 1190 nec
1499 1146 1627 1189 Sacra

74 1222 306 1277 Scriptura,
358 1239 435 1266 nec
486 1224 748 1278 experientia
792 1224 1000 1277 agnoscit.
1042 1221 1236 1274 Utraque
1283 1221 1395 1263 enim
1435 1221 1630 1269 testatur,

75 1295 203 1337 etiam
239 1296 604 1338 sanctissimorum
641 1295 862 1337 hominum
901 1309 1029 1348 opera
1065 1294 1110 1335 in
1147 1293 1227 1335 hac
1256 1294 1344 1334 vita
1375 1289 1631 1345 deprehendi

75 1364 336 1420 imperfecta,
374 1367 588 1420 variisque
626 1367 770 1408 naevis
808 1380 990 1419 aspersa,
1026 1365 1060 1406 si
1089 1364 1141 1406 ad
1171 1364 1476 1419 perfectionem
1505 1362 1634 1413 illam,

77 1454 204 1491 quam
233 1439 299 1481 lex
328 1439 409 1481 Dei
438 1455 462 1481 a
492 1439 615 1481 nobis
647 1438 868 1492 efflagitat,
899 1437 1135 1490 exigantur.

131 1510 287 1552 XXIX.
318 1510 540 1564 Scriptura
569 1513 813 1552 sanctorum
841 1509 1063 1551 hominum
1090 1507 1278 1550 fidelium
1307 1521 1448 1560 opera,
1480 1503 1640 1558 triplici

78 1582 349 1635 potissimum
388 1583 437 1624 de
468 1597 592 1624 causa
621 1581 872 1635 imperfecta
902 1595 991 1622 esse
1021 1580 1218 1622 declarat.
1249 1579 1284 1621 1.
1315 1577 1378 1620 Ob
1409 1592 1634 1632 regenera-

75 1653 205 1695 tionis
239 1669 384 1696 eorum
413 1656 583 1706 statum,
615 1656 656 1695 et
685 1654 858 1695 modum
885 1653 929 1694 in
959 1652 1041 1694 hoc
1070 1652 1224 1703 seculo,
1256 1651 1328 1703 qui
1356 1650 1454 1692 talis
1486 1652 1560 1701 est,
1592 1651 1640 1690 ut

77 1739 187 1766 nova
224 1725 414 1778 quotidie
452 1726 593 1778 capiat
630 1726 902 1777 incrementa,
939 1739 1075 1777 neque
1114 1725 1167 1766 ad
1206 1726 1441 1766 extremum
1478 1721 1641 1775 perfec-

77 1797 207 1839 tionis
245 1798 422 1851 gradum
460 1801 558 1841 ante
598 1800 832 1840 extremum
868 1797 994 1850 hujus
1022 1797 1136 1838 vitae
1165 1795 1348 1837 halitum
1376 1794 1639 1848 perveniant.

79 1869 116 1910 2.
153 1867 216 1910 Ob
245 1869 447 1922 reliquias
476 1884 631 1923 pravae
661 1868 1028 1922 concupiscentiae
1057 1867 1162 1921 ipsis
1190 1867 1296 1909 vitio
1327 1867 1465 1908 carnis
1494 1880 1643 1919 perpe-

78 1943 154 1982 tuo
194 1940 472 1983 adhaerentis.
511 1942 548 1983 3.
589 1941 652 1983 Ob
684 1941 896 1982 assiduam
926 1941 1084 1981 luctam
1111 1940 1223 1981 inter
1248 1953 1417 1981 carnem
1448 1940 1489 1980 et
1519 1937 1644 1991 spiri-

80 2015 185 2065 tum,
224 2015 429 2066 tanquam
464 2013 575 2054 inter
611 2012 757 2054 hostes
794 2013 838 2053 in
877 2011 1025 2053 eodem
1063 2026 1212 2064 campo
1255 2012 1558 2063 concertantes,
1591 2024 1642 2051 ex

83 2098 264 2136 quorum
305 2087 453 2125 mutuo
498 2083 698 2131 conflictu
740 2083 899 2125 mixtae
941 2082 1156 2135 utrimque
1199 2082 1387 2124 actiones
1433 2082 1641 2132 oriuntur,

83 2168 190 2206 quae
242 2169 292 2196 ex
342 2155 572 2196 intentiore
620 2153 839 2207 qualitate,
882 2154 950 2196 vel
993 2154 1180 2207 spiritus,
1225 2154 1292 2195 vel
1335 2154 1472 2195 carnis
1516 2168 1645 2207 opera

82 2229 300 2268 vocantur.
1334 2254 1337 2258 ,

137 2296 270 2339 XXX.
310 2297 374 2339 Ob
412 2298 489 2340 has
529 2313 674 2340 causas
714 2297 957 2351 Prophetae
998 2300 1039 2339 et
1079 2297 1283 2351 Apostoli
1322 2297 1479 2351 passim
1517 2298 1646 2337 attes-

83 2370 244 2420 tantur,
280 2369 443 2410 nullum
472 2369 642 2411 omnino
672 2384 835 2411 merum
865 2369 1081 2410 hominem
1111 2368 1290 2421 reperiri
1319 2368 1392 2420 qui
1420 2369 1646 2422 praecepta

85 2440 204 2494 legis,
234 2440 287 2481 ad
316 2455 409 2481 eam
439 2456 566 2494 quam
598 2441 731 2494 exigit
757 2455 1008 2492 mensuram,
1034 2440 1224 2493 impleat,
1250 2439 1318 2480 Ps.
1345 2439 1433 2491 143,
1462 2439 1497 2479 2.
1522 2437 1645 2479 Rom.

88 2511 124 2563 7,
154 2511 189 2552 7.
220 2514 261 2553 et
292 2526 378 2564 seq.
410 2511 532 2554 Rom.
563 2512 600 2564 8,
626 2513 662 2553 3.
692 2511 784 2554 Jac.
813 2513 850 2564 3,
881 2513 916 2553 2.

141 2581 297 2624 XXXI.
328 2582 598 2624 Contrarium
621 2583 935 2638 perfectionarii
961 2582 1184 2634 sustinent,
1210 2596 1258 2623 ac
1284 2580 1509 2635 sigillatim
1534 2579 1648 2621 Pon-

87 2654 220 2707 tificii,
262 2655 335 2707 qui
371 2657 512 2696 tantas
549 2655 752 2708 regenitis
792 2654 902 2696 vires
932 2654 1161 2705 ascribunt,
1189 2655 1237 2694 ut
1270 2667 1339 2694 eas
1368 2666 1453 2693 non
1481 2653 1649 2692 tantum

88 2725 176 2780 legi
218 2726 384 2768 divinae
426 2726 667 2779 implendae
709 2741 845 2779 pares,
890 2726 962 2768 sed
1001 2726 1130 2767 etiam
1167 2725 1220 2765 ad
1257 2723 1392 2776 plura,
1431 2724 1473 2764 et
1511 2722 1648 2775 magis

91 2797 222 2839 ardua
266 2812 393 2850 quam
435 2797 504 2839 lex
535 2797 755 2851 efflagitat,
798 2812 951 2850 nempe
994 2797 1047 2838 ad
1091 2810 1219 2850 opera
1263 2793 1649 2849 supererogationis

92 2868 358 2922 praestanda,
390 2869 648 2911 sufficientes
679 2884 767 2911 esse
798 2870 1023 2911 affirment.

146 2939 323 2982 XXXII.
362 2939 430 2982 Ne
469 2943 609 2982 autem
648 2940 808 2994 absque
847 2940 1067 2993 Scriptura
1104 2938 1222 2992 loqui
1259 2937 1492 2990 videantur,
1524 2951 1651 2990 quam

95 3010 279 3064 plurima
315 3011 430 3054 illius
467 3011 690 3066 proferunt
726 3011 985 3064 testimonia,
1026 3026 1076 3053 ex
1115 3010 1267 3063 quibus
1295 3024 1520 3063 perperam
1548 3008 1652 3050 haec
