1931 3224
240 151 318 192 308
801 145 1044 188 DISPUTATIO
1073 144 1227 187 XXXI.

235 272 543 326 justificat,
580 270 677 312 Esa.
715 270 778 322 53,
818 270 880 310 11.
912 272 953 311 et
981 269 1069 310 vita
1099 270 1270 310 aeterna
1298 268 1342 309 in
1371 268 1615 321 cognitione
1643 267 1724 310 Dei
1754 270 1796 310 et

241 343 399 396 Christi
438 356 564 395 quem
601 340 730 392 misit,
770 339 1015 391 collocetur,
1053 338 1152 381 Joh.
1194 338 1256 390 17,
1298 338 1334 380 3.
1375 353 1482 392 quae
1511 337 1613 380 alibi
1643 338 1797 380 dicitur

239 415 455 468 agnitio
483 411 793 454 voluntatis
823 409 923 452 Dei
952 410 1005 451 in
1036 410 1179 451 omni
1208 409 1483 464 sapientia
1513 412 1564 451 et
1590 408 1797 451 intelli-

240 486 426 540 gentia
464 481 777 539 spirituali,
816 480 904 522 Col.
947 481 983 532 1,
1022 481 1060 521 9.
1097 479 1273 522 Falsum
1302 481 1366 522 est
1394 479 1528 533 igitur
1557 479 1671 533 quod
1700 479 1797 522 Bel-

237 557 442 598 larminus
480 554 672 605 asseruit,
709 551 798 594 Lib.
831 553 864 593 1.
895 551 946 593 de
975 550 1117 593 Justif.
1148 566 1181 593 c.
1211 552 1246 593 7.
1276 550 1468 594 Fidem
1494 551 1576 593 ita
1605 551 1798 593 distin-

239 626 329 679 gui
367 627 560 667 contra
598 623 907 675 scientiam,
945 625 1002 664 ut
1039 622 1233 664 melius
1272 638 1366 676 pei·
1402 621 1795 676 ignorantiam,

239 711 390 750 quam
429 710 522 749 per
559 694 820 736 notitiam
855 693 1171 736 definiatur.
1196 694 1297 737 Non
1327 696 1439 737 certe
1469 695 1583 748 quod
1611 694 1798 737 dicamus

236 770 363 811 fidem
392 782 480 809 esse
510 766 741 819 scientiam,
773 780 880 818 quae
908 780 1052 807 omnes
1082 780 1228 808 causas
1258 768 1300 807 et
1323 766 1609 821 proprietates
1634 765 1698 807 sui
1723 765 1798 807 ob-

231 841 335 894 jecti
374 839 552 881 rationis
590 837 748 879 lumine
786 837 973 891 attingat
1011 839 1052 879 et
1090 837 1345 879 evidentiam
1382 837 1444 879 rei
1473 839 1695 890 sequatur3
1726 836 1799 880 sed

236 912 318 954 hoc
356 911 561 962 volumus,
601 910 653 951 ad
687 924 779 951 eam
807 908 1087 951 necessariam
1117 923 1206 950 esse
1235 909 1580 962 intelligentiam,
1611 923 1695 962 qua
1728 923 1798 950 60-

238 983 480 1035 gnoscimus
508 983 552 1024 id
583 983 697 1035 quod
726 981 979 1024 credendum
1002 981 1126 1023 nobis
1151 980 1419 1034 proponitur,
1446 980 1690 1034 cognitione
1716 978 1796 1030 ὅτις

236 1056 434 1108 idemque
472 1055 551 1097 etsi
589 1056 761 1107 captum
797 1056 991 1096 nostrum
1020 1055 1205 1106 superet,
1235 1052 1368 1094 solido
1396 1052 1515 1094 verbi
1544 1052 1677 1094 divini
1703 1052 1799 1093 fun·-

239 1128 435 1168 damento
486 1125 624 1178 inniti,
674 1126 847 1178 ejusque
897 1139 974 1178 per
1025 1139 1069 1166 se
1110 1124 1317 1177 majorem
1360 1137 1449 1164 esse
1490 1121 1798 1174 certitudinem,

239 1213 365 1251 quam
389 1197 649 1250 reliquarum
671 1196 880 1239 virtutum
902 1195 1253 1238 intellectualium
1278 1209 1385 1248 quae
1409 1194 1567 1236 rationi
1588 1193 1799 1236 humanae

238 1269 491 1311 innituntur.

290 1337 449 1380 XVIII.
488 1339 719 1381 Assensum
747 1338 801 1380 ad
827 1338 954 1380 fidem
983 1338 1265 1380 necessarium
1297 1351 1397 1390 esse,
1428 1337 1527 1390 quia
1554 1336 1599 1378 in
1629 1338 1799 1378 contro-

237 1410 374 1452 versia
412 1409 602 1462 positum
640 1425 727 1452 non
766 1412 841 1461 est,
880 1410 1142 1463 argumentis
1180 1410 1363 1463 probare
1395 1407 1688 1462 supersedebo.
1718 1406 1800 1449 Sed

238 1480 337 1533 quia
367 1483 528 1534 negant
552 1480 795 1532 adversarii,
820 1495 915 1522 cum
939 1495 1111 1522 assensu
1135 1480 1311 1522 eandem
1336 1480 1464 1522 etiam
1489 1479 1714 1532 complecti
1737 1478 1798 1520 fi-

239 1551 264 1592 d
275 1551 470 1603 uciam,
495 1551 538 1592 id
563 1551 708 1592 multis
731 1552 868 1593 modis
894 1567 943 1594 ex
968 1551 1190 1606 Scriptura
1214 1551 1434 1606 probatur.
1459 1549 1560 1592 Non
1584 1549 1720 1591 solum
1745 1548 1798 1591 ab

236 1621 528 1675 Etymologia‚
568 1621 666 1674 quia
693 1622 827 1671 πίστις
860 1632 902 1672 et
933 1622 1176 1673 πεπο-ίθησις
1203 1638 1332 1666 unam
1366 1624 1408 1664 et
1437 1622 1611 1664 eandem
1638 1620 1799 1662 habent

239 1693 459 1747 originem,
491 1697 532 1736 et
563 1695 792 1749 conjugata
822 1695 1019 1738 πιστεύειν
1051 1704 1092 1744 et
1124 1696 1277 1745 πιστὸς,
1310 1693 1523 1737 confidere
1549 1695 1591 1735 et
1618 1692 1797 1744 fidelem,

236 1765 263 1805 i.
304 1779 398 1806 eum
438 1764 503 1806 cui
542 1765 696 1818 aliquis
732 1766 838 1819 fidit,
872 1767 1126 1821 significant,
1158 1766 1281 1808 Matt.
1311 1766 1375 1818 24,
1405 1765 1470 1807 25.
1500 1764 1598 1806 Luc.
1629 1764 1691 1816 16,
1722 1763 1799 1815 11.,

239 1835 352 1887 quod
394 1838 616 1889 praeterea
657 1836 761 1879 fides
804 1838 848 1879 in
892 1838 1114 1892 Scriptura
1159 1838 1212 1880 iis
1252 1837 1494 1879 nominibus
1532 1836 1799 1889 indigitatur,

239 1920 346 1958 quae
387 1907 623 1950 necessario
662 1908 859 1951 fiduciam
896 1912 1151 1960 connotant;
1193 1909 1347 1951 dicitur
1390 1909 1502 1951 enim
1539 1906 1800 1962 πληροφοριόι,

238 1976 360 2018 Rom.
398 1978 436 2029 4,
473 1979 537 2019 21.
577 1978 829 2032 κατάληψις,
866 1980 976 2022 Phil.
1007 1982 1042 2033 3,
1074 1982 1135 2022 12.
1167 1983 1290 2032 λῆψις
1325 1982 1502 2033 Χριστοῦ,
1537 1978 1635 2021 Joh.
1667 1978 1702 2030 1,
1735 1978 1799 2019 12.

240 2047 404 2102 θάρσος,
447 2049 546 2091 Joh.
586 2051 648 2092 16.
696 2052 759 2093 33.
806 2051 931 2093 Matt.
977 2052 1013 2104 9,
1043 2052 1107 2093 22.
1141 2051 1355 2105 παρρησία,
1394 2050 1506 2104 Eph.
1536 2050 1574 2102 3,
1604 2051 1640 2091 2.
1668 2048 1800 2091 Hebr.

238 2120 274 2172 2,
315 2121 351 2161 6.
382 2121 594 2174 καύχησις,
627 2121 750 2164 Rom.
792 2123 829 2175 5,
859 2123 895 2164 2.
927 2125 1005 2165 etc.
1035 2123 1255 2170 ὑπόστασις
1295 2121 1472 2174 βεβαία,
1510 2119 1642 2162 Η6101.
1674 2120 1711 2172 3,
1738 2119 1801 2160 14.

239 2190 322 2232 Sed
360 2195 592 2245 praeterea,
635 2194 734 2247 quia
770 2197 860 2236 tam
898 2195 944 2236 in
980 2193 1033 2236 V.
1074 2209 1202 2247 quam
1237 2194 1283 2235 in
1319 2191 1374 2234 N.
1404 2192 1451 2234 T.
1481 2206 1606 2245 saepe
1635 2190 1802 2233 indiffe-

237 2265 380 2305 renter
418 2267 636 2317 ponuntur
672 2265 802 2308 verba
833 2265 1070 2308 confidendi
1100 2268 1142 2307 et
1173 2264 1383 2317 credendi,
1412 2263 1510 2306 fidei
1540 2265 1581 2305 et
1609 2262 1801 2304 fiduciae.

240 2332 364 2382 Quod
392 2335 505 2376 enim
531 2335 601 2377 Ps.
635 2337 695 2378 13.
728 2337 900 2378 effertur
928 2352 1004 2391 per
1035 2337 1079 2379 τὸ
1110 2337 1410 2386 confidere,
1434 2334 1594 2377 Beati
1621 2348 1800 2377 omnes

239 2406 329 2459 qui
369 2406 659 2449 confidunt
694 2407 745 2449 in
785 2422 863 2460 eo,
905 2408 1035 2450 Marc.
1076 2409 1137 2461 16,
1168 2409 1204 2450 6.
1233 2408 1425 2450 redditur
1451 2421 1528 2461 per
1552 2405 1596 2448 τὸ
1621 2405 1800 2458 61611616,

241 2475 339 2526 Qui
382 2478 707 2532 crediderit,
754 2479 935 2521 salvus
983 2480 1100 2522 erit.
1146 2480 1269 2530 Quod
1310 2478 1437 2521 Prov.
1479 2479 1516 2530 3,
1556 2477 1593 2520 5.
1635 2475 1800 2527 dicitur,

238 2546 466 2590 Confide
503 2548 734 2592 Domino
772 2551 826 2591 in
864 2551 1023 2593 corde
1062 2554 1175 2603 tuo,
1214 2551 1258 2592 id
1294 2550 1451 2592 Paulus
1489 2548 1612 2591 Rom.
1642 2547 1705 2598 10,
1736 2547 1800 2588 10.

239 2618 425 2672 exponit,
465 2620 622 2661 corde
662 2620 909 2663 creditur
947 2622 1008 2663 ad
1041 2621 1333 2675 justitiam.
1371 2620 1441 2662 Ps.
1478 2620 1542 2672 78,
1582 2617 1801 2669 22.jNon

239 2689 593 2732 crediderunt
631 2691 683 2732 in
722 2706 856 2744 eum,
894 2706 990 2734 nec
1028 2692 1232 2734 confisi
1270 2694 1394 2734 sunt
1422 2691 1474 2732 in
1503 2690 1698 2742 salute,
1727 2689 1801 2731 ubi

237 2760 339 2802 fides
381 2761 623 2812 ἐξηγητικῶς
665 2777 741 2816 per
777 2762 975 2804 fiduciam
1014 2764 1254 2817 exponitur.
1294 2763 1403 2805 Item
1440 2777 1492 2804 ex
1530 2760 1800 2816 oppositione

239 2846 305 2873 res
345 2832 554 2886 elucescit,
593 2833 771 2875 fiduciae
811 2834 923 2875 enim
961 2834 1195 2887 opponitur
1232 2835 1370 2875 metus
1408 2833 1475 2874 vel
1502 2831 1726 2883 dubitatio,
1757 2832 1800 2872 at
1830 2834 1835 2841 ’

239 2906 377 2944 metus
403 2905 529 2946 etiam
557 2905 792 2958 opponitur
817 2905 931 2947 actui
955 2905 1161 2958 credendi,
1188 2904 1318 2947 Marc.
1335 2905 1372 2956 5,
1388 2905 1452 2946 36.
1469 2903 1510 2946 N
1523 2918 1544 2946 e
1568 2905 1798 2956 metuas,

240 2976 447 3017 tantum
474 2977 641 3018 crede.
667 2976 765 3018 Luc.
786 2977 823 3029 8,
840 2976 902 3018 50.
929 2975 1004 3018 Ν6
1028 2976 1242 3030 timeas,
1271 2975 1603 3019 solummodo
1630 2975 1798 3018 crede.

1697 3079 1727 3090 .,
1772 3063 1837 3091 tw,
