1931 3224
255 124 333 164 288
823 121 1068 164 DISPUTATIO
1098 121 1255 163 XXIX.

249 247 301 289 ad
349 246 600 288 sacrificium
641 247 745 288 illud
788 246 944 287 Christi
983 261 1080 287 vere
1117 245 1332 298 piaculare
1371 246 1413 285 et
1451 244 1813 297 propitiatorium.

303 317 439 360 XXV.
479 317 571 367 Quo
609 319 784 371 respicit
818 317 1038 370 Propheta
1068 317 1119 358 de
1147 315 1304 357 Messia
1333 315 1523 368 loquens,
1554 315 1652 357 Esa.
1683 315 1747 367 53,
1778 315 1815 356 4.

251 389 388 432 Vere
416 389 718 443 languores
747 391 968 430 nostros
993 387 1110 440 ipse
1144 388 1247 428 NWJ
1280 384 1443 439 (nasa)
1475 385 1632 438 tulit,
1660 389 1702 428 et
1735 386 1817 428 do-

251 461 398 504 lores
427 476 491 503 no
505 463 648 503 stros
678 442 780 502 *720
817 459 853 511 (s
866 459 1004 511 abal)
1035 458 1061 499 b
1075 459 1120 510 aj
1134 457 1335 510 ulavit,
1364 458 1568 510 portavit,
1594 458 1816 508 sustinuit;

252 533 326 575 ubi
363 533 575 585 posterior
610 546 693 573 vox
732 530 1056 585 generalitatem
1093 529 1261 583 prioris,
1302 544 1408 582 quae
1453 532 1494 571 et
1536 544 1614 584 pro
1654 529 1818 570 auferre

238 607 494 657 usurpatur,
523 603 759 655 restringit.
791 601 859 643 Sic
888 616 994 643 vers.
1025 601 1089 642 11.
1119 599 1161 642 N
1174 615 1197 642 o
1209 603 1227 642 t
1238 601 1252 641 i
1263 601 1305 642 ti
1318 615 1341 641 a
1367 601 1424 652 ju
1435 601 1507 642 sti
1541 615 1559 642 s
1571 615 1592 642 e
1603 615 1624 641 r
1635 600 1684 641 vi
1717 615 1760 641 m
1773 600 1819 641 ei

249 673 601 728 justificabit
629 673 851 723 multos,
882 674 932 713 et
959 671 1018 724 (id
1035 673 1111 723 est,
1128 670 1246 723 nam)
1271 671 1544 724 iniquitat
1559 686 1609 713 es
1639 686 1818 713 eorum

252 746 305 799 ip
319 761 336 787 s
351 761 372 787 e
408 745 691 798 bajulavit.
731 743 788 784 Et
827 758 928 785 sana
971 746 1036 800 μζ)
1079 741 1328 796 (gnavon)
1374 742 1670 794 iniquitas,
1710 756 1819 794 quae

253 830 339 857 non
367 815 494 857 modo
525 814 707 868 culpam,
737 814 810 855 secl
839 814 1081 867 iniquitatis
1111 829 1293 867 poenam
1323 817 1457 866 notat,
1485 829 1579 856 cum
1603 813 1820 867 bajulandi

254 901 356 928 Voce
377 887 538 939 juncta,
563 885 771 927 Hebraeis
798 888 860 927 est
885 901 1044 939 poenas
1068 886 1178 929 ferre
1191 902 1200 928 :
1229 901 1312 939 quo
1329 902 1453 928 sensu
1471 889 1512 928 et
1529 886 1820 939 accipiendum

258 958 369 1011 quod
398 972 498 999 mox
536 957 770 1010 subjicitur,
798 971 905 998 vers.
938 958 999 998 12.
1040 960 1090 999 et
1129 957 1182 1010 ip
1195 973 1213 999 s
1227 973 1248 999 e
1280 960 1389 1000 mm
1431 957 1511 1010 (ch
1523 972 1546 998 a
1557 957 1592 1010 t)
1635 972 1663 1011 p
1677 972 1697 999 e
1710 971 1730 999 c
1744 972 1764 998 c
1775 971 1820 998 a-

255 1032 312 1070 tu
322 1044 383 1081 m,
413 1029 457 1070 id
486 1031 559 1080 est,
591 1029 850 1082 supplicium
879 1028 1043 1082 peccati
1071 1044 1114 1070 ni
1126 1029 1207 1070 ult
1221 1044 1244 1071 0
1256 1044 1277 1070 1
1288 1044 1316 1070 11
1326 1044 1369 1070 111
1396 1031 1415 1070 t
1425 1029 1544 1070 ulit.

311 1099 468 1142 XXVI.
503 1101 567 1143 Eo
593 1100 696 1142 facit
725 1101 839 1154 quod
868 1104 930 1143 est
959 1116 1067 1143 vers.
1099 1102 1136 1143 5.
1166 1100 1196 1142 C
1208 1116 1232 1142 a
1242 1116 1261 1142 s
1272 1103 1291 1142 t
1302 1101 1316 1142 i
1328 1115 1356 1154 g
1367 1115 1391 1141 a
1401 1101 1443 1141 ti
1456 1115 1479 1142 0
1510 1099 1601 1152 (seu
1631 1099 1820 1152 afflictio,

259 1186 366 1223 quae
393 1186 493 1213 mox
521 1171 643 1213 labor
673 1172 846 1225 dicitur)
886 1172 1370 1226 pacificationum,
1412 1186 1497 1223 seu,
1526 1171 1677 1225 pacis
1705 1186 1821 1212 nos·
1882 1226 1886 1230 Ι

258 1245 307 1284 tr
319 1258 342 1284 a
354 1258 394 1295 e,
440 1259 458 1284 s
471 1258 498 1283 11
510 1258 537 1296 p
551 1258 603 1285 er
644 1258 664 1284 e
676 1259 702 1284 u
715 1259 776 1295 m,
819 1243 863 1284 id
906 1246 981 1295 est,
1025 1243 1063 1285 ei
1099 1244 1303 1298 imposita
1337 1245 1412 1295 est,
1451 1245 1494 1284 et
1528 1258 1564 1284 v.
1595 1243 1632 1284 6.
1670 1245 1818 1295 ν’λΞΠ

259 1313 410 1368 (hiph
425 1315 608 1368 giang)
632 1315 769 1356 fecit
794 1329 1085 1357 occurrere
1110 1315 1162 1356 in
1192 1330 1305 1357 eum
1333 1314 1371 1355 D
1386 1315 1592 1356 ominus
1622 1313 1821 1366 iniqui—

259 1388 278 1426 t
289 1400 313 1427 a
323 1388 341 1427 t
353 1401 374 1427 e
384 1401 427 1427 m
452 1401 476 1427 0
489 1402 531 1427 111
541 1387 632 1428 niu
642 1401 683 1427 111
708 1402 735 1427 11
749 1401 772 1428 0
785 1401 803 1427 3
814 1390 832 1427 t
843 1402 864 1428 r
877 1402 900 1428 0
912 1402 932 1428 1
944 1402 972 1428 11
984 1402 1047 1439 m,
1074 1387 1156 1429 1100
1180 1389 1264 1438 est,
1290 1386 1471 1440 impegit
1494 1401 1566 1428 seu
1584 1385 1763 1438 conjecit
1777 1386 1821 1426 in

261 1472 357 1499 eum
379 1473 561 1511 poenam
587 1458 863 1510 iniquitatum
879 1461 1133 1500 nostrarum.
1152 1458 1300 1500 Graeci
1315 1459 1583 1512 interpretes,
1600 1458 1823 1511 παρέδωκεν

263 1529 378 1570 αὐτὸν
405 1534 497 1576 ταῖς
525 1529 749 1582 ἁμαρτίαις
776 1530 893 1580 ἡμῶν,
925 1530 1178 1583 emphatice,
1206 1545 1313 1572 vers.
1349 1530 1411 1571 10.
1450 1529 1484 1571 P
1497 1532 1623 1571 onet
1661 1529 1822 1571 delic-

260 1602 279 1640 t
289 1615 317 1640 u
328 1615 370 1641 m
399 1600 539 1641 anim
550 1616 573 1642 a
584 1616 647 1652 m,
678 1600 721 1641 id
752 1603 826 1652 est,
855 1601 1109 1643 sacrificium
1138 1616 1216 1655 pro
1247 1602 1415 1643 delicto.
1447 1600 1609 1650 Quibus
1637 1601 1681 1642 in
1705 1600 1821 1652 locis,

263 1671 410 1725 culpae
434 1671 674 1725 imputatio,
703 1674 745 1713 et
769 1687 932 1726 poenae
956 1673 1114 1715 vicaria
1129 1673 1359 1715 tolerantia
1376 1675 1417 1715 et
1437 1673 1671 1714 exantlatio
1689 1673 1822 1726 signi-

254 1741 418 1793 ficatur,
460 1742 657 1795 quodque
685 1746 876 1785 nostram
907 1759 1134 1797 personam
1162 1745 1360 1796 tenuerit,
1391 1746 1433 1786 et
1461 1759 1621 1798 poenas
1649 1746 1819 1786 nostras

254 1816 400 1855 nostro
432 1814 527 1856 loco
558 1814 736 1856 subierit
766 1830 814 1857 ac
844 1816 983 1857 luerit.

307 1884 485 1926 XXVII.
514 1885 657 1938 Atque
687 1887 783 1940 typi
811 1886 937 1939 hujus
961 1886 1307 1941 Prophetiaeque
1331 1887 1663 1929 luculentissima
1688 1887 1820 1928 inter-

254 1956 440 2009 pretatio
478 1956 521 1997 in
558 1956 613 1998 N.
653 1957 700 1998 T.
741 1960 815 2000 est.
855 1958 920 1999 Eo
957 1959 1134 2011 respicit
1171 1958 1199 2000 J
1203 1959 1271 2001 oh.
1311 1974 1344 2001 c.
1382 1959 1418 2000 1.
1458 1974 1495 2000 v.
1526 1958 1588 2000 19.
1620 1958 1719 1999 dum
1748 1958 1820 2008 ait,

254 2027 390 2069 Ecce
429 2042 596 2081 agnus
633 2028 751 2080 Dei,
796 2030 812 2070 ὁ
853 2029 963 2082 αἴρων
1002 2030 1091 2083 qui
1130 2030 1311 2082 tollit,
1350 2029 1512 2071 scilicet
1539 2029 1584 2070 in
1618 2044 1718 2078 sese,
1748 2043 1820 2070 seu

255 2100 408 2151 gestat,
463 2101 592 2151 atque
634 2100 696 2141 ita
738 2101 866 2153 tollit,
909 2101 952 2142 id
994 2104 1077 2153 est,
1123 2101 1261 2143 aufert
1298 2117 1326 2154 p
1340 2116 1360 2143 e
1372 2116 1393 2142 c
1405 2115 1426 2142 0
1437 2103 1583 2142 atum
1625 2116 1667 2142 111
1678 2116 1705 2141 11
1716 2115 1744 2141 11
1756 2100 1782 2141 d
1792 2100 1818 2144 1.

254 2169 378 2211 Unde
417 2172 459 2211 et
487 2171 646 2223 passim
675 2171 720 2212 in
748 2171 882 2226 Apoc.
913 2187 1049 2226 agnus
1080 2172 1333 2226 appellatur,
1364 2175 1406 2214 et
1434 2187 1569 2226 agnus
1596 2174 1820 2223 mactatus,

253 2240 389 2293 Apoc.
430 2241 491 2293 13,
532 2241 568 2282 8.
608 2244 649 2283 et
688 2242 708 2282 1
747 2241 840 2284 Pet.
878 2244 915 2294 2,
953 2243 1015 2284 24.
1063 2242 1320 2285 Christus
1362 2246 1589 2297 peccata
1629 2245 1821 2285 nostra

255 2311 458 2362 ἀνηνέγκε,
496 2311 599 2363 (11011
644 2312 746 2354 dicit
784 2312 936 2365 ἤνεγκε,
981 2314 1095 2366 quod
1136 2314 1286 2356 tollere
1327 2316 1462 2364 notat,
1500 2313 1631 2356 Hebr.
1670 2315 1707 2365 9,
1755 2313 1819 2355 28.

255 2381 473 2424 Sursum
516 2383 651 2424 tulit
693 2383 745 2424 in
790 2398 1021 2437 corpore
1059 2399 1151 2427 suo
1191 2400 1350 2439 super
1388 2385 1616 2439 lignum,
1660 2384 1820 2427 scilicet

257 2453 409 2506 crucis)
448 2454 670 2507 utriusque
709 2457 751 2496 et
785 2455 976 2508 corporis
1008 2458 1049 2498 et
1077 2456 1184 2512 ligni
1212 2458 1391 2510 ratione,
1421 2472 1521 2499 mox
1551 2458 1676 2509 enim,
1707 2458 1751 2510 ej
1763 2472 1790 2498 11
1801 2471 1819 2498 s

255 2524 306 2566 vi
318 2524 370 2565 bi
384 2525 466 2566 cib
476 2540 503 2566 u
515 2540 533 2566 s
562 2540 580 2566 s
593 2541 617 2567 a
627 2540 655 2567 n
667 2541 690 2567 a
701 2526 743 2567 ti
774 2527 962 2568 dicimur.
992 2526 1078 2569 Ubi
1109 2528 1310 2581 adjuncta
1336 2529 1624 2583 perpessionis
1649 2531 1691 2570 et
1714 2528 1819 2570 libe-

256 2597 433 2638 rationis
461 2599 633 2639 nostrae
662 2598 834 2650 mentio,
865 2613 1026 2653 poenae
1056 2600 1217 2642 alienae
1248 2601 1561 2654 susceptionem
1593 2599 1763 2643 indicat.

309 2667 510 2709 XXVIII.
551 2668 662 2718 Quin
699 2668 884 2710 illustres
919 2672 1017 2711 sunt
1045 2670 1107 2711 1111
1135 2670 1233 2723 1001,
1264 2671 1418 2724 quibus
1447 2686 1475 2725 p
1486 2687 1507 2712 r
1518 2686 1542 2713 0
1566 2686 1594 2712 11
1607 2667 1630 2712 0
1641 2671 1668 2712 1)
1680 2670 1693 2711 1
1705 2685 1723 2711 s
1737 2703 1745 2722 ,
1775 2669 1817 2711 1(1

259 2741 332 2790 est,
361 2739 456 2781 1000
478 2742 627 2781 nostro
651 2739 756 2781 haec
783 2741 924 2782 omnia
948 2741 1154 2783 tolerasse
1179 2742 1497 2795 pronunciatur,
1524 2741 1647 2783 Matt.
1673 2742 1737 2793 20,
1753 2740 1816 2782 28.

257 2808 433 2851 Filius
471 2811 500 2851 h
517 2811 712 2853 ominis
750 2810 899 2853 venit
928 2813 983 2852 ut
1011 2811 1385 2864 ministraret,
1417 2812 1680 2865 daretque
1710 2811 1817 2853 ani-

257 2895 388 2921 mam
417 2895 472 2922 su
485 2896 561 2923 am
584 2882 636 2923 in
665 2882 903 2935 pretium
935 2883 1035 2931 azur),
1064 2882 1108 2924 id
1133 2885 1208 2935 est,
1233 2884 1349 2926 vice
1373 2883 1677 2925 multorum.
1693 2882 1816 2924 Rom.

258 2951 295 3002 5,
325 2951 363 2992 6.
397 2951 432 2992 8.
473 2950 725 2994 Christus
754 2954 863 3010 ὑπὲρ,
895 2967 1076 3006 super,
1106 2969 1202 3006 pro
1231 2954 1439 3007 impiis,
1466 2956 1507 2996 et
1536 2969 1631 3007 pro
1660 2953 1817 2995 nobis
