1931 3224
558 77 621 119 DE
651 77 786 118 mes
816 75 961 118 CANON.
990 91 1038 117 ET
1069 75 1217 118 Aroes.
1619 76 1671 116 23

111 205 251 248 Prol.
292 204 400 247 Gal.
437 203 560 247 Unde
599 201 859 256 posteriores
897 200 1051 242 Judaei
1080 199 1345 253 Scripturam
1372 199 1541 241 Veteris
1570 198 1671 241 Tes-

111 277 290 319 tamenti
327 278 485 329 plum
521 276 696 325 Ε’ἾΨΏ
740 272 916 315 Esrim
952 271 1153 313 vearba
1180 271 1413 325 appellant.

164 347 299 391 XXV.
352 345 676 389 Enumerationi
731 344 1048 386 distinctionem
1091 342 1349 396 subjicimus.
1393 342 1499 383 Eam
1543 358 1670 396 porro

110 420 283 462 missam
309 418 524 470 facientes,
552 431 660 470 quae
687 417 750 458 est
774 414 1006 457 secundum
1028 413 1236 456 Auctores
1263 416 1304 455 et
1328 413 1513 466 Tempus
1538 415 1671 467 scrip-

111 492 253 543 tionis,
295 491 408 544 quod
448 490 504 531 sit
534 489 754 531 obscurior
796 489 836 528 et
876 486 1149 528 accuratioris
1187 485 1491 538 inquisitionis,
1522 485 1671 526 distin-

112 563 280 617 guimus
319 562 446 604 certis
483 560 713 611 Classibus,
753 573 859 612 quae
889 557 1075 609 JudaeiS,
1109 556 1291 608 Graecis,
1324 559 1366 598 et
1395 556 1557 597 Latinis
1586 571 1671 597 non

94 636 209 676 ‘sunt
248 632 465 687 ejusmodi.
510 632 653 685 Atque
684 629 912 672 secundum
943 629 1134 670 ordinem
1165 643 1292 682 quem
1320 628 1595 679 constituunt,
1627 628 1671 669 in

111 705 240 747 sacris
269 704 424 746 Bibliis
453 704 505 745 ab
534 703 587 745 iis
616 703 703 744 fere
735 701 1019 754 disponuntur
1050 702 1091 742 et
1123 700 1398 742 collocantur.

163 776 320 819 XXVI.
360 775 672 829 Antiquissima
716 773 892 827 partitio
923 788 971 814 ea
1001 774 1078 823 est,
1110 787 1216 825 quae
1248 772 1300 813 ab
1332 772 1469 813 Esdra
1497 773 1672 825 putatur

109 849 233 901 facta,
265 863 348 902 qua
375 863 451 889 usa
480 850 543 889 est
572 848 692 888 vetus
727 845 970 900 Synagoga,
1002 859 1214 897 quamque
1245 843 1498 898 approbavit
1530 842 1672 884 Chris-

109 923 178 962 tus
209 923 250 962 et
278 919 494 973 Apostoli,
526 919 600 971 qui
626 918 759 960 libros
788 917 867 958 hos
900 915 1162 958 distribuunt
1190 915 1257 956 vel
1286 915 1331 956 in
1362 915 1466 956 duos
1492 914 1672 965 ordines,

109 991 265 1046 Legem
305 991 438 1033 Mosis
482 990 608 1044 (quae
651 988 903 1042 simpliciter
943 987 1042 1039 Lex,
1083 990 1124 1028 et
1161 987 1302 1029 Moses
1341 985 1512 1038 dicitur)
1552 988 1593 1027 et
1630 985 1673 1027 in

109 1062 358 1117 Prophetas,
398 1061 510 1103 Act.
549 1061 612 1112 28,
650 1062 713 1102 23.
753 1060 906 1101 Matt.
941 1060 978 1109 5,
1010 1059 1071 1100 17.
1100 1058 1216 1099 Luc.
1247 1059 1310 1109 16,
1338 1058 1414 1110 29„
1445 1058 1512 1099 vel
1541 1057 1671 1099 inter-

110 1134 209 1175 dum
245 1134 289 1175 in
324 1136 424 1185 tres,
453 1147 606 1186 nempe
636 1134 677 1174 et
706 1130 914 1182 Psalmos,
943 1129 1058 1171 Luc.
1087 1129 1151 1180 24,
1180 1129 1243 1181 44,
1275 1128 1352 1170 sub
1382 1128 1534 1181 quibus
1563 1130 1672 1169 tam-

110 1221 237 1259 quam
274 1205 504 1259 praecipuo
543 1204 654 1246 libro
694 1203 881 1255 reliquos
920 1200 1256 1254 Hagiographos
1296 1200 1670 1254 comprehendunt,

111 1292 216 1330 quos
259 1276 472 1332 Josephus
514 1276 697 1329 hymnos
736 1277 778 1316 et
820 1273 1029 1321 ὑποθήκαις,
1062 1272 1106 1313 id
1139 1275 1215 1323 est,
1248 1271 1672 1325 praeceptiones

109 1349 222 1391 vitae
273 1348 475 1403 appellat,
528 1347 555 1389 J
567 1362 591 1389 o
608 1347 738 1400 seph
750 1361 807 1388 us
862 1348 1052 1387 contra
1099 1344 1341 1399 Appion.,
1384 1343 1672 1397 Hieronymus

108 1419 432 1475 Hagiographa,
457 1420 510 1460 in
535 1418 792 1472 Prologo,
820 1432 922 1459 voce
947 1417 1211 1470 generaliore
1239 1416 1462 1469 speciatim
1486 1418 1672 1468 accepta.

160 1490 339 1534 XXVII.
379 1490 619 1533 Discrimen
658 1492 826 1531 tantum
865 1491 928 1530 est
966 1489 1010 1529 in
1039 1502 1227 1529 numero.
1257 1486 1472 1540 Josephus
1503 1487 1673 1528 secundi

112 1564 273 1606 ordinis
316 1564 379 1605 13.
423 1562 536 1604 Jobo
581 1564 623 1603 et
657 1560 835 1602 Daniele
873 1559 1105 1613 Prophetis
1145 1561 1444 1609 annumerato,
1484 1558 1671 1610 reliquos

109 1637 304 1688 quatuor,
348 1634 467 1676 tertii
509 1633 670 1675 ordinis
711 1632 826 1673 facit.
864 1631 1039 1673 Hieron.
1079 1646 1130 1672 ex
1166 1630 1427 1672 Judaeorum
1464 1629 1673 1671 sententia

109 1706 182 1758 ait,
211 1706 325 1759 quod
351 1708 451 1760 post
479 1704 647 1758 Legem,
677 1719 804 1756 quam
836 1704 959 1745 ΠἾἹΠ
990 1702 1169 1744 'Phora
1197 1704 1363 1752 vocant,
1395 1701 1510 1753 cujus
1538 1700 1672 1741 libros

108 1778 299 1831 singulos
316 1793 340 1819 a
354 1777 493 1831 prima
509 1790 611 1818 voce
626 1775 913 1826 denominant,
930 1789 1081 1828 nempe
1103 1775 1306 1815 17va7:
1336 1771 1672 1823 Bereschith,

107 1849 150 1890 id
192 1851 267 1900 est,
310 1849 355 1890 in
392 1848 618 1901 principio,
657 1849 748 1898 etc.,
790 1846 971 1889 secundo
1013 1846 1152 1888 ordini
1191 1848 1287 1888 octo
1327 1846 1560 1898 assignant,
1601 1844 1673 1896 qui

109 1922 227 1962 sunt:
257 1920 402 1972 Josua,
431 1919 602 1962 Judices
632 1922 675 1960 et
704 1919 834 1971 Ruth,
865 1918 1047 1969 Samuel,
1078 1918 1231 1972 Reges,
1262 1917 1424 1968 Esaias,
1452 1916 1671 1968 Jeremias,

109 1991 322 2043 Ezechiel,
361 1994 403 2033 et
440 1994 634 2043 ἻΨΨἾΠ
667 1990 956 2042 Tereasar,
985 1990 1029 2031 id
1060 1992 1136 2041 est,
1166 1988 1387 2030 duodecim
1417 1987 1671 2041 Prophetae,

110 2064 183 2116 qui
220 2065 262 2105 et
289 2062 398 2105 liber
426 2062 741 2116 Prophetarum
771 2062 938 2113 dicitur,
968 2061 1148 2102 Actor.
1180 2060 1215 2112 7,
1245 2060 1308 2101 42.
1339 2059 1543 2111 Reliquos
1574 2074 1671 2100 vero

109 2149 158 2176 1x.
197 2134 523 2189 Hagiographis
563 2134 782 2188 deputant,
821 2133 919 2185 ζΪΟΙ),
956 2132 1095 2174 David
1133 2147 1258 2185 quem
1288 2131 1474 2184 quinque
1502 2130 1674 2172 incisio-

109 2207 246 2258 nibus,
286 2209 328 2248 et
365 2220 449 2247 uno
488 2205 757 2247 Psalmorum
785 2205 998 2246 volumine
1029 2202 1404 2256 comprehendunt,
1435 2201 1673 2244 Salomonis

109 2277 359 2329 Parabolae,
398 2277 691 2328 Ecclesiastes,
725 2276 892 2328 Daniel,
931 2275 1074 2317 Verba
1114 2275 1276 2316 dierum
1314 2289 1388 2315 seu
1422 2273 1672 2324 Chronicon,

109 2347 282 2398 Esdras,
312 2347 488 2398 Esther3
520 2348 674 2400 quibus
705 2347 864 2389 addunt
892 2346 1088 2388 nonnulli
1117 2345 1236 2387 Ruth
1266 2347 1308 2387 et
1337 2345 1539 2386 Threnos.

165 2418 365 2462 XXVIII.
405 2418 509 2460 Cum
544 2419 635 2472 hac,
675 2419 833 2461 eadem'
855 2422 918 2461 est
946 2419 1152 2460 hodierna
1182 2417 1494 2467 Hebraeorun13
1527 2431 1673 2469 quam-

109 2491 173 2532 vis
211 2493 395 2543 quatuor
435 2490 601 2532 ordines
638 2491 776 2533 facere
809 2491 1045 2533 videantur.
1075 2489 1189 2531 Nam
1217 2492 1317 2544 post
1345 2488 1513 2544 Legem,
1546 2503 1673 2540 quam

111 2565 234 2606 ΠἾἸΠ
283 2567 436 2605 ’imm
488 2566 641 2605 UWDN
683 2562 959 2604 Chamissa
1002 2561 1249 2603 chomese
1294 2560 1466 2611 thora,
1510 2559 1554 2600 id
1597 2561 1670 2610 est,

110 2635 228 2677 πέντε
276 2634 488 2677 πεντάδκσ
535 2634 651 2685 νόμου
705 2634 748 2675 id
799 2636 874 2686 est,
929 2634 1170 2686 quinque
1222 2633 1462 2685 quintas,
1511 2631 1673 2672 scilicet

110 2709 267 2760 partes,
307 2721 397 2748 seu
436 2706 728 2759 quiniones
766 2705 924 2759 Legis
955 2706 1195 2759 appellant,
1222 2703 1451 2756 subjiciunt
1476 2717 1549 2744 seu
1573 2716 1672 2743 con-

105 2779 293 2831 jungunt
322 2794 416 2820 cum
445 2777 568 2831 Lege,
600 2777 763 2832 Sepher
792 2793 865 2819 seu
894 2759 1067 2820 subm
1104 2780 1219 2818 ΨΙὮΠ
1240 2775 1461 2817 Chames
1485 2773 1673 2827 megil-

112 2848 253 2901 loth,
296 2850 340 2891 id
383 2852 458 2901 est,
503 2849 688 2902 quinque
726 2849 956 2900 volumina,
996 2851 1101 2902 puta
1138 2847 1359 2889 Canticum
1388 2845 1668 2897 Canticorum,

109 2919 239 2973 Ruth,
279 2920 441 2973 Ecba,
479 2921 523 2963 id
560 2923 635 2973 est,
674 2920 898 2973 quomodo,
931 2919 1002 2972 (ab
1031 2918 1187 2960 initiali
1220 2917 1337 2971 voce)
1369 2918 1668 2969 Ecclesiasten,
