1931 3224
490 130 554 174 DE
584 131 715 176 STATU
743 131 1052 174 HUMimA'rmNIs
1083 131 1259 174 CHRISTI.
1573 133 1648 174 271

90 255 168 307 lus,
207 256 228 296 1
261 255 353 297 Cor.
393 257 456 307 15,
493 257 558 299 43.
597 256 694 299 Nisi
731 257 813 299 hoc
842 257 1066 299 discrimen
1095 259 1320 309 statuatur,
1351 256 1464 309 quod
1492 259 1652 299 mortu-

93 343 214 370 orum
241 330 376 370 status
405 328 458 370 ad
488 344 641 382 corpus
671 332 712 371 et
741 329 937 381 animam,
970 331 1177 382 quatenus
1202 344 1226 370 a
1252 343 1428 382 corpore
1453 329 1651 381 separata

92 402 167 451 est,
195 399 423 450 referatur;
450 400 727 443 commoratio
752 403 893 442 autem
917 401 961 442 in
985 400 1193 454 sepulcro,
1219 399 1271 441 ad
1296 414 1448 453 corpus
1470 401 1651 440 tantum.

110 463 321 513 'XXXIL
362 471 421 512 Hi
464 471 721 525 posteriores
764 487 921 524 sensus,
964 472 999 513 si
1037 471 1312 513 articulorum
1350 470 1652 522 consequentia

91 542 390 591 consideretur,
420 545 462 584 et
490 558 631 584 rerum
660 546 877 596 gestarum
905 544 1021 595 ordo,
1050 546 1180 597 prout
1207 543 1251 584 in
1281 541 1541 595 Evangelica
1564 540 1652 582 his-

91 614 201 655 toria
225 616 434 665 narratur,
460 614 690 656 maximam
713 615 874 656 habent
897 615 1261 668 probabilitatem,
1288 614 1541 667 praesertim
1557 627 1653 654 cum

91 684 202 726 inter
238 685 409 738 primas,
450 688 491 727 et
528 687 725 739 proprias
763 686 888 740 hujus
917 686 1120 741 phraseos
1150 685 1497 739 significationes,
1526 684 1653 726 habe-

92 758 188 798 atur
225 756 297 797 illa
335 757 385 798 de
421 757 614 798 mortis
654 759 825 808 statu,
864 759 912 798 ut
939 757 1062 798 initio
1092 757 1251 798 dictum
1282 759 1357 799 est.
1390 756 1482 798 Nec
1510 758 1653 797 tamen

92 843 199 881 quae
236 829 364 881 vulgo
402 831 575 882 recepta
614 831 676 870 est
714 829 758 870 in
795 828 978 882 publicis
1009 828 1309 870 Catechesibus
1338 826 1652 881 interpretatio,

90 901 230 942 minus
268 915 367 942 vera
406 903 469 942 est
506 903 580 942 aut
619 903 741 954 apta3
783 915 866 952 qua
903 915 979 953 per
1018 901 1264 942 descensum
1304 900 1356 940 ad
1385 898 1557 950 inferos,
1588 898 1653 940 in-

90 971 346 1025 telliguntur
384 971 537 1013 inferni
567 972 744 1023 dolores,
776 974 817 1013 et
845 971 932 1013 irae
960 971 1041 1013 Dei
1073 971 1261 1024 gravitas
1292 986 1339 1012 ac
1367 971 1482 1012 velut
1515 971 1654 1012 deser-

90 1042 152 1084 tio
184 1058 310 1095 quam
339 1041 533 1084 Christus
563 1042 606 1084 in
636 1043 776 1084 anima
806 1045 1004 1096 expertus
1035 1045 1110 1093 est,
1142 1045 1190 1083 ut
1215 1057 1343 1095 supra
1367 1042 1653 1095 exposuimus.

90 1113 182 1156 Nec
223 1114 523 1156 inconveniens
562 1117 635 1164 est,
672 1114 751 1156 hos
790 1114 894 1156 duos
934 1114 1169 1165 descensus,
1210 1114 1324 1166 quod
1361 1113 1555 1155 nonnulli
1592 1113 1655 1153 fa-

92 1185 221 1238 ciunt,
262 1187 541 1240 conjungere:
582 1202 676 1228 cum
714 1188 893 1239 uterque
923 1187 975 1228 ad
1006 1188 1239 1228 extremam
1269 1184 1427 1227 Christi
1456 1184 1654 1226 humilia-

89 1258 252 1299 tionem
292 1257 516 1312 pertineat,
557 1260 598 1299 et
627 1258 671 1299 in
697 1257 843 1312 phrasi
872 1257 1195 1299 fundamentum
1223 1256 1402 1298 habeat:
1431 1257 1655 1308 utriusque

91 1329 219 1371 etiam
249 1329 442 1371 doctrina
472 1344 571 1371 vera
601 1328 655 1370 sit
681 1331 722 1370 et
745 1329 993 1380 necessaria,
1019 1332 1067 1370 ut
1092 1344 1141 1371 ex
1168 1329 1292 1371 dictis
1317 1329 1484 1370 abunde
1508 1328 1654 1381 liquet.

145 1399 346 1441 XXXIII.
387 1400 457 1442 Sic
502 1400 552 1441 de
576 1400 892 1452 ,humiliatione
934 1399 1094 1441 Christi
1137 1415 1216 1453 pro
1257 1400 1447 1441 instituti
1489 1400 1654 1441 ratione

94 1472 209 1512 satis.
239 1470 305 1512 Ex
334 1485 417 1523 qua
446 1470 492 1512 hi
520 1471 644 1513 nobis
673 1470 838 1512 fructus
864 1473 962 1512 sunt
993 1471 1234 1525 colligendi,
1265 1471 1553 1526 plenissimam
1577 1485 1654 1513 nos

92 1542 248 1584 habere
284 1543 329 1584 in
368 1541 537 1584 Christo
576 1557 655 1596 pro
696 1542 891 1584 omnibus
920 1543 1106 1595 peccatis
1136 1544 1293 1584 nostris
1322 1542 1655 1585 satisfactionem

94 1615 136 1655 et
185 1613 492 1667 expiationem;
540 1614 668 1654 morti
716 1614 938 1656 victoriam
987 1617 1201 1656 extortam
1239 1629 1328 1656 esse
1368 1617 1410 1656 et
1448 1614 1655 1656 abolitum

95 1683 191 1740 ᾅδου,
231 1685 399 1737 nim-pom
429 1700 504 1738 per
532 1685 814 1738 ignominiam
845 1685 1015 1737 Christi,
1047 1686 1099 1727 ad
1130 1701 1338 1727 summam
1369 1686 1550 1739 gloriam
1577 1701 1654 1728 nos

95 1770 185 1797 esse
224 1755 473 1807 evehendos,
512 1758 553 1797 et
591 1755 747 1797 inferni
776 1757 916 1798 sedem
945 1756 1068 1798 nobis
1098 1757 1298 1808 debitam,
1328 1759 1536 1798 mutatam
1566 1771 1656 1798 esse

92 1827 138 1868 in
192 1827 371 1869 coeleste
424 1827 696 1880 domicilium,
742 1828 855 1880 quod
907 1828 992 1870 suis
1044 1829 1316 1881 praeparavit
1360 1830 1400 1870 et
1444 1828 1656 1882 disposuit

95 1897 288 1940 Christus
316 1898 537 1941 Dominus.

146 1969 344 2013 XXXIV.
369 1969 545 2013 Praeter
568 1970 674 2013 haec
697 1972 903 2013 immensa
926 1970 1129 2013 beneficia
1153 1971 1258 2013 illud
1281 1972 1411 2013 etiam
1426 1971 1658 2012 maximum

96 2056 238 2083 sumus
281 2043 508 2094 consecuti,
552 2044 600 2083 ut
641 2043 686 2084 in
728 2043 809 2084 hac
851 2058 934 2084 una
973 2043 1181 2097 passione,
1222 2043 1413 2084 omnium
1450 2042 1658 2084 virtutum

96 2111 327 2154 clarissima
365 2113 558 2166 exempla
593 2112 838 2166 habeamus,
876 2114 1121 2168 patientiae,
1153 2108 1422 2165 humilitatis,
1453 2112 1656 2164 caritatis,

95 2183 443 2236 mansuetudinis,
473 2184 752 2236 obedientiae,
783 2187 875 2237 etc„
904 2187 951 2226 ut
975 2200 1072 2227 vere
1097 2184 1234 2227 dicere
1258 2184 1483 2238 possimus,
1512 2183 1657 2227 Salva-

95 2256 234 2296 torem
270 2256 476 2307 nostrum,
517 2270 792 2308 quaecunque
830 2256 943 2298 vitae
980 2259 1209 2310 praecepta
1238 2258 1331 2298 toto
1362 2271 1460 2297 suae
1489 2254 1658 2309 praedi-

97 2325 276 2367 cationis
303 2327 498 2379 tempore
527 2326 667 2368 verbis
694 2341 772 2368 nos
803 2327 958 2379 docuit,
989 2342 1037 2369 ea
1067 2327 1210 2369 omnia
1237 2340 1322 2367 uno
1351 2325 1562 2380 passionis
1593 2323 1658 2366 die

95 2397 140 2438 in
169 2411 212 2438 se
242 2398 508 2450 expressisse.
537 2397 612 2439 Cui
637 2398 683 2440 in
712 2401 931 2441 aeternum
956 2398 1114 2452 gloria!

427 2700 601 2742 Tertull.
630 2699 721 2742 Lib.
751 2700 802 2742 de
831 2698 965 2741 Carne
994 2698 1163 2750 Christi,
1195 2712 1285 2751 cap.
1313 2698 1350 2738 5.

152 2823 327 2867 Natus
366 2827 446 2867 est
482 2823 581 2866 Dei
617 2824 814 2876 Filius3
845 2838 951 2865 non
978 2823 1167 2876 pudet,
1199 2821 1325 2875 quia
1352 2822 1658 2875 pudendum

101 2899 192 2938 est.
235 2895 304 2938 Et
340 2898 584 2938 mortuus
623 2897 702 2937 est
739 2894 842 2964 Dei
878 2894 1081 2944 Filius;
1120 2907 1346 2946 prorsus
1385 2893 1657 2935 credibile

101 2969 201 3020 est,
241 2969 366 3021 quia
402 2969 653 3021 ineptum
692 2969 785 3009 est.
823 2965 890 3008 Et
919 2965 1166 3021 sepultus
1194 2964 1521 3015 resurrexit;
1551 2979 1656 3006 cer-
