<?xml version="1.0" encoding="UTF-8"?>
<!DOCTYPE html PUBLIC "-//W3C//DTD XHTML 1.0 Transitional//EN"
    "http://www.w3.org/TR/xhtml1/DTD/xhtml1-transitional.dtd">
<html xmlns="http://www.w3.org/1999/xhtml" xml:lang="en" lang="en">
 <head>
  <title>
</title>
<meta http-equiv="Content-Type" content="text/html;charset=utf-8" />
  <meta name='ocr-system' content='tesseract 3.04.00' />
  <meta name='ocr-capabilities' content='ocr_page ocr_carea ocr_par ocr_line ocrx_word'/>
</head>
<body>
  <div class='ocr_page' id='page_1' title='image "./synopsispurioris00poly_0264.png"; bbox 0 0 1931 3224; ppageno 0'>
   <div class='ocr_carea' id='block_1_1' title="bbox 227 155 1205 204">
    <p class='ocr_par' dir='ltr' id='par_1_1' title="bbox 227 155 1205 204">
     <span class='ocr_line' id='line_1_1' title="bbox 227 155 1205 204; baseline -0.005 0"><span class='ocrx_word' id='word_1_1' title='bbox 227 163 303 204; x_wconf 79' lang='lat'>242</span> <span class='ocrx_word' id='word_1_2' title='bbox 804 158 1043 201; x_wconf 73' lang='lat' dir='ltr'>DISPUTATIO</span> <span class='ocrx_word' id='word_1_3' title='bbox 1071 155 1205 199; x_wconf 90' lang='lat' dir='ltr'>XXV.</span> 
     </span>
    </p>
   </div>
   <div class='ocr_carea' id='block_1_2' title="bbox 207 279 1780 2264">
    <p class='ocr_par' dir='ltr' id='par_1_2' title="bbox 220 279 1780 622">
     <span class='ocr_line' id='line_1_2' title="bbox 226 279 1780 336; baseline -0.003 -9"><span class='ocrx_word' id='word_1_4' title='bbox 226 285 504 336; x_wconf 79' lang='lat' dir='ltr'>Davidem,</span> <span class='ocrx_word' id='word_1_5' title='bbox 544 287 592 326; x_wconf 93' lang='lat' dir='ltr'>ut</span> <span class='ocrx_word' id='word_1_6' title='bbox 629 282 898 336; x_wconf 85' lang='lat' dir='ltr'>genearchas,</span> <span class='ocrx_word' id='word_1_7' title='bbox 936 282 1114 335; x_wconf 88' lang='lat' dir='ltr'>propter</span> <span class='ocrx_word' id='word_1_8' title='bbox 1149 279 1477 334; x_wconf 75' lang='lat' dir='ltr'>promissionem</span> <span class='ocrx_word' id='word_1_9' title='bbox 1505 279 1780 333; x_wconf 71' lang='lat' dir='ltr'>singulariter</span> 
     </span>
     <span class='ocr_line' id='line_1_3' title="bbox 223 351 1780 410; baseline -0.003 -12"><span class='ocrx_word' id='word_1_10' title='bbox 223 357 328 410; x_wconf 89' lang='lat' dir='ltr'>ipsis</span> <span class='ocrx_word' id='word_1_11' title='bbox 355 356 524 407; x_wconf 85' lang='lat' dir='ltr'>factam,</span> <span class='ocrx_word' id='word_1_12' title='bbox 552 355 742 405; x_wconf 89' lang='lat' dir='ltr'>refertur,</span> <span class='ocrx_word' id='word_1_13' title='bbox 771 353 893 395; x_wconf 90' lang='lat' dir='ltr'>Matt.</span> <span class='ocrx_word' id='word_1_14' title='bbox 924 353 961 404; x_wconf 86' lang='lat'>1,</span> <span class='ocrx_word' id='word_1_15' title='bbox 992 353 1027 394; x_wconf 89' lang='grc'>1.</span> <span class='ocrx_word' id='word_1_16' title='bbox 1055 352 1120 394; x_wconf 89' lang='grc' dir='ltr'>Αο</span> <span class='ocrx_word' id='word_1_17' title='bbox 1150 352 1202 393; x_wconf 89' lang='lat' dir='ltr'>ab</span> <span class='ocrx_word' id='word_1_18' title='bbox 1230 351 1480 394; x_wconf 89' lang='lat' dir='ltr'>Abrahamo</span> <span class='ocrx_word' id='word_1_19' title='bbox 1503 352 1548 393; x_wconf 90' lang='lat' dir='ltr'>in</span> <span class='ocrx_word' id='word_1_20' title='bbox 1572 351 1780 394; x_wconf 82' lang='lat' dir='ltr'>Davidem</span> 
     </span>
     <span class='ocr_line' id='line_1_4' title="bbox 222 422 1779 481; baseline -0.003 -11"><span class='ocrx_word' id='word_1_21' title='bbox 222 443 297 481; x_wconf 90' lang='lat' dir='ltr'>per</span> <span class='ocrx_word' id='word_1_22' title='bbox 337 426 611 470; x_wconf 86' lang='lat' dir='ltr'>Solomonem</span> <span class='ocrx_word' id='word_1_23' title='bbox 638 424 926 480; x_wconf 85' lang='lat' dir='ltr'>legaliter,</span> <span class='ocrx_word' id='word_1_24' title='bbox 956 438 1032 477; x_wconf 88' lang='lat' dir='ltr'>per</span> <span class='ocrx_word' id='word_1_25' title='bbox 1058 422 1304 465; x_wconf 87' lang='lat' dir='ltr'>Nathanem</span> <span class='ocrx_word' id='word_1_26' title='bbox 1331 423 1675 466; x_wconf 70' lang='lat' dir='ltr'>naturaliter</span> <span class='ocrx_word' id='word_1_27' title='bbox 1703 424 1779 465; x_wconf 90' lang='lat' dir='ltr'>du-</span> 
     </span>
     <span class='ocr_line' id='line_1_5' title="bbox 222 494 1779 549; baseline -0.003 -9"><span class='ocrx_word' id='word_1_28' title='bbox 222 499 342 549; x_wconf 90' lang='lat' dir='ltr'>citur,</span> <span class='ocrx_word' id='word_1_29' title='bbox 378 498 502 540; x_wconf 88' lang='lat' dir='ltr'>Matt.</span> <span class='ocrx_word' id='word_1_30' title='bbox 541 498 577 539; x_wconf 85' lang='lat'>1.</span> <span class='ocrx_word' id='word_1_31' title='bbox 613 496 712 539; x_wconf 87' lang='lat' dir='ltr'>Luc.</span> <span class='ocrx_word' id='word_1_32' title='bbox 750 496 787 537; x_wconf 84' lang='lat'>3.</span> <span class='ocrx_word' id='word_1_33' title='bbox 826 497 874 536; x_wconf 90' lang='lat' dir='ltr'>ut</span> <span class='ocrx_word' id='word_1_34' title='bbox 910 495 972 536; x_wconf 90' lang='lat' dir='ltr'>ita</span> <span class='ocrx_word' id='word_1_35' title='bbox 1010 494 1152 536; x_wconf 86' lang='lat' dir='ltr'>divina</span> <span class='ocrx_word' id='word_1_36' title='bbox 1181 494 1411 548; x_wconf 81' lang='lat' dir='ltr'>promissio</span> <span class='ocrx_word' id='word_1_37' title='bbox 1440 509 1563 536; x_wconf 85' lang='lat' dir='ltr'>suum</span> <span class='ocrx_word' id='word_1_38' title='bbox 1591 494 1779 547; x_wconf 88' lang='lat' dir='ltr'>comple-</span> 
     </span>
     <span class='ocr_line' id='line_1_6' title="bbox 220 569 659 622; baseline -0.005 -11"><span class='ocrx_word' id='word_1_39' title='bbox 220 572 410 611; x_wconf 83' lang='lat' dir='ltr'>mentum</span> <span class='ocrx_word' id='word_1_40' title='bbox 438 569 659 622; x_wconf 88' lang='lat' dir='ltr'>acciperet.</span> 
     </span>
    </p>

    <p class='ocr_par' dir='ltr' id='par_1_3' title="bbox 215 637 1778 1122">
     <span class='ocr_line' id='line_1_7' title="bbox 271 637 1776 690; baseline -0.001 -8"><span class='ocrx_word' id='word_1_41' title='bbox 271 639 430 682; x_wconf 90' lang='lat' dir='ltr'>XVIII.</span> <span class='ocrx_word' id='word_1_42' title='bbox 474 638 764 681; x_wconf 84' lang='lat' dir='ltr'>Veruntamen</span> <span class='ocrx_word' id='word_1_43' title='bbox 806 637 978 679; x_wconf 88' lang='lat' dir='ltr'>nomine</span> <span class='ocrx_word' id='word_1_44' title='bbox 1021 638 1200 680; x_wconf 84' lang='lat' dir='ltr'>carnis</span> <span class='ocrx_word' id='word_1_45' title='bbox 1244 652 1331 680; x_wconf 90' lang='lat' dir='ltr'>non</span> <span class='ocrx_word' id='word_1_46' title='bbox 1367 637 1639 690; x_wconf 83' lang='lat' dir='ltr'>intelligitur,</span> <span class='ocrx_word' id='word_1_47' title='bbox 1680 652 1776 681; x_wconf 89' lang='lat' dir='ltr'>caro</span> 
     </span>
     <span class='ocr_line' id='line_1_8' title="bbox 219 707 1776 764; baseline -0.001 -11"><span class='ocrx_word' id='word_1_48' title='bbox 219 713 429 764; x_wconf 87' lang='lat' dir='ltr'>corrupta,</span> <span class='ocrx_word' id='word_1_49' title='bbox 471 710 654 763; x_wconf 82' lang='lat' dir='ltr'>qualiter</span> <span class='ocrx_word' id='word_1_50' title='bbox 691 709 778 751; x_wconf 77' lang='lat' dir='ltr'>iere</span> <span class='ocrx_word' id='word_1_51' title='bbox 815 708 1023 763; x_wconf 81' lang='lat' dir='ltr'>accipitur</span> <span class='ocrx_word' id='word_1_52' title='bbox 1061 708 1243 762; x_wconf 88' lang='lat' dir='ltr'>Spiritui</span> <span class='ocrx_word' id='word_1_53' title='bbox 1281 708 1495 762; x_wconf 84' lang='lat' dir='ltr'>opposita,</span> <span class='ocrx_word' id='word_1_54' title='bbox 1534 707 1635 751; x_wconf 81' lang='lat' dir='ltr'>Joh.</span> <span class='ocrx_word' id='word_1_55' title='bbox 1672 708 1710 761; x_wconf 84' lang='lat'>3,</span> <span class='ocrx_word' id='word_1_56' title='bbox 1739 709 1776 751; x_wconf 84' lang='lat'>6.</span> 
     </span>
     <span class='ocr_line' id='line_1_9' title="bbox 217 778 1778 833; baseline -0.001 -9"><span class='ocrx_word' id='word_1_57' title='bbox 217 783 290 824; x_wconf 90' lang='lat' dir='ltr'>sed</span> <span class='ocrx_word' id='word_1_58' title='bbox 326 782 436 823; x_wconf 89' lang='lat' dir='ltr'>labis</span> <span class='ocrx_word' id='word_1_59' title='bbox 473 781 707 824; x_wconf 87' lang='lat' dir='ltr'>communis</span> <span class='ocrx_word' id='word_1_60' title='bbox 748 795 905 833; x_wconf 83' lang='lat' dir='ltr'>exsors,</span> <span class='ocrx_word' id='word_1_61' title='bbox 942 780 1041 823; x_wconf 90' lang='lat' dir='ltr'>Luc.</span> <span class='ocrx_word' id='word_1_62' title='bbox 1076 780 1112 831; x_wconf 93' lang='grc'>1,</span> <span class='ocrx_word' id='word_1_63' title='bbox 1144 781 1208 822; x_wconf 83' lang='grc'>35.</span> <span class='ocrx_word' id='word_1_64' title='bbox 1237 779 1347 822; x_wconf 83' lang='lat' dir='ltr'>Heb.</span> <span class='ocrx_word' id='word_1_65' title='bbox 1375 780 1413 831; x_wconf 83' lang='lat'>4,</span> <span class='ocrx_word' id='word_1_66' title='bbox 1442 779 1506 822; x_wconf 81' lang='lat'>15.</span> <span class='ocrx_word' id='word_1_67' title='bbox 1535 778 1637 822; x_wconf 85' lang='lat' dir='ltr'>Non</span> <span class='ocrx_word' id='word_1_68' title='bbox 1666 780 1778 822; x_wconf 86' lang='lat' dir='ltr'>enim</span> 
     </span>
     <span class='ocr_line' id='line_1_10' title="bbox 217 850 1774 905; baseline -0.001 -11"><span class='ocrx_word' id='word_1_69' title='bbox 217 853 493 896; x_wconf 84' lang='lat' dir='ltr'>conveniebat</span> <span class='ocrx_word' id='word_1_70' title='bbox 535 853 765 894; x_wconf 82' lang='lat' dir='ltr'>humanam</span> <span class='ocrx_word' id='word_1_71' title='bbox 806 854 1003 893; x_wconf 87' lang='lat' dir='ltr'>naturam</span> <span class='ocrx_word' id='word_1_72' title='bbox 1045 854 1220 905; x_wconf 87' lang='lat' dir='ltr'>peccato</span> <span class='ocrx_word' id='word_1_73' title='bbox 1265 852 1495 894; x_wconf 88' lang='lat' dir='ltr'>obnoxiam</span> <span class='ocrx_word' id='word_1_74' title='bbox 1536 850 1650 893; x_wconf 83' lang='lat' dir='ltr'>Filio</span> <span class='ocrx_word' id='word_1_75' title='bbox 1695 851 1774 894; x_wconf 87' lang='lat' dir='ltr'>Dei</span> 
     </span>
     <span class='ocr_line' id='line_1_11' title="bbox 218 922 1771 976; baseline -0.001 -10"><span class='ocrx_word' id='word_1_76' title='bbox 218 926 338 966; x_wconf 86' lang='lat' dir='ltr'>uniri.</span> <span class='ocrx_word' id='word_1_77' title='bbox 378 924 579 973; x_wconf 76' lang='lat' dir='ltr'>Quamvis</span> <span class='ocrx_word' id='word_1_78' title='bbox 614 924 766 966; x_wconf 87' lang='lat' dir='ltr'>venit</span> <span class='ocrx_word' id='word_1_79' title='bbox 804 923 857 965; x_wconf 91' lang='lat' dir='ltr'>in</span> <span class='ocrx_word' id='word_1_80' title='bbox 903 922 1278 965; x_wconf 81' lang='lat' dir='ltr'>similitudine</span> <span class='ocrx_word' id='word_1_81' title='bbox 1317 923 1495 965; x_wconf 89' lang='lat' dir='ltr'>carnis</span> <span class='ocrx_word' id='word_1_82' title='bbox 1534 922 1771 976; x_wconf 86' lang='lat' dir='ltr'>peccati,</span> 
     </span>
     <span class='ocr_line' id='line_1_12' title="bbox 215 993 1777 1050; baseline -0.002 -12"><span class='ocrx_word' id='word_1_83' title='bbox 215 1012 288 1038; x_wconf 78' lang='lat' dir='ltr'>seu</span> <span class='ocrx_word' id='word_1_84' title='bbox 315 998 490 1050; x_wconf 83' lang='lat' dir='ltr'>peccato</span> <span class='ocrx_word' id='word_1_85' title='bbox 521 996 741 1047; x_wconf 79' lang='lat' dir='ltr'>obnoxiae,</span> <span class='ocrx_word' id='word_1_86' title='bbox 769 994 893 1037; x_wconf 82' lang='lat' dir='ltr'>Rom.</span> <span class='ocrx_word' id='word_1_87' title='bbox 923 994 961 1047; x_wconf 81' lang='lat'>8,</span> <span class='ocrx_word' id='word_1_88' title='bbox 989 996 1026 1036; x_wconf 81' lang='lat'>3.</span> <span class='ocrx_word' id='word_1_89' title='bbox 1055 996 1103 1036; x_wconf 90' lang='lat' dir='ltr'>ut</span> <span class='ocrx_word' id='word_1_90' title='bbox 1127 995 1244 1048; x_wconf 87' lang='lat' dir='ltr'>cujus</span> <span class='ocrx_word' id='word_1_91' title='bbox 1268 993 1450 1047; x_wconf 84' lang='lat' dir='ltr'>vestigia</span> <span class='ocrx_word' id='word_1_92' title='bbox 1473 994 1519 1036; x_wconf 92' lang='lat' dir='ltr'>in</span> <span class='ocrx_word' id='word_1_93' title='bbox 1540 993 1777 1048; x_wconf 78' lang='lat' dir='ltr'>fragilitate</span> 
     </span>
     <span class='ocr_line' id='line_1_13' title="bbox 216 1059 704 1122; baseline -0.004 -11"><span class='ocrx_word' id='word_1_94' title='bbox 216 1068 360 1122; x_wconf 86' lang='lat' dir='ltr'>gessit.</span> <span class='ocrx_word' id='word_1_95' title='bbox 701 1059 704 1062; x_wconf 39' lang='grc'>’</span> 
     </span>
    </p>

    <p class='ocr_par' dir='ltr' id='par_1_4' title="bbox 209 1129 1776 1976">
     <span class='ocr_line' id='line_1_14' title="bbox 268 1129 1776 1194; baseline -0.003 -13"><span class='ocrx_word' id='word_1_96' title='bbox 268 1139 384 1182; x_wconf 90' lang='lat' dir='ltr'>XIX.</span> <span class='ocrx_word' id='word_1_97' title='bbox 425 1139 562 1189; x_wconf 81' lang='lat' dir='ltr'>Quare</span> <span class='ocrx_word' id='word_1_98' title='bbox 600 1140 727 1181; x_wconf 88' lang='lat' dir='ltr'>etiam</span> <span class='ocrx_word' id='word_1_99' title='bbox 764 1153 851 1181; x_wconf 91' lang='lat' dir='ltr'>non</span> <span class='ocrx_word' id='word_1_100' title='bbox 889 1153 948 1180; x_wconf 79' lang='lat' dir='ltr'>ex</span> <span class='ocrx_word' id='word_1_101' title='bbox 987 1137 1372 1194; x_wconf 82' lang='lat' dir='ltr'>sanguinibus,</span> <span class='ocrx_word' id='word_1_102' title='bbox 1411 1139 1501 1178; x_wconf 92' lang='lat' dir='ltr'>aut</span> <span class='ocrx_word' id='word_1_103' title='bbox 1538 1129 1776 1178; x_wconf 82' lang='lat' dir='ltr'>libidine</span> 
     </span>
     <span class='ocr_line' id='line_1_15' title="bbox 217 1207 1775 1262; baseline -0.003 -9"><span class='ocrx_word' id='word_1_104' title='bbox 217 1213 397 1254; x_wconf 86' lang='lat' dir='ltr'>carnis</span> <span class='ocrx_word' id='word_1_105' title='bbox 435 1214 523 1253; x_wconf 91' lang='lat' dir='ltr'>aut</span> <span class='ocrx_word' id='word_1_106' title='bbox 562 1211 691 1262; x_wconf 87' lang='lat' dir='ltr'>viri,</span> <span class='ocrx_word' id='word_1_107' title='bbox 730 1211 782 1252; x_wconf 89' lang='lat' dir='ltr'>id</span> <span class='ocrx_word' id='word_1_108' title='bbox 823 1212 923 1262; x_wconf 90' lang='lat' dir='ltr'>est,</span> <span class='ocrx_word' id='word_1_109' title='bbox 963 1210 1129 1252; x_wconf 86' lang='lat' dir='ltr'>ratione</span> <span class='ocrx_word' id='word_1_110' title='bbox 1169 1208 1377 1260; x_wconf 90' lang='lat' dir='ltr'>seminali,</span> <span class='ocrx_word' id='word_1_111' title='bbox 1414 1208 1487 1250; x_wconf 88' lang='lat' dir='ltr'>sed</span> <span class='ocrx_word' id='word_1_112' title='bbox 1525 1208 1615 1250; x_wconf 89' lang='lat' dir='ltr'>sine</span> <span class='ocrx_word' id='word_1_113' title='bbox 1642 1207 1775 1250; x_wconf 88' lang='lat' dir='ltr'>inter-</span> 
     </span>
     <span class='ocr_line' id='line_1_16' title="bbox 215 1278 1775 1335; baseline -0.003 -10"><span class='ocrx_word' id='word_1_114' title='bbox 215 1286 344 1325; x_wconf 81' lang='lat' dir='ltr'>ventu</span> <span class='ocrx_word' id='word_1_115' title='bbox 366 1283 460 1335; x_wconf 89' lang='lat' dir='ltr'>viri,</span> <span class='ocrx_word' id='word_1_116' title='bbox 488 1284 530 1324; x_wconf 88' lang='lat' dir='ltr'>vi</span> <span class='ocrx_word' id='word_1_117' title='bbox 558 1281 743 1335; x_wconf 82' lang='lat' dir='ltr'>Spiritus</span> <span class='ocrx_word' id='word_1_118' title='bbox 774 1280 932 1333; x_wconf 78' lang='lat' dir='ltr'>Sancti,</span> <span class='ocrx_word' id='word_1_119' title='bbox 964 1296 1023 1323; x_wconf 87' lang='lat' dir='ltr'>ex</span> <span class='ocrx_word' id='word_1_120' title='bbox 1050 1280 1280 1323; x_wconf 88' lang='lat' dir='ltr'>muliere</span> <span class='ocrx_word' id='word_1_121' title='bbox 1312 1280 1483 1334; x_wconf 88' lang='lat' dir='ltr'>(cujus</span> <span class='ocrx_word' id='word_1_122' title='bbox 1512 1294 1689 1321; x_wconf 90' lang='lat' dir='ltr'>semen</span> <span class='ocrx_word' id='word_1_123' title='bbox 1712 1278 1775 1320; x_wconf 87' lang='lat' dir='ltr'>di-</span> 
     </span>
     <span class='ocr_line' id='line_1_17' title="bbox 216 1351 1773 1406; baseline -0.002 -11"><span class='ocrx_word' id='word_1_124' title='bbox 216 1355 324 1396; x_wconf 88' lang='lat' dir='ltr'>citur</span> <span class='ocrx_word' id='word_1_125' title='bbox 361 1353 462 1395; x_wconf 91' lang='lat' dir='ltr'>Gen.</span> <span class='ocrx_word' id='word_1_126' title='bbox 497 1352 553 1406; x_wconf 83' lang='lat'>3.)</span> <span class='ocrx_word' id='word_1_127' title='bbox 592 1356 634 1395; x_wconf 89' lang='lat' dir='ltr'>et</span> <span class='ocrx_word' id='word_1_128' title='bbox 670 1353 906 1406; x_wconf 86' lang='lat' dir='ltr'>virgine,</span> <span class='ocrx_word' id='word_1_129' title='bbox 946 1353 1044 1395; x_wconf 87' lang='lat' dir='ltr'>Esa.</span> <span class='ocrx_word' id='word_1_130' title='bbox 1084 1353 1120 1394; x_wconf 84' lang='lat'>7.</span> <span class='ocrx_word' id='word_1_131' title='bbox 1149 1352 1470 1406; x_wconf 87' lang='lat' dir='ltr'>progignendus</span> <span class='ocrx_word' id='word_1_132' title='bbox 1499 1351 1773 1405; x_wconf 82' lang='lat' dir='ltr'>praedicitur.</span> 
     </span>
     <span class='ocr_line' id='line_1_18' title="bbox 213 1423 1774 1478; baseline -0.002 -11"><span class='ocrx_word' id='word_1_133' title='bbox 213 1426 270 1468; x_wconf 84' lang='lat' dir='ltr'>Et</span> <span class='ocrx_word' id='word_1_134' title='bbox 307 1425 560 1467; x_wconf 87' lang='lat' dir='ltr'>nominatim</span> <span class='ocrx_word' id='word_1_135' title='bbox 589 1440 640 1467; x_wconf 84' lang='lat' dir='ltr'>ex</span> <span class='ocrx_word' id='word_1_136' title='bbox 668 1424 898 1466; x_wconf 89' lang='lat' dir='ltr'>muliere</span> <span class='ocrx_word' id='word_1_137' title='bbox 926 1424 1150 1478; x_wconf 83' lang='lat' dir='ltr'>virgine·</span> <span class='ocrx_word' id='word_1_138' title='bbox 1174 1424 1337 1465; x_wconf 88' lang='lat' dir='ltr'>beata</span> <span class='ocrx_word' id='word_1_139' title='bbox 1364 1423 1561 1475; x_wconf 86' lang='lat' dir='ltr'>Maria,</span> <span class='ocrx_word' id='word_1_140' title='bbox 1592 1423 1774 1476; x_wconf 86' lang='lat' dir='ltr'>despon-</span> 
     </span>
     <span class='ocr_line' id='line_1_19' title="bbox 214 1494 1771 1550; baseline -0.001 -12"><span class='ocrx_word' id='word_1_141' title='bbox 214 1500 305 1539; x_wconf 88' lang='lat' dir='ltr'>sata</span> <span class='ocrx_word' id='word_1_142' title='bbox 346 1497 515 1550; x_wconf 85' lang='lat' dir='ltr'>quidem</span> <span class='ocrx_word' id='word_1_143' title='bbox 544 1497 571 1540; x_wconf 85' lang='lat' dir='ltr'><strong>J</strong></span> <span class='ocrx_word' id='word_1_144' title='bbox 575 1497 749 1550; x_wconf 83' lang='lat' dir='ltr'>osepho,</span> <span class='ocrx_word' id='word_1_145' title='bbox 781 1497 834 1538; x_wconf 89' lang='lat' dir='ltr'>ad</span> <span class='ocrx_word' id='word_1_146' title='bbox 862 1496 1033 1548; x_wconf 88' lang='lat' dir='ltr'>famam,</span> <span class='ocrx_word' id='word_1_147' title='bbox 1064 1496 1245 1538; x_wconf 88' lang='lat' dir='ltr'>salutem</span> <span class='ocrx_word' id='word_1_148' title='bbox 1276 1497 1318 1537; x_wconf 89' lang='lat' dir='ltr'>et</span> <span class='ocrx_word' id='word_1_149' title='bbox 1347 1509 1490 1537; x_wconf 90' lang='lat' dir='ltr'>curam</span> <span class='ocrx_word' id='word_1_150' title='bbox 1517 1495 1618 1548; x_wconf 87' lang='lat' dir='ltr'>ejus,</span> <span class='ocrx_word' id='word_1_151' title='bbox 1647 1494 1771 1537; x_wconf 91' lang='lat' dir='ltr'>Matt.</span> 
     </span>
     <span class='ocr_line' id='line_1_20' title="bbox 214 1566 1774 1620; baseline -0.001 -11"><span class='ocrx_word' id='word_1_152' title='bbox 214 1569 249 1619; x_wconf 88' lang='lat'>1,</span> <span class='ocrx_word' id='word_1_153' title='bbox 293 1568 354 1610; x_wconf 82' lang='lat'>19.</span> <span class='ocrx_word' id='word_1_154' title='bbox 393 1568 456 1610; x_wconf 79' lang='lat'>20.</span> <span class='ocrx_word' id='word_1_155' title='bbox 495 1569 568 1610; x_wconf 85' lang='lat' dir='ltr'>sed</span> <span class='ocrx_word' id='word_1_156' title='bbox 605 1568 657 1609; x_wconf 86' lang='lat' dir='ltr'>ab</span> <span class='ocrx_word' id='word_1_157' title='bbox 696 1582 744 1610; x_wconf 92' lang='lat' dir='ltr'>eo</span> <span class='ocrx_word' id='word_1_158' title='bbox 783 1582 871 1609; x_wconf 91' lang='lat' dir='ltr'>non</span> <span class='ocrx_word' id='word_1_159' title='bbox 909 1568 1093 1620; x_wconf 89' lang='lat' dir='ltr'>cognita,</span> <span class='ocrx_word' id='word_1_160' title='bbox 1129 1582 1166 1608; x_wconf 88' lang='lat' dir='ltr'>v.</span> <span class='ocrx_word' id='word_1_161' title='bbox 1204 1567 1268 1608; x_wconf 79' lang='lat'>25.</span> <span class='ocrx_word' id='word_1_162' title='bbox 1307 1581 1358 1608; x_wconf 79' lang='lat' dir='ltr'>ex</span> <span class='ocrx_word' id='word_1_163' title='bbox 1386 1568 1504 1620; x_wconf 88' lang='lat' dir='ltr'>cujus</span> <span class='ocrx_word' id='word_1_164' title='bbox 1534 1566 1774 1608; x_wconf 88' lang='lat' dir='ltr'>substantia</span> 
     </span>
     <span class='ocr_line' id='line_1_21' title="bbox 210 1637 1771 1693; baseline -0.002 -12"><span class='ocrx_word' id='word_1_165' title='bbox 210 1639 461 1693; x_wconf 78' lang='lat' dir='ltr'>progenitus</span> <span class='ocrx_word' id='word_1_166' title='bbox 501 1642 577 1691; x_wconf 88' lang='lat' dir='ltr'>est,</span> <span class='ocrx_word' id='word_1_167' title='bbox 617 1637 709 1681; x_wconf 91' lang='lat' dir='ltr'>Gal.</span> <span class='ocrx_word' id='word_1_168' title='bbox 746 1638 784 1690; x_wconf 85' lang='lat'>4,</span> <span class='ocrx_word' id='word_1_169' title='bbox 815 1638 853 1680; x_wconf 84' lang='lat'>4.</span> <span class='ocrx_word' id='word_1_170' title='bbox 883 1637 1006 1680; x_wconf 86' lang='lat' dir='ltr'>Matt.</span> <span class='ocrx_word' id='word_1_171' title='bbox 1037 1639 1074 1690; x_wconf 86' lang='lat'>1,</span> <span class='ocrx_word' id='word_1_172' title='bbox 1105 1638 1167 1679; x_wconf 78' lang='lat'>18.</span> <span class='ocrx_word' id='word_1_173' title='bbox 1199 1638 1263 1689; x_wconf 83' lang='lat'>20,</span> <span class='ocrx_word' id='word_1_174' title='bbox 1294 1637 1411 1690; x_wconf 87' lang='lat' dir='ltr'>cujus</span> <span class='ocrx_word' id='word_1_175' title='bbox 1441 1638 1534 1690; x_wconf 89' lang='lat' dir='ltr'>ipse</span> <span class='ocrx_word' id='word_1_176' title='bbox 1561 1637 1771 1679; x_wconf 87' lang='lat' dir='ltr'>ventris</span> 
     </span>
     <span class='ocr_line' id='line_1_22' title="bbox 210 1707 1771 1765; baseline -0.001 -13"><span class='ocrx_word' id='word_1_177' title='bbox 210 1710 446 1765; x_wconf 81' lang='lat' dir='ltr'>fructus,</span> <span class='ocrx_word' id='word_1_178' title='bbox 473 1710 572 1753; x_wconf 90' lang='lat' dir='ltr'>Luc.</span> <span class='ocrx_word' id='word_1_179' title='bbox 604 1710 639 1762; x_wconf 90' lang='grc'>1,</span> <span class='ocrx_word' id='word_1_180' title='bbox 668 1711 732 1752; x_wconf 82' lang='grc'>42.</span> <span class='ocrx_word' id='word_1_181' title='bbox 764 1713 805 1752; x_wconf 91' lang='lat' dir='ltr'>et</span> <span class='ocrx_word' id='word_1_182' title='bbox 834 1710 928 1764; x_wconf 90' lang='lat' dir='ltr'>ipsa</span> <span class='ocrx_word' id='word_1_183' title='bbox 958 1710 1073 1763; x_wconf 85' lang='lat' dir='ltr'>ejus</span> <span class='ocrx_word' id='word_1_184' title='bbox 1102 1712 1292 1762; x_wconf 87' lang='lat' dir='ltr'>mater,</span> <span class='ocrx_word' id='word_1_185' title='bbox 1324 1711 1365 1751; x_wconf 90' lang='lat' dir='ltr'>et</span> <span class='ocrx_word' id='word_1_186' title='bbox 1393 1708 1479 1761; x_wconf 87' lang='lat' dir='ltr'>ille,</span> <span class='ocrx_word' id='word_1_187' title='bbox 1504 1708 1667 1762; x_wconf 85' lang='lat' dir='ltr'>hujus</span> <span class='ocrx_word' id='word_1_188' title='bbox 1691 1707 1771 1750; x_wconf 83' lang='lat' dir='ltr'>Fi-</span> 
     </span>
     <span class='ocr_line' id='line_1_23' title="bbox 209 1779 1771 1834; baseline -0.001 -12"><span class='ocrx_word' id='word_1_189' title='bbox 209 1781 338 1833; x_wconf 88' lang='lat' dir='ltr'>lius,</span> <span class='ocrx_word' id='word_1_190' title='bbox 379 1784 418 1823; x_wconf 80' lang='lat' dir='ltr'>et</span> <span class='ocrx_word' id='word_1_191' title='bbox 460 1782 630 1834; x_wconf 84' lang='lat' dir='ltr'>quidem</span> <span class='ocrx_word' id='word_1_192' title='bbox 659 1781 1088 1834; x_wconf 87' lang='lat' dir='ltr'>primogenitus,</span> <span class='ocrx_word' id='word_1_193' title='bbox 1119 1779 1286 1822; x_wconf 85' lang='lat' dir='ltr'>dicitur.</span> <span class='ocrx_word' id='word_1_194' title='bbox 1315 1780 1524 1833; x_wconf 87' lang='lat' dir='ltr'>Adeoque</span> <span class='ocrx_word' id='word_1_195' title='bbox 1549 1781 1599 1821; x_wconf 91' lang='lat' dir='ltr'>ut</span> <span class='ocrx_word' id='word_1_196' title='bbox 1628 1793 1771 1822; x_wconf 87' lang='lat' dir='ltr'>secun-</span> 
     </span>
     <span class='ocr_line' id='line_1_24' title="bbox 212 1848 1771 1905; baseline -0.002 -12"><span class='ocrx_word' id='word_1_197' title='bbox 212 1852 311 1893; x_wconf 87' lang='lat' dir='ltr'>dum</span> <span class='ocrx_word' id='word_1_198' title='bbox 349 1852 614 1893; x_wconf 84' lang='lat' dir='ltr'>divinitatem</span> <span class='ocrx_word' id='word_1_199' title='bbox 643 1851 819 1905; x_wconf 65' lang='grc' dir='ltr'>ἀμήτωρ,</span> <span class='ocrx_word' id='word_1_200' title='bbox 858 1851 976 1894; x_wconf 91' lang='lat' dir='ltr'>sine</span> <span class='ocrx_word' id='word_1_201' title='bbox 1004 1854 1197 1903; x_wconf 87' lang='lat' dir='ltr'>matre,</span> <span class='ocrx_word' id='word_1_202' title='bbox 1226 1851 1287 1893; x_wconf 87' lang='lat' dir='ltr'>ita</span> <span class='ocrx_word' id='word_1_203' title='bbox 1315 1851 1546 1893; x_wconf 87' lang='lat' dir='ltr'>secundum</span> <span class='ocrx_word' id='word_1_204' title='bbox 1574 1848 1771 1891; x_wconf 91' lang='lat' dir='ltr'>humani-</span> 
     </span>
     <span class='ocr_line' id='line_1_25' title="bbox 210 1922 1466 1976; baseline 0 -13"><span class='ocrx_word' id='word_1_205' title='bbox 210 1925 345 1964; x_wconf 89' lang='lat' dir='ltr'>tatem</span> <span class='ocrx_word' id='word_1_206' title='bbox 374 1922 556 1976; x_wconf 73' lang='grc' dir='ltr'>οέποὶτωρ,</span> <span class='ocrx_word' id='word_1_207' title='bbox 591 1922 707 1964; x_wconf 87' lang='lat' dir='ltr'>sine</span> <span class='ocrx_word' id='word_1_208' title='bbox 735 1926 912 1976; x_wconf 89' lang='lat' dir='ltr'>patre,</span> <span class='ocrx_word' id='word_1_209' title='bbox 945 1923 1193 1975; x_wconf 85' lang='lat' dir='ltr'>declaretur,</span> <span class='ocrx_word' id='word_1_210' title='bbox 1222 1922 1332 1965; x_wconf 83' lang='lat' dir='ltr'>Heb.</span> <span class='ocrx_word' id='word_1_211' title='bbox 1363 1922 1399 1975; x_wconf 87' lang='grc'>7,</span> <span class='ocrx_word' id='word_1_212' title='bbox 1428 1922 1466 1963; x_wconf 82' lang='lat'>3.</span> 
     </span>
    </p>

    <p class='ocr_par' dir='ltr' id='par_1_5' title="bbox 207 1991 1771 2264">
     <span class='ocr_line' id='line_1_26' title="bbox 262 1991 1769 2048; baseline -0.001 -14"><span class='ocrx_word' id='word_1_213' title='bbox 262 1993 354 2035; x_wconf 89' lang='lat' dir='ltr'>XX.</span> <span class='ocrx_word' id='word_1_214' title='bbox 392 1993 908 2047; x_wconf 88' lang='lat' dir='ltr'>Supernaturaliter</span> <span class='ocrx_word' id='word_1_215' title='bbox 945 1995 1090 2048; x_wconf 85' lang='lat' dir='ltr'>itaque</span> <span class='ocrx_word' id='word_1_216' title='bbox 1129 1996 1427 2048; x_wconf 89' lang='lat' dir='ltr'>conceptus</span> <span class='ocrx_word' id='word_1_217' title='bbox 1465 1994 1567 2044; x_wconf 91' lang='lat' dir='ltr'>est,</span> <span class='ocrx_word' id='word_1_218' title='bbox 1606 1991 1769 2034; x_wconf 88' lang='lat' dir='ltr'>scilicet</span> 
     </span>
     <span class='ocr_line' id='line_1_27' title="bbox 210 2062 1771 2120; baseline -0.002 -13"><span class='ocrx_word' id='word_1_219' title='bbox 210 2080 269 2107; x_wconf 87' lang='lat' dir='ltr'>ex</span> <span class='ocrx_word' id='word_1_220' title='bbox 307 2065 523 2118; x_wconf 79' lang='lat' dir='ltr'>Spiritu</span> <span class='ocrx_word' id='word_1_221' title='bbox 552 2065 774 2119; x_wconf 87' lang='lat' dir='ltr'>Sancto,</span> <span class='ocrx_word' id='word_1_222' title='bbox 804 2068 849 2109; x_wconf 91' lang='lat' dir='ltr'>id</span> <span class='ocrx_word' id='word_1_223' title='bbox 879 2069 953 2120; x_wconf 83' lang='lat' dir='ltr'>est,</span> <span class='ocrx_word' id='word_1_224' title='bbox 982 2068 1026 2109; x_wconf 85' lang='lat' dir='ltr'>vi</span> <span class='ocrx_word' id='word_1_225' title='bbox 1055 2067 1144 2120; x_wconf 89' lang='lat' dir='ltr'>ejus</span> <span class='ocrx_word' id='word_1_226' title='bbox 1173 2065 1419 2108; x_wconf 89' lang='lat' dir='ltr'>immediate</span> <span class='ocrx_word' id='word_1_227' title='bbox 1449 2065 1666 2118; x_wconf 86' lang='lat' dir='ltr'>operante,</span> <span class='ocrx_word' id='word_1_228' title='bbox 1696 2062 1771 2116; x_wconf 84' lang='lat' dir='ltr'>qui</span> 
     </span>
     <span class='ocr_line' id='line_1_28' title="bbox 207 2135 1769 2193; baseline -0.001 -16"><span class='ocrx_word' id='word_1_229' title='bbox 207 2136 252 2177; x_wconf 90' lang='lat' dir='ltr'>in</span> <span class='ocrx_word' id='word_1_230' title='bbox 289 2138 333 2177; x_wconf 90' lang='lat' dir='ltr'>et</span> <span class='ocrx_word' id='word_1_231' title='bbox 370 2151 420 2178; x_wconf 85' lang='lat' dir='ltr'>ex</span> <span class='ocrx_word' id='word_1_232' title='bbox 456 2137 621 2190; x_wconf 85' lang='lat' dir='ltr'>virgine</span> <span class='ocrx_word' id='word_1_233' title='bbox 658 2137 795 2180; x_wconf 89' lang='lat' dir='ltr'>Maria</span> <span class='ocrx_word' id='word_1_234' title='bbox 833 2139 1086 2193; x_wconf 88' lang='lat' dir='ltr'>sanguinem</span> <span class='ocrx_word' id='word_1_235' title='bbox 1115 2140 1157 2180; x_wconf 92' lang='lat' dir='ltr'>et</span> <span class='ocrx_word' id='word_1_236' title='bbox 1185 2151 1328 2180; x_wconf 88' lang='lat' dir='ltr'>semen</span> <span class='ocrx_word' id='word_1_237' title='bbox 1356 2135 1612 2190; x_wconf 83' lang='lat' dir='ltr'>decerptum,</span> <span class='ocrx_word' id='word_1_238' title='bbox 1640 2136 1769 2187; x_wconf 88' lang='lat' dir='ltr'>atque</span> 
     </span>
     <span class='ocr_line' id='line_1_29' title="bbox 208 2208 1770 2264; baseline -0.001 -16"><span class='ocrx_word' id='word_1_239' title='bbox 208 2209 330 2249; x_wconf 87' lang='lat' dir='ltr'>utero</span> <span class='ocrx_word' id='word_1_240' title='bbox 374 2211 626 2261; x_wconf 89' lang='lat' dir='ltr'>conceptum</span> <span class='ocrx_word' id='word_1_241' title='bbox 672 2209 926 2263; x_wconf 83' lang='lat' dir='ltr'>fecundavit,</span> <span class='ocrx_word' id='word_1_242' title='bbox 966 2213 1015 2251; x_wconf 92' lang='lat' dir='ltr'>ut</span> <span class='ocrx_word' id='word_1_243' title='bbox 1052 2210 1245 2264; x_wconf 90' lang='lat' dir='ltr'>ineptum</span> <span class='ocrx_word' id='word_1_244' title='bbox 1281 2208 1400 2260; x_wconf 89' lang='lat' dir='ltr'>alias,</span> <span class='ocrx_word' id='word_1_245' title='bbox 1439 2209 1589 2262; x_wconf 89' lang='lat' dir='ltr'>aptum</span> <span class='ocrx_word' id='word_1_246' title='bbox 1627 2220 1770 2248; x_wconf 85' lang='lat' dir='ltr'>semen</span> 
     </span>
    </p>
   </div>
   <div class='ocr_carea' id='block_1_3' title="bbox 205 2277 1770 3044">
    <p class='ocr_par' dir='ltr' id='par_1_6' title="bbox 205 2277 1770 2689">
     <span class='ocr_line' id='line_1_30' title="bbox 206 2277 1770 2370; baseline -0.001 -51"><span class='ocrx_word' id='word_1_247' title='bbox 206 2277 318 2320; x_wconf 88' lang='lat' dir='ltr'>foret</span> <span class='ocrx_word' id='word_1_248' title='bbox 346 2279 633 2331; x_wconf 83' lang='lat' dir='ltr'>generationi3</span> <span class='ocrx_word' id='word_1_249' title='bbox 664 2294 712 2322; x_wconf 87' lang='lat' dir='ltr'>ac</span> <span class='ocrx_word' id='word_1_250' title='bbox 740 2281 920 2333; x_wconf 87' lang='lat' dir='ltr'>proinde</span> <span class='ocrx_word' id='word_1_251' title='bbox 950 2282 1038 2334; x_wconf 86' lang='lat' dir='ltr'>ejus</span> <span class='ocrx_word' id='word_1_252' title='bbox 1066 2283 1263 2334; x_wconf 75' lang='lat' dir='ltr'>respectu</span> <span class='ocrx_word' id='word_1_253' title='bbox 1289 2279 1563 2370; x_wconf 29' lang='lat' dir='ltr'>singulayplter</span> <span class='ocrx_word' id='word_1_254' title='bbox 1585 2292 1672 2319; x_wconf 89' lang='lat' dir='ltr'>non</span> <span class='ocrx_word' id='word_1_255' title='bbox 1696 2291 1770 2330; x_wconf 88' lang='lat' dir='ltr'>ge-</span> 
     </span>
     <span class='ocr_line' id='line_1_31' title="bbox 206 2347 1770 2405; baseline 0 -16"><span class='ocrx_word' id='word_1_256' title='bbox 206 2349 322 2390; x_wconf 87' lang='lat' dir='ltr'>nitus</span> <span class='ocrx_word' id='word_1_257' title='bbox 359 2349 432 2391; x_wconf 91' lang='lat' dir='ltr'>sed</span> <span class='ocrx_word' id='word_1_258' title='bbox 467 2349 648 2392; x_wconf 84' lang='lat' dir='ltr'>factus</span> <span class='ocrx_word' id='word_1_259' title='bbox 687 2351 852 2404; x_wconf 88' lang='lat' dir='ltr'>dicitur,</span> <span class='ocrx_word' id='word_1_260' title='bbox 890 2351 1014 2394; x_wconf 87' lang='lat' dir='ltr'>Rom.</span> <span class='ocrx_word' id='word_1_261' title='bbox 1055 2352 1091 2405; x_wconf 87' lang='lat'>1,</span> <span class='ocrx_word' id='word_1_262' title='bbox 1128 2350 1177 2394; x_wconf 52' lang='lat'>3..</span> <span class='ocrx_word' id='word_1_263' title='bbox 1207 2351 1298 2394; x_wconf 89' lang='lat' dir='ltr'>Gal.</span> <span class='ocrx_word' id='word_1_264' title='bbox 1336 2351 1374 2403; x_wconf 85' lang='lat'>4,</span> <span class='ocrx_word' id='word_1_265' title='bbox 1412 2350 1457 2392; x_wconf 71' lang='grc'>4.</span> <span class='ocrx_word' id='word_1_266' title='bbox 1489 2349 1633 2401; x_wconf 89' lang='lat' dir='ltr'>Atque</span> <span class='ocrx_word' id='word_1_267' title='bbox 1660 2347 1770 2390; x_wconf 88' lang='lat' dir='ltr'>illud</span> 
     </span>
     <span class='ocr_line' id='line_1_32' title="bbox 206 2419 1769 2476; baseline -0.001 -15"><span class='ocrx_word' id='word_1_268' title='bbox 206 2420 380 2473; x_wconf 88' lang='lat' dir='ltr'>insuper</span> <span class='ocrx_word' id='word_1_269' title='bbox 414 2420 466 2462; x_wconf 89' lang='lat' dir='ltr'>ab</span> <span class='ocrx_word' id='word_1_270' title='bbox 498 2421 613 2463; x_wconf 89' lang='lat' dir='ltr'>omni</span> <span class='ocrx_word' id='word_1_271' title='bbox 642 2422 737 2464; x_wconf 87' lang='lat' dir='ltr'>labe</span> <span class='ocrx_word' id='word_1_272' title='bbox 768 2425 810 2464; x_wconf 88' lang='lat' dir='ltr'>et</span> <span class='ocrx_word' id='word_1_273' title='bbox 838 2423 1119 2475; x_wconf 88' lang='lat' dir='ltr'>immunditia,</span> <span class='ocrx_word' id='word_1_274' title='bbox 1151 2437 1272 2476; x_wconf 87' lang='lat' dir='ltr'>quae,</span> <span class='ocrx_word' id='word_1_275' title='bbox 1301 2424 1348 2464; x_wconf 92' lang='lat' dir='ltr'>ut</span> <span class='ocrx_word' id='word_1_276' title='bbox 1375 2422 1420 2464; x_wconf 90' lang='lat' dir='ltr'>in</span> <span class='ocrx_word' id='word_1_277' title='bbox 1450 2420 1600 2463; x_wconf 87' lang='lat' dir='ltr'>ceteris</span> <span class='ocrx_word' id='word_1_278' title='bbox 1628 2419 1769 2461; x_wconf 90' lang='lat' dir='ltr'>homi-</span> 
     </span>
     <span class='ocr_line' id='line_1_33' title="bbox 205 2490 1768 2547; baseline 0.001 -15"><span class='ocrx_word' id='word_1_279' title='bbox 205 2491 343 2543; x_wconf 86' lang='lat' dir='ltr'>nibus,</span> <span class='ocrx_word' id='word_1_280' title='bbox 371 2491 434 2533; x_wconf 90' lang='lat' dir='ltr'>ita</span> <span class='ocrx_word' id='word_1_281' title='bbox 464 2493 505 2533; x_wconf 89' lang='lat' dir='ltr'>et</span> <span class='ocrx_word' id='word_1_282' title='bbox 534 2491 670 2534; x_wconf 89' lang='lat' dir='ltr'>Maria</span> <span class='ocrx_word' id='word_1_283' title='bbox 698 2492 791 2546; x_wconf 85' lang='lat' dir='ltr'>fuit,</span> <span class='ocrx_word' id='word_1_284' title='bbox 821 2493 918 2536; x_wconf 86' lang='lat' dir='ltr'>Job.</span> <span class='ocrx_word' id='word_1_285' title='bbox 944 2495 983 2547; x_wconf 91' lang='grc'>4,</span> <span class='ocrx_word' id='word_1_286' title='bbox 1009 2495 1047 2536; x_wconf 90' lang='grc'>4.</span> <span class='ocrx_word' id='word_1_287' title='bbox 1077 2494 1146 2536; x_wconf 92' lang='lat' dir='ltr'>Ps.</span> <span class='ocrx_word' id='word_1_288' title='bbox 1175 2494 1239 2546; x_wconf 87' lang='lat'>51,</span> <span class='ocrx_word' id='word_1_289' title='bbox 1270 2494 1306 2536; x_wconf 88' lang='lat'>7.</span> <span class='ocrx_word' id='word_1_290' title='bbox 1336 2490 1566 2535; x_wconf 57' lang='lat' dir='ltr'>mundavit&gt;</span> <span class='ocrx_word' id='word_1_291' title='bbox 1582 2493 1625 2533; x_wconf 90' lang='lat' dir='ltr'>et</span> <span class='ocrx_word' id='word_1_292' title='bbox 1647 2505 1768 2533; x_wconf 86' lang='lat' dir='ltr'>sanc-</span> 
     </span>
     <span class='ocr_line' id='line_1_34' title="bbox 205 2560 1768 2617; baseline 0.001 -15"><span class='ocrx_word' id='word_1_293' title='bbox 205 2561 398 2614; x_wconf 83' lang='lat' dir='ltr'>tificavit,</span> <span class='ocrx_word' id='word_1_294' title='bbox 438 2564 480 2603; x_wconf 89' lang='lat' dir='ltr'>et</span> <span class='ocrx_word' id='word_1_295' title='bbox 518 2560 713 2604; x_wconf 87' lang='lat' dir='ltr'>sanctum</span> <span class='ocrx_word' id='word_1_296' title='bbox 749 2579 878 2616; x_wconf 88' lang='lat' dir='ltr'>porro</span> <span class='ocrx_word' id='word_1_297' title='bbox 919 2566 1204 2616; x_wconf 82' lang='lat' dir='ltr'>conservavit;</span> <span class='ocrx_word' id='word_1_298' title='bbox 1233 2565 1428 2617; x_wconf 85' lang='lat' dir='ltr'>ideoque,</span> <span class='ocrx_word' id='word_1_299' title='bbox 1459 2563 1601 2617; x_wconf 88' lang='lat' dir='ltr'>quod</span> <span class='ocrx_word' id='word_1_300' title='bbox 1627 2563 1682 2604; x_wconf 92' lang='lat' dir='ltr'>in</span> <span class='ocrx_word' id='word_1_301' title='bbox 1709 2577 1768 2605; x_wconf 88' lang='lat' dir='ltr'>ea</span> 
     </span>
     <span class='ocr_line' id='line_1_35' title="bbox 207 2633 1232 2689; baseline 0.006 -16"><span class='ocrx_word' id='word_1_302' title='bbox 207 2633 470 2685; x_wconf 89' lang='lat' dir='ltr'>genitum,</span> <span class='ocrx_word' id='word_1_303' title='bbox 502 2635 749 2675; x_wconf 87' lang='lat' dir='ltr'>sanctum</span> <span class='ocrx_word' id='word_1_304' title='bbox 778 2634 944 2687; x_wconf 87' lang='lat' dir='ltr'>dicitur,</span> <span class='ocrx_word' id='word_1_305' title='bbox 972 2635 1072 2678; x_wconf 89' lang='lat' dir='ltr'>Luc.</span> <span class='ocrx_word' id='word_1_306' title='bbox 1101 2637 1137 2689; x_wconf 83' lang='grc'>1,</span> <span class='ocrx_word' id='word_1_307' title='bbox 1167 2636 1232 2679; x_wconf 83' lang='grc'>35.</span> 
     </span>
    </p>

    <p class='ocr_par' dir='ltr' id='par_1_7' title="bbox 205 2702 1767 3044">
     <span class='ocr_line' id='line_1_36' title="bbox 259 2702 1766 2761; baseline 0.003 -18"><span class='ocrx_word' id='word_1_308' title='bbox 259 2702 372 2745; x_wconf 85' lang='lat' dir='ltr'>XXI.</span> <span class='ocrx_word' id='word_1_309' title='bbox 415 2703 559 2756; x_wconf 87' lang='lat' dir='ltr'>Atque</span> <span class='ocrx_word' id='word_1_310' title='bbox 597 2704 723 2758; x_wconf 87' lang='lat' dir='ltr'>hujus</span> <span class='ocrx_word' id='word_1_311' title='bbox 762 2706 1054 2759; x_wconf 88' lang='lat' dir='ltr'>conceptionis</span> <span class='ocrx_word' id='word_1_312' title='bbox 1092 2707 1533 2761; x_wconf 87' lang='lat' dir='ltr'>supernaturalis</span> <span class='ocrx_word' id='word_1_313' title='bbox 1570 2705 1688 2748; x_wconf 88' lang='lat' dir='ltr'>modi</span> <span class='ocrx_word' id='word_1_314' title='bbox 1724 2707 1766 2747; x_wconf 86' lang='lat' dir='ltr'>et</span> 
     </span>
     <span class='ocr_line' id='line_1_37' title="bbox 207 2772 1767 2832; baseline 0.003 -19"><span class='ocrx_word' id='word_1_315' title='bbox 207 2772 456 2816; x_wconf 83' lang='lat' dir='ltr'>efficientiae</span> <span class='ocrx_word' id='word_1_316' title='bbox 481 2774 665 2827; x_wconf 88' lang='lat' dir='ltr'>Spiritus</span> <span class='ocrx_word' id='word_1_317' title='bbox 696 2775 842 2818; x_wconf 89' lang='lat' dir='ltr'>Sancti</span> <span class='ocrx_word' id='word_1_318' title='bbox 863 2781 1072 2831; x_wconf 84' lang='lat' dir='ltr'>respectu,</span> <span class='ocrx_word' id='word_1_319' title='bbox 1094 2779 1248 2831; x_wconf 90' lang='lat' dir='ltr'>prior</span> <span class='ocrx_word' id='word_1_320' title='bbox 1272 2781 1315 2820; x_wconf 89' lang='lat' dir='ltr'>et</span> <span class='ocrx_word' id='word_1_321' title='bbox 1337 2777 1611 2832; x_wconf 89' lang='lat' dir='ltr'>posterior</span> <span class='ocrx_word' id='word_1_322' title='bbox 1625 2776 1767 2819; x_wconf 85' lang='lat' dir='ltr'>Adam</span> 
     </span>
     <span class='ocr_line' id='line_1_38' title="bbox 208 2843 1766 2902; baseline 0.004 -18"><span class='ocrx_word' id='word_1_323' title='bbox 208 2857 281 2884; x_wconf 89' lang='lat' dir='ltr'>seu</span> <span class='ocrx_word' id='word_1_324' title='bbox 304 2843 445 2896; x_wconf 89' lang='lat' dir='ltr'>homo,</span> <span class='ocrx_word' id='word_1_325' title='bbox 474 2847 523 2886; x_wconf 94' lang='lat' dir='ltr'>ut</span> <span class='ocrx_word' id='word_1_326' title='bbox 551 2846 625 2898; x_wconf 88' lang='lat' dir='ltr'>qui</span> <span class='ocrx_word' id='word_1_327' title='bbox 653 2846 882 2900; x_wconf 85' lang='lat' dir='ltr'>singularis</span> <span class='ocrx_word' id='word_1_328' title='bbox 910 2847 1053 2901; x_wconf 85' lang='lat' dir='ltr'>homo,</span> <span class='ocrx_word' id='word_1_329' title='bbox 1083 2864 1159 2891; x_wconf 85' lang='lat' dir='ltr'>suo</span> <span class='ocrx_word' id='word_1_330' title='bbox 1186 2850 1370 2902; x_wconf 89' lang='lat' dir='ltr'>quodam</span> <span class='ocrx_word' id='word_1_331' title='bbox 1391 2848 1520 2890; x_wconf 90' lang='lat' dir='ltr'>modo</span> <span class='ocrx_word' id='word_1_332' title='bbox 1543 2847 1766 2890; x_wconf 87' lang='lat' dir='ltr'>conferun-</span> 
     </span>
     <span class='ocr_line' id='line_1_39' title="bbox 205 2914 1766 2972; baseline 0.005 -19"><span class='ocrx_word' id='word_1_333' title='bbox 205 2914 277 2954; x_wconf 89' lang='lat' dir='ltr'>tur</span> <span class='ocrx_word' id='word_1_334' title='bbox 315 2915 357 2954; x_wconf 90' lang='lat' dir='ltr'>et</span> <span class='ocrx_word' id='word_1_335' title='bbox 395 2919 691 2968; x_wconf 89' lang='lat' dir='ltr'>opponuntur:</span> <span class='ocrx_word' id='word_1_336' title='bbox 722 2919 764 2959; x_wconf 88' lang='lat' dir='ltr'>et</span> <span class='ocrx_word' id='word_1_337' title='bbox 792 2917 866 2959; x_wconf 90' lang='lat' dir='ltr'>ille</span> <span class='ocrx_word' id='word_1_338' title='bbox 896 2932 947 2960; x_wconf 85' lang='lat' dir='ltr'>ex</span> <span class='ocrx_word' id='word_1_339' title='bbox 975 2920 1089 2961; x_wconf 89' lang='lat' dir='ltr'>terra</span> <span class='ocrx_word' id='word_1_340' title='bbox 1116 2919 1266 2972; x_wconf 86' lang='lat' dir='ltr'>factus,</span> <span class='ocrx_word' id='word_1_341' title='bbox 1297 2922 1339 2962; x_wconf 88' lang='lat' dir='ltr'>et</span> <span class='ocrx_word' id='word_1_342' title='bbox 1364 2918 1436 2961; x_wconf 91' lang='lat' dir='ltr'>hic</span> <span class='ocrx_word' id='word_1_343' title='bbox 1463 2919 1513 2960; x_wconf 87' lang='lat' dir='ltr'>de</span> <span class='ocrx_word' id='word_1_344' title='bbox 1545 2919 1663 2961; x_wconf 90' lang='lat' dir='ltr'>coelo</span> <span class='ocrx_word' id='word_1_345' title='bbox 1693 2919 1766 2961; x_wconf 87' lang='lat' dir='ltr'>de-</span> 
     </span>
     <span class='ocr_line' id='line_1_40' title="bbox 205 2984 1766 3044; baseline 0.004 -18"><span class='ocrx_word' id='word_1_346' title='bbox 205 2984 416 3027; x_wconf 81' lang='lat' dir='ltr'>scendisse</span> <span class='ocrx_word' id='word_1_347' title='bbox 453 2985 618 3040; x_wconf 86' lang='lat' dir='ltr'>dicitur,</span> <span class='ocrx_word' id='word_1_348' title='bbox 659 2987 834 3041; x_wconf 87' lang='lat' dir='ltr'>scilicet,</span> <span class='ocrx_word' id='word_1_349' title='bbox 874 3003 961 3031; x_wconf 90' lang='lat' dir='ltr'>non</span> <span class='ocrx_word' id='word_1_350' title='bbox 1002 2990 1143 3042; x_wconf 87' lang='lat' dir='ltr'>quoad</span> <span class='ocrx_word' id='word_1_351' title='bbox 1184 2991 1375 3044; x_wconf 85' lang='lat' dir='ltr'>corporis</span> <span class='ocrx_word' id='word_1_352' title='bbox 1415 2989 1652 3042; x_wconf 87' lang='lat' dir='ltr'>materiam,</span> <span class='ocrx_word' id='word_1_353' title='bbox 1693 2989 1766 3033; x_wconf 87' lang='lat' dir='ltr'>sed</span> 
     </span>
    </p>
   </div>
  </div>
 </body>
</html>
