1931 3224
265 134 343 176 556
826 133 1069 177 DISPUTATIO
1098 133 1271 176 XLVII.

265 259 491 311 signemus.
522 257 635 306 Quos
663 258 747 311 ipsi
774 257 970 299 tribuunt
993 257 1222 311 Pontificii,
1247 262 1346 302 sunt
1369 273 1545 314 prorsus
1568 260 1824 316 imaginarii,

265 330 315 371 de
353 329 617 381 Charactere,
652 330 741 382 jam
780 330 1002 383 explosum
1041 332 1105 372 est
1142 331 1255 383 quod
1293 331 1457 383 docent,
1487 331 1561 373 ubi
1591 335 1733 374 actum
1762 336 1825 376 est

266 401 315 442 de
354 400 638 442 Sacramentis
675 401 720 442 in
759 415 923 454 genere.
964 400 1179 443 Secundus
1208 402 1393 455 effectus,
1422 403 1543 456 isque
1571 405 1826 458 praecipuus

266 486 390 525 quem
428 471 511 524 ipsi
551 472 782 524 assignant,
823 475 887 513 est
927 472 1113 525 gratia
1151 476 1368 527 gratum
1395 474 1625 528 faciens,
1656 476 1826 529 major

265 557 418 597 quam
471 558 606 595 quae
655 543 708 584 in
750 543 1036 597 Baptismo
1082 544 1390 597 confertur,
1434 545 1486 587 in
1530 547 1721 589 ordine
1764 548 1827 590 ad

263 616 630 658 roborandam
673 616 903 657 animam
941 618 1134 658 contra
1172 615 1399 659 Diaboli
1436 618 1697 671 impetus,
1736 619 1827 661 sed

263 688 439 728 minor
468 688 521 728 in
547 687 736 729 ordine
762 687 822 729 ad
845 687 1048 729 remiss.
1074 688 1310 741 peccati,
1336 690 1384 729 ut
1410 688 1600 742 loquitur
1624 688 1825 732 Bellarm.

265 773 354 812 cap.
383 758 444 800 11.
469 757 560 800 Lib.
586 759 621 799 2.
646 758 696 800 (16
721 757 903 800 Sacram.
930 758 1116 800 confirm.
1140 758 1189 800 Id
1214 759 1437 801 confirmat
1463 760 1581 811 alius,
1607 775 1665 802 ex
1695 775 1826 803 com-

263 830 555 884 paratione
585 831 875 882 utriusque
905 830 1134 874 Sacram.
1161 845 1274 872 cum
1299 831 1658 884 generatione
1680 834 1730 873 et
1750 847 1826 875 ac-

265 904 512 946 cretione
551 902 845 955 corporali.
885 902 1022 952 Quia
1061 917 1152 955 per
1188 902 1324 945 hanc
1360 903 1531 945 multo
1560 903 1684 957 plus
1712 903 1849 945 5111)-ι
1919 906 1928 963 ‘f

264 975 506 1016 stantiae
547 974 791 1028 acquirit
832 974 986 1016 homo
1030 989 1184 1028 quam
1226 989 1320 1027 per
1361 974 1526 1016 illam.
1570 974 1691 1016 Cum
1727 975 1827 1017 ita-

265 1061 363 1099 que
400 1046 684 1100 Baptismo
722 1061 1112 1100 regeneremur
1141 1049 1191 1087 et
1218 1061 1312 1099 per
1342 1045 1827 1088 confirmationem

264 1118 325 1159 ad
366 1117 669 1171 perfectum
712 1118 928 1172 gratiae
971 1120 1176 1160 statum
1219 1132 1546 1170 crescamus,
1571 1117 1827 1176 *videmur

263 1203 358 1242 per
393 1189 528 1231 hanc
566 1189 690 1243 plus
727 1189 942 1243 gratiae
981 1189 1289 1242 acquirere,
1331 1204 1484 1242 quam
1521 1203 1615 1243 per
1652 1188 1825 1241 illam,

263 1260 415 1314 Aegid.
446 1261 495 1302 de
525 1260 726 1313 Coninck,
757 1263 918 1314 quaest.
949 1261 1012 1303 72.
1042 1263 1120 1303 art.
1151 1261 1174 1303 7
1204 1261 1300 1303 dub.
1330 1261 1439 1303 111110.

317 1331 369 1373 X.
393 1331 450 1373 Et
465 1334 779 1385 praeterquam,
797 1332 911 1385 quod
927 1332 1067 1386 gratia
1083 1347 1191 1385 quae
1207 1331 1429 1387 Baptismo
1447 1332 1710 1386 obsignatur,
1726 1335 1820 1375 toto

265 1403 378 1446 vitae
415 1405 609 1456 tempore
647 1402 691 1444 in
728 1403 925 1446 fidelibus
963 1403 1154 1457 augescit
1184 1406 1226 1445 et
1255 1403 1543 1456 confirmatur,
1573 1404 1663 1446 sine
1692 1404 1829 1446 subsi-

264 1474 399 1516 diaria
437 1474 699 1518 Sacramenti
738 1475 790 1516 ad
817 1476 861 1517 id
889 1475 1161 1529 peculiariter
1189 1474 1377 1516 instituti
1407 1489 1488 1528 ope
1500 1491 1509 1526 ;
1540 1475 1772 1518 similitudo
1805 1490 1829 1517 a

263 1545 291 1588 J
294 1548 429 1589 esuita
466 1547 606 1599 allata,
637 1547 838 1599 injuriam
865 1547 969 1589 facit
998 1546 1273 1589 Sacramento
1303 1545 1479 1598 Coenae,
1511 1547 1578 1589 cui
1606 1547 1712 1589 illud
1739 1562 1828 1589 ma-

262 1619 375 1660 xime
406 1619 604 1660 convenit
632 1622 855 1672 tamquam
883 1618 1098 1673 spirituali
1128 1618 1367 1670 alimoniae,
1395 1619 1551 1673 utplus
1567 1619 1846 1672 substantiaev

263 1691 544 1743 acquiramus,
587 1694 661 1732 aut
701 1691 854 1732 saltem
892 1691 1148 1744 acquisitam
1187 1705 1504 1741 conservemus3
1545 1691 1658 1743 quod
1697 1691 1825 1732 etiam

262 1762 312 1803 fit
350 1777 426 1816 per
463 1762 746 1805 ministerium
784 1763 916 1814 verbi,
955 1777 1040 1815 quo
1078 1762 1239 1803 utimur
1279 1761 1412 1804 donec
1450 1762 1736 1804 evadamus
1776 1763 1830 1804 in

262 1832 435 1874 virum
459 1833 780 1887 perfectum,
806 1834 867 1876 ad
891 1848 1194 1876 mensuram
1218 1835 1469 1875 staturae
1493 1833 1670 1875 adulti
1689 1832 1829 1875 Chri-

262 1906 356 1957 sti,
395 1905 507 1959 Eph.
544 1906 583 1958 4,
626 1907 686 1948 13.
725 1921 801 1961 per
840 1920 966 1959 quem
1004 1905 1200 1959 regeniti,
1240 1919 1317 1958 per
1355 1919 1486 1946 unum
1524 1904 1756 1958 Baptisma,
1788 1907 1831 1947 et

263 1993 433 2020 mensae
473 1978 563 2031 ejus
591 1980 812 2031 tamquam
840 1977 919 2019 filii
949 1979 990 2019 et
1018 1977 1222 2019 haeredes
1251 1976 1392 2018 Patris
1423 1976 1620 2028 adhibiti,
1651 1975 1826 2029 spiritu-

263 2050 374 2092 alem
412 2050 582 2102 quidem
620 2050 1035 2103 consanguinitatem
1065 2051 1106 2091 et
1136 2048 1390 2091 affinitatem
1422 2047 1727 2099 contrahimus,
1757 2047 1829 2089 sed

263 2136 371 2174 quae
399 2121 510 2163 inter
538 2121 683 2163 fideles
714 2123 908 2163 sanctum
935 2120 1255 2163 matrimonium
1280 2119 1615 2162 contrahendum
1639 2133 1726 2161 non
1750 2119 1831 2160 im-

261 2191 391 2245 pedit,
431 2206 508 2233 nec
547 2192 1035 2245 contractuni]'dirimit;
1072 2192 1228 2234 nedum
1256 2194 1304 2233 ut
1336 2191 1379 2233 id
1409 2191 1626 2233 credamus
1659 2191 1708 2232 de
1736 2190 1828 2232 affi-

265 2262 401 2303 nitate
440 2264 658 2304 contracta
695 2263 807 2304 inter
844 2262 1138 2304 Patrinum
1177 2265 1230 2304 et
1259 2262 1668 2314 confirmatum,
1702 2277 1828 2315 quam

261 2332 378 2374 velut
406 2333 635 2375 tertium
665 2333 948 2386 effectum,
980 2348 1029 2376 ex
1059 2348 1135 2375 suo
1165 2333 1440 2375 Sacramento
1471 2333 1584 2385 oriri,
1616 2332 1830 2375 somniant

261 2403 586 2447 Pontificiorum
617 2405 789 2459 aliptae.
820 2405 958 2447 Tolet:
987 2404 1186 2447 Instruct.
1217 2404 1383 2448 Sacerd.
1414 2405 1487 2447 lib.
1517 2406 1554 2447 2.
1580 2420 1612 2447 c.
1639 2405 1703 2446 24.

314 2475 386 2517 XI.
425 2476 492 2517 Ex
532 2476 655 2518 dictis
694 2476 797 2518 satis
827 2479 959 2530 patet,
990 2476 1274 2518 Histrioniam
1303 2476 1436 2528 illam,
1467 2476 1576 2518 nihil
1607 2490 1829 2518 commune

261 2546 420 2588 habere
461 2562 558 2589 cum
593 2547 870 2601 impositione
908 2562 1109 2589 manuum
1149 2548 1198 2590 de
1240 2562 1323 2600 qua
1360 2548 1455 2589 Act.
1497 2548 1533 2589 8.
1565 2549 1606 2589 61
1635 2548 1671 2590 9.
1702 2562 1830 2600 quam

261 2619 526 2672 recipiebant
565 2620 618 2661 ab
647 2620 872 2673 Apostolis
903 2620 934 2661 ii
963 2620 1036 2673 (1111
1066 2621 1109 2662 111
1137 2619 1330 2662 Samaria
1360 2623 1402 2662 et
1429 2620 1592 2674 Ephesi
1620 2619 1829 2674 baptizati

260 2688 452 2741 fuerunt3
494 2706 577 2744 qua
619 2690 729 2732 dona
758 2691 831 2732 illa
860 2691 1046 2745 Spiritus
1078 2691 1224 2733 Sancti
1254 2691 1689 2743 communicabantur,
1720 2705 1828 2744 quae

263 2762 441 2813 gratis
480 2763 606 2804 data
644 2778 668 2804 a
698 2762 972 2805 Scholasticis
1004 2763 1214 2815 dicuntur,
1244 2763 1294 2805 de
1325 2763 1479 2816 quibus
1507 2762 1635 2805 iidem
1664 2762 1828 2814 docent,

261 2832 403 2874 nihil
440 2849 754 2889 repugnare
783 2836 912 2888 quin
943 2835 1107 2877 etiam
1138 2835 1415 2877 exsistant
1443 2834 1497 2876 in
1524 2833 1829 2888 peccatori-

263 2903 372 2944 bus.
411 2904 552 2947 Lorin.
591 2906 635 2947 in
673 2906 767 2948 Act.
805 2906 958 2959 Apost.
990 2921 1022 2962 c.
1055 2907 1116 2948 19.
1142 2920 1249 2948 vers.
1279 2907 1316 2948 6.
1348 2905 1544 2948 Cornelio
1577 2904 1706 2946 etiam
1731 2907 1829 2947 ante

262 2973 545 3027 Baptismum,
586 2977 731 3018 eadem
770 2976 880 3018 dona
919 2992 1118 3019 concessa
1145 2977 1296 3028 fuisse3
1327 2977 1440 3030 quod
1469 2978 1722 3029 argumento
1752 2979 1827 3028 est,
