1931 3224
259 134 337 176 534
833 131 1076 175 DISPUTA'rIo
1105 131 1256 175 XLVI.

259 257 402 299 divino
432 257 661 300 lectionum
690 270 738 298 ac
766 270 940 310 precum
966 255 1119 308 officio,
1151 271 1209 298 ex
1240 255 1270 298 C
1283 271 1357 299 an.
1389 258 1424 299 1.
1457 257 1487 300 C
1499 272 1523 301 o
1535 259 1697 302 ncilii
1727 260 1824 303 Va-

259 329 472 372 lentini.
517 329 552 369 2.
593 341 672 380 pro
715 326 789 368 illa
831 329 952 380 parte
996 327 1208 380 liturgiae,
1253 342 1361 381 quae
1403 331 1467 371 est
1505 329 1558 371 ab
1597 330 1815 374 offertorio

259 415 391 454 usque
426 400 478 441 ad
516 399 654 450 finem,
690 412 742 439 ex
771 397 905 440 Alcu
916 397 968 439 in
979 412 1017 439 0.
1046 398 1083 439 3.
1111 412 1189 452 pro
1218 398 1501 442 celebratione
1531 401 1663 444 divini
1692 402 1823 446 officii

258 473 304 514 in
354 485 438 524 quo
488 468 762 511 Eucharistia
812 468 1151 522 consecrabatur,
1194 484 1216 512 e
1227 485 1255 510 x
1295 469 1327 511 L
1340 485 1361 512 e
1373 485 1396 513 o
1407 486 1436 512 n
1447 486 1489 524 e,
1534 470 1570 513 G
1580 487 1601 514 r
1612 487 1633 515 e
1644 487 1673 526 g
1684 488 1708 516 o
1719 473 1822 527 rio,

259 541 465 593 Felice,
507 542 545 582 4.
591 541 839 582 Concilio
882 540 1209 594 Agathensi,
1251 544 1302 583 et
1339 542 1746 586 Aurelianensi.
1785 545 1822 587 4.

260 627 338 666 pro
376 612 481 666 ipsis
519 612 709 654 collectis
747 626 821 653 seu
859 611 1056 665 precibus
1093 627 1202 665 quae
1235 612 1433 655 dicuntur
1460 614 1505 655 in
1534 613 1741 669 Liturgia,
1772 631 1823 658 ex

261 684 376 726 Can.
416 684 437 724 1
451 684 487 724 2.
526 682 591 725 Co
603 698 631 724 n
645 683 718 725 cil
755 682 1086 726 Milevitani.
1124 683 1270 737 Atque
1302 684 1375 726 hic
1405 685 1714 728 observandum
1744 690 1818 740 est,

258 755 422 796 nullam
458 754 637 796 istarum
674 754 969 808 acceptionum
1006 754 1181 809 probari
1223 770 1274 797 ex
1312 754 1439 797 Sacra
1477 755 1720 809 Scriptura3
1746 773 1824 800 nec

259 825 566 868 Bellarminum
595 840 646 867 ex
674 825 853 867 Patrum
881 824 1073 879 Scriptis,
1105 840 1126 867 e
1156 825 1310 879 quibus
1337 841 1406 869 eas
1430 830 1633 880 recenset,
1650 829 1822 871 demon-

259 900 406 949 strare,
447 897 560 949 quod
597 897 973 939 demonstrandum
1010 897 1095 950 ipsi
1134 899 1237 950 erat,
1267 897 1457 951 Missam,
1487 899 1660 952 scilicet,
1691 915 1716 941 a
1742 899 1824 942 Pa-

258 968 395 1010 tribus
434 967 693 1010 Orthodoxis
729 982 809 1022 pro
846 968 923 1010 tali
961 969 1154 1022 agnitam
1188 968 1319 1011 fuisse
1355 970 1578 1023 sacrificio,
1617 971 1742 1024 quale
1770 971 1823 1013 ab

258 1039 352 1092 ipso
382 1038 561 1091 aliisque
589 1038 849 1081 Doctoribus
878 1038 1218 1082 Romanensibus
1247 1040 1458 1083 definitur.

314 1109 431 1152 XIII.
464 1109 595 1152 Missa
624 1112 782 1153 etenim
809 1111 861 1153 ab
890 1111 975 1153 illis
1003 1111 1215 1165 definitur,
1244 1112 1497 1154 sacrificium
1526 1115 1748 1155 externum
1776 1128 1825 1156 ac

261 1181 610 1237 propitiatorium
647 1197 743 1224 vere
781 1185 823 1224 et
859 1183 1031 1238 proprie
1069 1183 1240 1236 dictum,
1282 1199 1366 1236 quo
1406 1183 1565 1225 Christi
1595 1198 1748 1238 corpus
1776 1199 1825 1227 ac

262 1255 434 1308 sanguis
471 1254 548 1296 sub
586 1254 807 1308 speciebus
848 1256 972 1308 panis
1008 1270 1056 1297 ac
1091 1255 1179 1297 vini
1212 1271 1236 1298 a
1265 1254 1492 1298 Sacerdote
1520 1271 1600 1310 pro
1629 1255 1823 1299 vivorum

263 1342 312 1370 ac
361 1329 630 1369 mortuorum
679 1327 866 1381 peccatis
915 1327 1162 1369 immolatur
1213 1330 1342 1381 atque
1389 1327 1576 1370 offertur.
1620 1327 1650 1370 C
1664 1343 1687 1371 o
1699 1343 1727 1370 n
1739 1328 1822 1371 cil.

263 1399 505 1442 Trident.
535 1414 657 1441 sess.
689 1399 760 1441 22.
791 1413 897 1452 cap.
928 1398 966 1440 1.
996 1398 1171 1440 Faber
1199 1399 1258 1441 de
1286 1398 1454 1441 Missa
1482 1399 1823 1453 Evangelica

263 1470 372 1513 Lib.
410 1473 445 1513 2.
485 1485 593 1524 cap.
636 1471 670 1512 1.
708 1469 912 1512 Eckius
948 1469 1001 1511 in
1037 1470 1217 1512 tribus
1256 1471 1422 1512 libris
1453 1471 1512 1513 de
1540 1471 1824 1513 sacrificio

263 1542 475 1585 Missae.
515 1543 812 1595 Cajetanus
850 1543 1009 1584 tract.
1047 1542 1118 1583 10.
1147 1544 1268 1583 tom.
1302 1542 1338 1584 3.
1370 1542 1429 1584 de
1460 1542 1642 1585 eodem
1671 1557 1826 1596 argu-

263 1616 416 1657 ment.
446 1613 481 1655 B
497 1613 701 1655 ellarm.
731 1613 791 1654 de
819 1611 1004 1665 Missa,
1034 1612 1142 1655 Lib.
1173 1614 1208 1654 l.
1239 1628 1347 1668 cap.
1377 1614 1414 1655 5.
1444 1616 1522 1656 etc.

315 1685 430 1727 XIV.
460 1684 582 1727 Nihil
609 1684 699 1726 veri
726 1684 771 1725 in
800 1683 1105 1726 assertionibus
1129 1683 1230 1726 huic
1255 1684 1493 1726 definitioni
1516 1684 1700 1738 aspersis
1726 1699 1826 1727 con-

262 1758 434 1800 tinetur.
477 1755 591 1799 Nam
632 1756 771 1810 prima
813 1756 1006 1808 assertio,
1045 1754 1145 1798 Mis
1157 1770 1175 1797 s
1187 1771 1211 1798 a
1250 1771 1271 1798 e
1284 1758 1331 1798 st
1370 1771 1388 1798 s
1400 1771 1424 1798 a
1435 1771 1456 1798 c
1467 1771 1488 1797 r
1498 1755 1513 1797 i
1523 1755 1565 1797 fi
1576 1755 1623 1797 ci
1635 1771 1661 1797 u
1672 1771 1714 1797 m
1745 1771 1825 1798 ex-

262 1831 313 1872 te
324 1844 383 1870 rn
394 1843 494 1881 um,
521 1828 616 1882 ipso
646 1827 908 1870 Bellarmino
933 1827 1087 1881 judice,
1115 1841 1202 1869 non
1230 1829 1294 1870 est
1321 1842 1422 1870 vero
1452 1829 1746 1870 consentanea.
1774 1826 1826 1870 In

264 1900 378 1942 omni
408 1899 520 1942 enim
549 1899 755 1942 sacrificio
785 1901 974 1951 externo,
999 1901 1041 1941 et
1064 1899 1239 1953 proprie
1263 1899 1378 1942 dicto
1405 1899 1471 1952 (ut
1492 1899 1685 1952 loquitur
1709 1898 1826 1941 Bel-

262 1971 528 2013 larminus
566 1969 673 2012 Lib.
714 1971 749 2012 1.
791 1971 849 2012 de
883 1969 1070 2023 Missa,
1100 1985 1210 2024 cap.
1239 1969 1296 2024 2.)
1327 1969 1572 2023 requiritur,
1600 1971 1648 2011 ut
1677 1969 1731 2011 sit
1759 1984 1826 2011 res
1920 1955 1931 1978 ⁷

263 2042 406 2096 aliqua
432 2042 597 2085 sensilis
623 2057 731 2095 quae
761 2042 976 2084 offeratur.
1001 2042 1061 2083 At
1084 2056 1152 2084 res
1178 2056 1286 2095 quae
1309 2042 1355 2083 in
1378 2041 1509 2084 Missa
1534 2056 1559 2083 a
1582 2040 1826 2097 sacrificulis

265 2114 407 2155 offerri
445 2113 612 2166 dicitur,
649 2113 849 2155 nimirum
887 2128 984 2155 caro
1026 2112 1196 2166 Christi,
1234 2113 1349 2156 nullo
1388 2116 1515 2167 pacto
1555 2113 1720 2156 sensilis
1749 2115 1825 2166 est,

265 2200 360 2227 cum
395 2200 472 2227 nec
508 2185 613 2238 ipsis
650 2187 823 2239 praesto
862 2185 930 2237 sit,
959 2200 1036 2227 nec
1065 2184 1256 2237 visibilis,
1286 2200 1363 2227 nec
1392 2184 1572 2237 tactilis;
1601 2186 1754 2238 utpote
1781 2184 1826 2226 in

265 2257 382 2299 coelo
420 2272 531 2299 nunc-
561 2256 756 2309 existens,
786 2257 930 2310 ibique
958 2271 1156 2299 mansura
1184 2271 1319 2309 usque
1348 2257 1400 2298 ad
1427 2258 1624 2309 tempora
1652 2256 1826 2298 restitu-

264 2328 394 2370 tionis
424 2329 624 2380 omnium,
655 2330 764 2370 teste
792 2328 1004 2383 Apostolo
1033 2328 1176 2380 Petro,
1205 2328 1351 2371 Actor.
1380 2329 1417 2381 3,
1447 2328 1510 2370 21.

317 2399 410 2441 XV.
450 2399 641 2442 Secunda
677 2400 866 2453 assertio,
904 2400 1072 2443 Missa
1110 2403 1188 2442 est
1226 2399 1566 2442 sacrificium
1593 2399 1827 2455 propiti-

265 2471 502 2514 atorium
540 2486 662 2513 vere
701 2474 751 2513 et
787 2471 1015 2525 proprie
1054 2472 1277 2524 dictum,
1307 2474 1521 2525 repugnat
1550 2471 1827 2513 affirmationi

264 2543 476 2596 Apostoli,
516 2543 676 2597 triplici
712 2543 917 2586 antithesi
952 2543 1065 2585 inter
1102 2543 1385 2585 sacerdotium
1422 2542 1580 2585 Christi
1617 2545 1661 2585 et
1688 2557 1827 2585 sacer-

266 2614 413 2656 dotum
464 2614 762 2667 Leviticorum,
818 2616 1080 2657 ostendentis
1124 2614 1282 2657 Christi
1324 2615 1578 2658 sacrificium
1619 2614 1664 2656 in
1705 2629 1826 2657 cruce

265 2688 497 2738 peractum,
537 2678 626 2728 esse
664 2687 836 2729 unicum
864 2686 1118 2730 sacrificium
1147 2687 1443 2740 expiatorium.
1475 2686 1662 2736 Quarum
1688 2686 1827 2739 prima

269 2756 492 2799 antithesis
533 2760 608 2810 est,
647 2758 761 2811 quod
797 2758 875 2800 sub
913 2758 1062 2800 Veteri
1092 2757 1366 2800 Testamento
1395 2757 1537 2812 plures
1565 2756 1722 2799 fuerint
1750 2755 1826 2799 Sa-

269 2827 472 2879 cerdotes,
517 2829 593 2870 sub
631 2827 770 2881 Novo,
809 2829 969 2872 unicus.
1008 2828 1105 2871 Illi
1145 2829 1360 2882 quidem
1397 2827 1553 2882 (inquit
1589 2827 1826 2882 Apostolus

268 2895 397 2939 Hebr.
434 2898 471 2949 7,
508 2899 572 2940 23.
611 2898 695 2953 24.)
738 2900 925 2953 plures
963 2900 1101 2943 facti
1137 2902 1262 2943 sunt
1298 2900 1646 2952 Sacerdotes,
1685 2899 1826 2953 quod

269 2982 410 3010 mors
434 2968 756 3021 prohiberet
782 2985 870 3013 eos
894 2985 1233 3025 permanere:
1258 2972 1328 3015 At
1350 2971 1477 3024 iste,
1502 2973 1825 3025 propterea,
1908 2984 1916 2988 ·
