1931 3224
212 147 289 187 296
786 144 1028 186 DISPUTATIO
1060 141 1195 184 XXX.

208 270 247 321 2,
290 270 324 311 1.
363 271 400 311 3.
439 272 480 311 et
517 270 554 322 4,
593 271 654 312 18.
693 269 780 311 Col.
821 269 855 319 1,
896 268 958 308 21.
998 266 1171 309 tametsi
1211 265 1283 307 alii
1321 266 1472 318 minus,
1511 267 1584 308 alii
1621 267 1770 321 magis,

210 357 329 383 suam
359 341 615 395 pravitatem
647 340 906 382 extrinsecus
936 338 1211 392 patefaciant.

260 411 418 453 XVIII.
459 411 541 460 Qui
577 427 598 453 e
638 411 850 453 contrario
879 408 1066 461 aliquam
1093 407 1305 449 humanae
1333 409 1510 450 naturae
1541 411 1767 462 corruptae

209 483 492 537 aptitudinem
529 482 581 523 ad
617 480 957 534 respondendum
986 478 1078 520 Deo
1107 477 1277 519 vocanti
1307 477 1559 531 attribuunt,
1588 479 1633 531 ii,
1663 494 1770 532 quae

207 556 305 595 sunt
356 552 666 606 distinguenda,
714 550 991 601 confundunt,
1037 548 1290 602 aptitudinis
1334 549 1492 591 scilicet
1534 550 1770 603 subJ'ectum

210 627 251 666 et
289 624 537 679 aptitudinis
573 623 758 664 modum.
796 621 913 662 Illius
950 622 1146 674 respectu
1188 620 1315 662 homo
1346 621 1511 663 ratione
1540 622 1771 675 praeditus,

208 697 420 749 brutoque
451 694 622 736 animali
653 694 989 746 ἀντιδικκριτικῶς
1021 691 1258 745 oppositus,
1288 694 1402 733 recte
1428 692 1481 733 ad
1506 691 1611 744 Deo,
1637 709 1662 735 a
1686 708 1770 746 quo

208 769 393 819 vocatur,
433 765 753 808 auscultandum
784 766 910 818 aptus
939 763 1114 813 dicitur;
1145 763 1271 816 hujus
1303 778 1401 805 vero
1432 767 1640 817 respectu,
1670 780 1771 807 eun-

209 839 303 880 dem
333 838 385 879 ad
413 837 493 879 Dei
521 836 714 878 vocantis
744 835 1096 877 auscultationem
1125 848 1300 887 prorsus
1326 834 1520 888 ineptum
1545 850 1634 878 esse
1659 851 1771 879 asse-

208 909 351 950 rimus.
1658 915 1659 920 ’

260 979 373 1021 XIX.
404 979 556 1021 Modus
586 978 742 1020 etenim
771 977 1024 1031 aptitudinis
1055 992 1128 1019 seu
1157 977 1377 1030 potentiae
1405 977 1449 1018 in
1477 978 1773 1031 peccatoribus

209 1051 261 1092 ad
298 1050 388 1092 Deo
417 1050 587 1092 vocanti
618 1049 955 1099 auscultandum,
985 1063 1062 1090 nec
1092 1050 1156 1090 est
1186 1063 1210 1090 a
1242 1063 1366 1090 caeco
1395 1049 1551 1091 mentis
1579 1049 1773 1103 ipsorum

212 1122 347 1173 oculo,
386 1136 462 1163 1100
501 1121 554 1162 ab
593 1121 765 1173 obliquo
795 1119 1028 1162 voluntatis
1070 1120 1280 1173 appetitu,
1309 1135 1387 1161 nec
1417 1135 1441 1161 a
1469 1121 1606 1162 surdis
1636 1120 1772 1162 carnis

212 1193 445 1243 affectibus,
485 1192 558 1234 sed
594 1192 663 1233 hic
701 1192 753 1232 iis
793 1206 817 1232 a
854 1190 946 1232 Deo
977 1190 1150 1242 inditur,
1181 1191 1335 1243 quibus
1364 1206 1485 1233 aures
1516 1191 1589 1232 dat
1617 1191 1670 1233 ad
1698 1207 1772 1233 au-

212 1264 423 1315 diendum,
464 1263 608 1305 oculos
648 1263 699 1304 ad
735 1262 972 1314 videndum,
1015 1277 1063 1303 ac
1102 1262 1229 1316 pedes
1258 1262 1309 1303 ad
1338 1263 1683 1316 investigandum
1711 1277 1772 1314 ea,

211 1350 319 1389 qnae
361 1335 485 1376 nobis
524 1334 576 1375 ad
612 1334 778 1374 animae
806 1333 985 1375 salutem
1013 1333 1057 1374 in
1086 1332 1255 1374 Christo
1287 1333 1554 1375 exhibentur.
1586 1333 1678 1382 Quo
1707 1348 1773 1375 10-

213 1405 393 1460 spiciens
422 1403 734 1445 Bernardus
766 1404 837 1456 ait,
863 1403 1002 1453 Deum
1026 1404 1110 1445 tria
1133 1405 1177 1446 in
1202 1404 1325 1446 nobis
1352 1405 1533 1457 operari,
1559 1404 1772 1457 nimirum,

220 1477 471 1529 cogitare
509 1476 725 1528 bonum,
755 1476 895 1518 Velle
924 1476 1143 1528 bonum,
1176 1478 1227 1518 et
1254 1475 1531 1528 perficere
1557 1477 1772 1529 bonum,

212 1547 303 1590 Lib.
333 1547 383 1588 de
412 1546 528 1588 Grat.
559 1549 600 1588 et
630 1546 721 1588 Lib.
752 1547 914 1588 Arbitr.

266 1619 359 1661 XX.
389 1618 558 1660 Bonum
587 1618 703 1670 illud,
731 1619 797 1660 vel
827 1622 891 1660 est
920 1618 1068 1660 salutis
1097 1634 1145 1660 ac
1174 1618 1395 1661 beatitatis
1425 1621 1621 1660 aeternae
1650 1618 1773 1661 nobis

213 1692 257 1732 in
296 1690 422 1733 coelis
459 1692 648 1744 paratae,
687 1690 755 1731 vel
795 1693 858 1732 est
890 1690 1085 1743 justitiae
1115 1689 1206 1733 Deo
1237 1691 1398 1743 gratae,
1427 1704 1590 1742 nosque
1620 1689 1673 1731 ad
1701 1689 1774 1731 be-

212 1763 408 1804 atitatem
459 1762 575 1804 illam
623 1762 892 1804 deducentis:
922 1761 1164 1814 Utrumque
1206 1761 1367 1802 bonum
1408 1760 1537 1802 homo
1580 1760 1774 1802 animalis

211 1835 395 1888 ignorat,
435 1836 544 1875 teste
582 1833 807 1887 Apostolo,
840 1834 860 1874 1
893 1832 985 1874 Cor.
1013 1833 1051 1885 2,
1083 1833 1144 1873 14.
1175 1833 1200 1873 2
1233 1832 1326 1874 Cor.
1358 1833 1395 1884 3,
1425 1833 1461 1874 5.
1492 1832 1671 1884 ideoque
1698 1846 1775 1874 1100

213 1905 262 1946 de
298 1906 481 1957 utroque
518 1904 631 1946 bono
669 1906 783 1946 recte
821 1904 1063 1957 dijudicare,
1103 1919 1180 1945 1100
1218 1906 1445 1957 utrumque
1476 1906 1575 1958 apte
1605 1904 1774 1958 eligere,

212 1991 289 2018 1100
317 1977 426 2018 80110
457 1976 656 2029 persequi
684 1978 840 2029 potest.

265 2047 381 2090 XXI.
413 2047 776 2096 Quemadmodum
804 2049 1033 2100 utrumque
1061 2046 1167 2088 illud
1195 2047 1354 2088 bonum
1383 2045 1508 2088 nobis
1532 2061 1609 2100 per
1634 2046 1775 2089 Evan-

213 2118 314 2172 gelii
363 2118 722 2173 praedicationem
766 2118 952 2169 offertur,
996 2118 1056 2159 sic
1100 2116 1285 2171 Spiritus
1329 2116 1509 2159 Sanctus
1552 2118 1682 2159 serias
1725 2118 1775 2160 de

213 2191 396 2242 utroque
435 2189 718 2242 cogitationes
747 2204 795 2231 ac
824 2189 943 2242 pium
971 2189 1193 2241 utriusque
1224 2188 1478 2231 desiderium
1505 2189 1550 2230 in
1579 2189 1774 2231 cordibus

215 2260 374 2303 nostris
405 2260 609 2302 accendit.
1405 2249 1407 2251 ’

265 2330 401 2373 XXII.
446 2330 555 2372 Illud
597 2330 699 2372 boni
742 2330 998 2372 desiderium
1042 2330 1094 2371 ab
1134 2345 1182 2373 eo
1220 2330 1361 2372 differt
1401 2331 1622 2383 desiderio,
1663 2331 1776 2385 quod

215 2401 471 2457 Philosophi
513 2416 615 2443 voce
658 2401 934 2443 beatitudinis
976 2401 1020 2442 in
1066 2401 1152 2442 suis
1193 2402 1359 2444 Ethicis
1412 2403 1628 2445 definiunt.
1680 2402 1776 2445 Hoc

217 2473 329 2515 enim
369 2475 433 2515 est
470 2488 520 2515 ex
556 2472 761 2514 instinctu
798 2471 995 2524 naturali,
1033 2471 1137 2513 illud
1167 2487 1217 2513 ex
1248 2487 1420 2514 assensu
1448 2473 1776 2527 supernaturali,

216 2559 369 2599 nempe
407 2544 506 2586 fidei
542 2544 586 2585 in
623 2543 771 2585 Jesum
810 2542 1036 2584 Christum.
1074 2542 1169 2585 Hoc
1207 2543 1402 2585 omnibus
1440 2559 1662 2587 commune
1698 2547 1774 2597 est,

218 2616 292 2668 qui
320 2616 364 2657 in
393 2615 558 2656 Adamo
589 2616 833 2667 nascuntur,
863 2614 968 2656 illud
995 2614 1047 2655 iis
1074 2615 1299 2667 proprium
1329 2617 1402 2668 est,
1432 2616 1505 2669 qui
1532 2616 1576 2657 in
1605 2615 1774 2658 Christo

218 2689 506 2729 renascuntur.

270 2757 427 2800 XXIII.
469 2750 555 2807 Qui
583 2750 640 2800 01(
678 2758 750 2800 1110
788 2757 1103 2812 supernaturali
1138 2758 1236 2800 fidei
1265 2771 1438 2800 assensu
1465 2772 1541 2811 per
1568 2755 1775 2811 Spiritum

216 2827 419 2870 Sanctum
454 2829 500 2871 in
540 2829 735 2870 cordibus
774 2829 932 2870 nostris
971 2843 1158 2880 accenso,
1185 2830 1276 2882 jam
1305 2830 1404 2870 ante
1430 2827 1475 2869 in
1502 2827 1554 2869 iis
1582 2828 1776 2870 naturale

216 2913 340 2941 verae
369 2899 645 2942 beatitudinis
675 2900 912 2954 Evangelio
937 2900 1176 2954 patefactae
1201 2899 1454 2942 desiderium
1478 2899 1652 2940 latuisse
1670 2913 1776 2945 con-

214 2969 379 3022 jiciunt,
408 2970 453 3011 hi
482 2986 567 3012 non
595 2971 735 3012 minus
762 2972 907 3024 inepte
935 2973 1300 3024 argumentantur,
1331 2985 1459 3023 quam
1484 2970 1519 3011 si
1543 2984 1678 3022 aquae
1700 2984 1776 3024 per
