1931 3224
217 176 294 217 244
789 173 1029 217 DISPUTATIO
1057 172 1192 215 XXV.

214 299 328 347 Quae
373 298 619 351 hypostasis
665 313 714 339 ex
753 298 894 339 divina
933 299 974 339 et
1011 296 1198 339 humana
1236 297 1390 337 natura
1425 296 1487 338 ita
1525 297 1772 349 constituta,

211 384 297 411 non
327 372 469 410 autem
498 369 746 422 composita,
778 368 1049 420 Christus,
1080 367 1361 420 Emanuel,
1394 381 1469 409 seu
1497 366 1772 421 θεοίνθρωπος,

212 440 250 481 D
263 455 284 482 e
294 455 322 481 11
334 455 352 481 s
382 440 411 481 h
424 454 447 482 o
459 455 502 481 111
513 454 536 481 o
570 440 824 493 appellatur.

263 511 440 554 XXVII.
483 511 602 552 Haec
645 513 786 552 autem
830 510 1006 551 duarum
1047 512 1365 552 naturarum
1404 509 1510 564 (non
1545 510 1772 564 naturalis)

211 584 283 624 sed
333 581 650 636 personalis
695 581 799 633 (non
840 581 1138 635 personarum)
1179 582 1331 634 unio,
1371 581 1487 624 facta
1529 584 1592 624 est
1633 582 1773 636 primo

211 653 457 706 ἀσυγχύτους
485 655 526 694 et
553 653 773 705 ἀτρέπτως,
811 651 1100 694 inconfuse
1137 653 1189 694 et
1227 652 1676 704 immutabiliter3
1712 653 1774 695 ita

209 729 256 766 ut
292 726 397 766 duae
425 727 613 776 naturae,
645 738 872 776 earumque
902 723 1150 765 essentiales
1180 725 1467 778 proprietates
1497 727 1539 766 et
1568 724 1772 777 actiones,

207 796 318 838 inter
361 811 404 838 se
444 810 529 837 non
575 794 900 848 confundantur,
940 810 1077 848 neque
1114 811 1199 837 una
1237 811 1332 838 cum
1370 796 1504 838 altera
1532 796 1773 848 misceatur,

209 869 281 908 aut
317 882 402 908 una
436 867 482 908 in
519 866 697 908 alteram
732 869 933 919 mutetur,
974 869 1048 909 aut
1082 866 1406 920 quomodolibet
1435 867 1700 919 aboleantur,
1729 866 1774 909 id

208 940 283 990 est,
322 952 459 990 neque
495 937 611 980 Deus
649 938 695 980 in
731 938 961 991 hominem,
1003 953 1140 992 neque
1175 939 1305 981 homo
1332 939 1378 981 in
1406 938 1545 981 Deum
1572 940 1773 990 mutetur,

208 1011 281 1050 aut
307 1008 436 1051 homo
470 1024 493 1051 a
516 1008 608 1051 Deo
634 1009 927 1062 absorbeatur,
953 1012 1028 1052 aut
1052 1025 1102 1052 ex
1125 1010 1300 1053 homine
1324 1012 1366 1052 et
1389 1009 1481 1052 Deo
1505 1010 1634 1052 tertia
1659 1024 1774 1052 com-

207 1082 411 1133 ponatur3
450 1080 523 1122 sed
551 1080 693 1122 salvae
723 1083 765 1123 et
792 1081 985 1134 integrae
1013 1083 1226 1134 maneant,
1256 1081 1318 1123 ita
1346 1083 1396 1123 ut
1422 1081 1468 1123 in
1496 1080 1667 1123 Christo
1698 1081 1773 1123 du-

206 1150 306 1204 plex
349 1152 405 1193 sit
445 1154 609 1201 natura,
652 1152 843 1205 adeoque
885 1155 927 1194 et
968 1151 1208 1204 facultates,
1253 1152 1465 1207 sapientia
1502 1155 1545 1194 et
1582 1152 1773 1204 scientia,

206 1222 418 1275 voluntas,
447 1223 658 1277 potentia,
689 1223 802 1265 actio
832 1225 874 1265 et
902 1224 1110 1277 operatio,
1141 1223 1284 1266 divina
1313 1223 1477 1266 scilicet
1505 1226 1546 1266 et
1573 1223 1772 1275 humana,

206 1293 305 1335 Joh.
336 1295 372 1345 2,
397 1294 460 1335 24.
491 1294 554 1335 25.
582 1293 713 1336 Marc.
740 1294 802 1346 13,
827 1295 891 1336 32.
916 1293 1015 1337 Luc.
1040 1296 1077 1347 2,
1102 1295 1165 1337 52.
1189 1295 1290 1338 Joh.
1318 1296 1378 1348 lO,
1404 1295 1468 1337 30.
1493 1294 1593 1337 Luc.
1617 1295 1682 1348 22,
1707 1293 1771 1336 42.

207 1363 287 1406 Est
316 1365 427 1406 enim
455 1365 500 1406 in
534 1364 703 1407 Christo
739 1364 844 1408 ἄλλο
877 1366 945 1408 καὶ
978 1365 1096 1415 ἄλλο,
1131 1366 1281 1409 aliud
1309 1369 1360 1409 et
1388 1366 1550 1409 aliud.

258 1434 458 1477 XXVIII.
500 1435 665 1479 Deinde
704 1437 938 1491 ἀδικιρέτως
970 1437 1042 1480 καί
1071 1437 1318 1491 ἀχωρίστους,
1347 1437 1587 1479 indivise
1617 1438 1670 1478 et
1698 1436 1772 1478 in-

206 1508 628 1561 separabiliter,
657 1509 720 1551 ita
749 1512 797 1551 ut
824 1525 909 1552 una
937 1512 1092 1552 natura
1120 1510 1173 1551 ab
1205 1510 1340 1552 altera
1368 1525 1412 1552 re
1436 1510 1531 1564 ipsa
1554 1524 1641 1552 non
1666 1509 1773 1551 divi-

205 1579 329 1620 datur
368 1582 442 1621 aut
470 1583 691 1633 separetur
720 1579 852 1634 (quod
882 1582 994 1624 enim
1022 1581 1152 1624 semel
1181 1581 1412 1634 assumpsit
1442 1583 1484 1623 et
1513 1581 1594 1622 sibi
1621 1580 1771 1632 univit,

204 1665 422 1703 nunquam
456 1653 529 1692 aut
556 1667 751 1705 usquam,
781 1667 834 1694 ne
861 1653 906 1694 111
933 1655 1071 1695 morte
1102 1653 1285 1706 quidem,
1317 1651 1522 1705 dimittet)
1553 1652 1625 1693 sed
1653 1653 1772 1693 utra-

207 1735 288 1774 que
316 1721 360 1762 111
389 1736 573 1774 persona
600 1723 644 1764 in
667 1726 924 1777 perpetuum
946 1725 1068 1766 unita
1091 1727 1273 1776 maneat,
1300 1724 1491 1777 adeoque
1513 1723 1596 1765 duo
1613 1722 1773 1764 Christi

203 1806 290 1834 non
319 1793 646 1845 constituantur,
678 1809 859 1847 quorum
885 1811 994 1838 unus
1024 1796 1080 1838 sit
1107 1795 1200 1848 Dei,
1227 1795 1336 1837 alter
1358 1795 1520 1837 Mariae
1544 1793 1671 1846 filius,
1697 1792 1771 1835 sed

203 1878 311 1904 unus
341 1864 397 1905 sit
425 1863 506 1906 Dei
534 1864 669 1906 Filius
699 1866 744 1907 in
775 1881 900 1909 carne
928 1866 1240 1909 manifestatus.
1269 1865 1320 1908 In
1350 1865 1519 1908 Christo
1546 1865 1659 1908 enim
1682 1878 1770 1906 non

205 1936 268 1974 est
303 1932 431 1982 ἄλλος
462 1935 530 1977 καὶ
563 1934 704 1984 ἄλλος,
736 1936 878 1979 alius
910 1939 961 1979 et
990 1937 1146 1979 alius.

254 2004 408 2046 XXIX.
451 2005 517 2048 Ex
554 2007 711 2049 unione
748 2023 878 2061 porro
917 2009 1193 2062 consequitur
1227 2010 1545 2050 naturarum
1584 2007 1767 2058 κοινωνίαι,

204 2077 519 2129 communio,
556 2079 605 2119 ut
636 2078 753 2120 illius
784 2079 952 2122 affectio
982 2079 1034 2121 ab
1062 2079 1140 2121 illa
1170 2080 1411 2133 dependens
1442 2080 1564 2133 eique
1591 2094 1769 2134 respon-

204 2147 317 2189 dens.
348 2146 410 2190 Ut
440 2148 552 2190 enim
582 2149 688 2191 duae
716 2152 894 2192 naturae
923 2153 964 2192 et
994 2166 1139 2193 earum
1165 2152 1454 2206 proprietates
1482 2166 1579 2194 vere
1608 2153 1650 2193 et
1676 2165 1769 2193 rea-

202 2217 312 2271 liter,
351 2219 563 2261 mediante
600 2235 795 2274 persona,
833 2222 945 2263 inter
982 2236 1025 2264 se
1062 2222 1279 2275 uniuntur,
1307 2222 1369 2264 ita
1396 2237 1481 2264 una
1510 2236 1605 2264 cum
1634 2221 1768 2263 altera

203 2290 544 2332 communionem
582 2293 624 2332 et
661 2292 911 2333 societatem
945 2291 1089 2344 habet,
1130 2295 1258 2346 atque
1295 2294 1369 2345 ita,
1407 2295 1455 2335 ut
1490 2293 1606 2344 unio,
1634 2292 1696 2334 ita
1725 2293 1769 2334 et

204 2361 444 2403 communio
487 2361 632 2403 realis,
658 2364 734 2404 est.
776 2362 834 2404 Et
876 2378 977 2404 sane
1018 2366 1109 2405 tam
1150 2363 1256 2406 haec
1299 2364 1526 2417 conjuncta
1566 2365 1677 2415 sunt,
1719 2364 1768 2404 ut

203 2432 376 2484 μετοχὴ,
420 2432 742 2482 communio,
780 2448 859 2487 pro
897 2434 1057 2476 unione
1085 2435 1298 2477 veteribus
1327 2450 1414 2477 non
1441 2449 1538 2477 raro
1566 2435 1766 2488 ponatur,

203 2517 253 2543 ex
282 2502 421 2556 Epist.
451 2503 504 2544 ad
532 2502 663 2560 Hebr.
694 2504 731 2555 2,
760 2503 823 2546 13.

253 2571 387 2614 XXX.
426 2571 564 2622 Quare
594 2574 610 2615 0e
645 2572 763 2625 λόγος
796 2589 980 2628 persona
1017 2590 1245 2629 assumens,
1283 2591 1370 2619 non
1397 2576 1525 2618 modo
1554 2575 1765 2618 humanae

200 2645 378 2685 naturae
408 2646 662 2699 assumptae,
693 2645 919 2687 unionis
949 2647 1153 2699 gratia,
1184 2647 1318 2701 gratis
1345 2647 1389 2689 id
1418 2647 1546 2699 dedit,
1574 2648 1623 2688 ut
1644 2647 1690 2688 in
1714 2661 1763 2689 eo

202 2714 472 2765 subsisteret,
512 2716 586 2758 sed
623 2718 665 2758 et
696 2716 867 2758 virtutis
898 2732 997 2759 suae
1027 2717 1226 2771 efficacia,
1257 2718 1310 2760 ad
1337 2719 1450 2760 tanti
1476 2718 1662 2760 muneris
1692 2732 1764 2760 ex-

202 2785 472 2838 secutionem,
511 2786 719 2840 Spiritum
757 2802 805 2830 ac
843 2788 1086 2842 spiritualia
1125 2791 1167 2831 et
1197 2789 1449 2832 excellentia
1477 2790 1600 2841 dona,
1631 2803 1764 2842 eaque

203 2853 293 2895 sine
329 2869 536 2908 mensura,
575 2872 723 2900 revera
753 2858 900 2901 effudit
930 2861 972 2900 et
1002 2861 1343 2913 communicavit,
1372 2860 1470 2902 Esa.
1501 2861 1563 2912 ll,
1593 2861 1630 2902 1.
1659 2861 1694 2902 2.
1724 2861 1762 2902 3.

201 2922 300 2966 Joh.
338 2926 374 2976 3,
414 2926 476 2967 34.
514 2926 612 2969 Luc.
641 2929 678 2981 2,
708 2929 771 2971 53.
801 2928 870 2971 Ita
897 2932 945 2971 ut
972 2930 1017 2972 in
1046 2929 1216 2973 Christo
1245 2931 1431 2983 homine,
1461 2931 1693 2984 subjective
1721 2932 1765 2973 et

200 2993 480 3038 habitualiter
505 2996 571 3049 (ut
585 2998 838 3053 loquuntur)
855 2999 1000 3043 insint.
1030 3000 1178 3044 Unde
1209 3005 1260 3044 et
1289 3001 1602 3044 habitualis
1631 3001 1764 3044 haec
