<?xml version="1.0" encoding="UTF-8"?>
<!DOCTYPE html PUBLIC "-//W3C//DTD XHTML 1.0 Transitional//EN"
    "http://www.w3.org/TR/xhtml1/DTD/xhtml1-transitional.dtd">
<html xmlns="http://www.w3.org/1999/xhtml" xml:lang="en" lang="en">
 <head>
  <title>
</title>
<meta http-equiv="Content-Type" content="text/html;charset=utf-8" />
  <meta name='ocr-system' content='tesseract 3.04.00' />
  <meta name='ocr-capabilities' content='ocr_page ocr_carea ocr_par ocr_line ocrx_word'/>
</head>
<body>
  <div class='ocr_page' id='page_1' title='image "./synopsispurioris00poly_0603.png"; bbox 0 0 1931 3224; ppageno 0'>
   <div class='ocr_carea' id='block_1_1' title="bbox 559 119 1677 165">
    <p class='ocr_par' dir='ltr' id='par_1_1' title="bbox 559 119 1677 165">
     <span class='ocr_line' id='line_1_1' title="bbox 559 119 1677 165; baseline -0.003 -1"><span class='ocrx_word' id='word_1_1' title='bbox 559 122 623 165; x_wconf 66' lang='lat' dir='ltr'>DE</span> <span class='ocrx_word' id='word_1_2' title='bbox 652 121 885 165; x_wconf 74' lang='lat' dir='ltr'>DisumNA</span> <span class='ocrx_word' id='word_1_3' title='bbox 915 119 1237 164; x_wconf 69' lang='lat' dir='ltr'>Eccmsmsm.</span> <span class='ocrx_word' id='word_1_4' title='bbox 1599 119 1677 162; x_wconf 81' lang='lat'>583</span> 
     </span>
    </p>
   </div>
   <div class='ocr_carea' id='block_1_2' title="bbox 111 245 1680 658">
    <p class='ocr_par' dir='ltr' id='par_1_2' title="bbox 111 245 1680 658">
     <span class='ocr_line' id='line_1_2' title="bbox 111 245 1677 302; baseline -0.004 -10"><span class='ocrx_word' id='word_1_5' title='bbox 111 251 194 293; x_wconf 89' lang='lat' dir='ltr'>hoc</span> <span class='ocrx_word' id='word_1_6' title='bbox 221 247 453 291; x_wconf 90' lang='lat' dir='ltr'>remedium</span> <span class='ocrx_word' id='word_1_7' title='bbox 480 248 563 302; x_wconf 89' lang='lat' dir='ltr'>piis</span> <span class='ocrx_word' id='word_1_8' title='bbox 592 247 844 290; x_wconf 87' lang='lat' dir='ltr'>Pastoribus</span> <span class='ocrx_word' id='word_1_9' title='bbox 873 247 947 300; x_wconf 86' lang='lat' dir='ltr'>qui</span> <span class='ocrx_word' id='word_1_10' title='bbox 972 245 1129 288; x_wconf 86' lang='lat' dir='ltr'>saniori</span> <span class='ocrx_word' id='word_1_11' title='bbox 1153 245 1267 299; x_wconf 89' lang='lat' dir='ltr'>parti</span> <span class='ocrx_word' id='word_1_12' title='bbox 1290 246 1505 299; x_wconf 85' lang='lat' dir='ltr'>praesunt,</span> <span class='ocrx_word' id='word_1_13' title='bbox 1530 259 1677 297; x_wconf 86' lang='lat' dir='ltr'>super-</span> 
     </span>
     <span class='ocr_line' id='line_1_3' title="bbox 113 318 1679 374; baseline -0.004 -10"><span class='ocrx_word' id='word_1_14' title='bbox 113 336 213 374; x_wconf 83' lang='lat' dir='ltr'>esse,</span> <span class='ocrx_word' id='word_1_15' title='bbox 242 324 290 363; x_wconf 87' lang='lat' dir='ltr'>ut</span> <span class='ocrx_word' id='word_1_16' title='bbox 319 336 409 363; x_wconf 87' lang='lat' dir='ltr'>sese</span> <span class='ocrx_word' id='word_1_17' title='bbox 438 336 532 363; x_wconf 87' lang='lat' dir='ltr'>cum</span> <span class='ocrx_word' id='word_1_18' title='bbox 561 322 674 362; x_wconf 90' lang='lat' dir='ltr'>recte</span> <span class='ocrx_word' id='word_1_19' title='bbox 704 319 997 371; x_wconf 68' lang='lat' dir='ltr'>sentientibus,</span> <span class='ocrx_word' id='word_1_20' title='bbox 1027 318 1079 360; x_wconf 89' lang='lat' dir='ltr'>ab</span> <span class='ocrx_word' id='word_1_21' title='bbox 1104 318 1465 360; x_wconf 72' lang='lat' dir='ltr'>heterodoxorum</span> <span class='ocrx_word' id='word_1_22' title='bbox 1491 330 1679 358; x_wconf 82' lang='lat' dir='ltr'>commu-</span> 
     </span>
     <span class='ocr_line' id='line_1_4' title="bbox 112 388 1679 447; baseline -0.005 -11"><span class='ocrx_word' id='word_1_23' title='bbox 112 394 240 436; x_wconf 91' lang='lat' dir='ltr'>nione</span> <span class='ocrx_word' id='word_1_24' title='bbox 279 394 499 447; x_wconf 84' lang='lat' dir='ltr'>separent;</span> <span class='ocrx_word' id='word_1_25' title='bbox 539 394 581 434; x_wconf 92' lang='lat' dir='ltr'>et</span> <span class='ocrx_word' id='word_1_26' title='bbox 618 392 719 434; x_wconf 88' lang='lat' dir='ltr'>licet</span> <span class='ocrx_word' id='word_1_27' title='bbox 757 393 905 444; x_wconf 89' lang='lat' dir='ltr'>aperta</span> <span class='ocrx_word' id='word_1_28' title='bbox 944 391 1155 432; x_wconf 88' lang='lat' dir='ltr'>sententia</span> <span class='ocrx_word' id='word_1_29' title='bbox 1192 391 1369 444; x_wconf 88' lang='lat' dir='ltr'>propter</span> <span class='ocrx_word' id='word_1_30' title='bbox 1408 388 1679 430; x_wconf 85' lang='lat' dir='ltr'>seduc-torum</span> 
     </span>
     <span class='ocr_line' id='line_1_5' title="bbox 111 458 1680 519; baseline -0.005 -12"><span class='ocrx_word' id='word_1_31' title='bbox 111 465 352 519; x_wconf 87' lang='lat' dir='ltr'>potentiam</span> <span class='ocrx_word' id='word_1_32' title='bbox 387 464 493 505; x_wconf 90' lang='lat' dir='ltr'>haec</span> <span class='ocrx_word' id='word_1_33' title='bbox 530 462 753 516; x_wconf 80' lang='lat' dir='ltr'>disciplina</span> <span class='ocrx_word' id='word_1_34' title='bbox 781 462 980 503; x_wconf 88' lang='lat' dir='ltr'>adversus</span> <span class='ocrx_word' id='word_1_35' title='bbox 1011 476 1082 503; x_wconf 90' lang='lat' dir='ltr'>eos</span> <span class='ocrx_word' id='word_1_36' title='bbox 1109 460 1306 515; x_wconf 86' lang='lat' dir='ltr'>usurpari</span> <span class='ocrx_word' id='word_1_37' title='bbox 1333 474 1420 502; x_wconf 91' lang='lat' dir='ltr'>non</span> <span class='ocrx_word' id='word_1_38' title='bbox 1448 458 1596 512; x_wconf 87' lang='lat' dir='ltr'>possit,</span> <span class='ocrx_word' id='word_1_39' title='bbox 1634 460 1680 499; x_wconf 88' lang='lat' dir='ltr'>ut</span> 
     </span>
     <span class='ocr_line' id='line_1_6' title="bbox 113 531 1679 593; baseline -0.004 -14"><span class='ocrx_word' id='word_1_40' title='bbox 113 539 260 593; x_wconf 88' lang='lat' dir='ltr'>aperto</span> <span class='ocrx_word' id='word_1_41' title='bbox 299 536 451 577; x_wconf 88' lang='lat' dir='ltr'>saltem</span> <span class='ocrx_word' id='word_1_42' title='bbox 488 534 601 576; x_wconf 84' lang='lat' dir='ltr'>facto</span> <span class='ocrx_word' id='word_1_43' title='bbox 638 534 691 575; x_wconf 91' lang='lat' dir='ltr'>ab</span> <span class='ocrx_word' id='word_1_44' title='bbox 729 534 812 575; x_wconf 89' lang='lat' dir='ltr'>illis</span> <span class='ocrx_word' id='word_1_45' title='bbox 850 533 1047 575; x_wconf 88' lang='lat' dir='ltr'>secedant</span> <span class='ocrx_word' id='word_1_46' title='bbox 1076 535 1117 575; x_wconf 91' lang='lat' dir='ltr'>et</span> <span class='ocrx_word' id='word_1_47' title='bbox 1145 532 1342 574; x_wconf 89' lang='lat' dir='ltr'>haeresin</span> <span class='ocrx_word' id='word_1_48' title='bbox 1372 531 1679 573; x_wconf 87' lang='lat' dir='ltr'>comdemnent.</span> 
     </span>
     <span class='ocr_line' id='line_1_7' title="bbox 114 602 1680 658; baseline -0.004 -8"><span class='ocrx_word' id='word_1_49' title='bbox 114 606 478 658; x_wconf 85' lang='lat' dir='ltr'>Quemadmodum</span> <span class='ocrx_word' id='word_1_50' title='bbox 513 605 705 647; x_wconf 88' lang='lat' dir='ltr'>Christus</span> <span class='ocrx_word' id='word_1_51' title='bbox 742 606 888 646; x_wconf 91' lang='lat' dir='ltr'>monet</span> <span class='ocrx_word' id='word_1_52' title='bbox 926 603 1049 645; x_wconf 89' lang='lat' dir='ltr'>Matt.</span> <span class='ocrx_word' id='word_1_53' title='bbox 1088 604 1124 655; x_wconf 83' lang='lat'>7,</span> <span class='ocrx_word' id='word_1_54' title='bbox 1154 603 1217 645; x_wconf 84' lang='lat'>15.</span> <span class='ocrx_word' id='word_1_55' title='bbox 1247 603 1444 645; x_wconf 86' lang='lat' dir='ltr'>Cavete</span> <span class='ocrx_word' id='word_1_56' title='bbox 1469 618 1493 644; x_wconf 89' lang='lat' dir='ltr'>a</span> <span class='ocrx_word' id='word_1_57' title='bbox 1521 602 1680 644; x_wconf 90' lang='lat' dir='ltr'>Pseu-</span> 
     </span>
    </p>
   </div>
   <div class='ocr_carea' id='block_1_3' title="bbox 114 673 1680 733">
    <p class='ocr_par' dir='ltr' id='par_1_3' title="bbox 114 663 1751 733">
     <span class='ocr_line' id='line_1_8' title="bbox 114 673 1680 733; baseline -0.004 -12"><span class='ocrx_word' id='word_1_58' title='bbox 114 677 505 733; x_wconf 80' lang='lat' dir='ltr'>doprophetiS,</span> <span class='ocrx_word' id='word_1_59' title='bbox 549 679 592 718; x_wconf 92' lang='lat' dir='ltr'>et</span> <span class='ocrx_word' id='word_1_60' title='bbox 632 675 731 718; x_wconf 85' lang='lat' dir='ltr'>Joh.</span> <span class='ocrx_word' id='word_1_61' title='bbox 774 677 836 729; x_wconf 86' lang='lat'>10,</span> <span class='ocrx_word' id='word_1_62' title='bbox 880 676 916 718; x_wconf 86' lang='lat'>5.</span> <span class='ocrx_word' id='word_1_63' title='bbox 962 675 1097 718; x_wconf 84' lang='lat' dir='ltr'>Oves</span> <span class='ocrx_word' id='word_1_64' title='bbox 1142 675 1350 717; x_wconf 83' lang='lat' dir='ltr'>Christi</span> <span class='ocrx_word' id='word_1_65' title='bbox 1392 673 1680 728; x_wconf 81' lang='lat' dir='ltr'>peregrini</span> 
     </span>
    </p>
   </div>
   <div class='ocr_carea' id='block_1_4' title="bbox 113 744 1735 3023">
    <p class='ocr_par' dir='ltr' id='par_1_4' title="bbox 113 744 1681 1231">
     <span class='ocr_line' id='line_1_9' title="bbox 113 744 1681 800; baseline -0.003 -9"><span class='ocrx_word' id='word_1_66' title='bbox 113 764 296 792; x_wconf 90' lang='lat' dir='ltr'>vocem</span> <span class='ocrx_word' id='word_1_67' title='bbox 336 763 441 790; x_wconf 93' lang='lat' dir='ltr'>non</span> <span class='ocrx_word' id='word_1_68' title='bbox 482 750 683 789; x_wconf 90' lang='lat' dir='ltr'>norunt</span> <span class='ocrx_word' id='word_1_69' title='bbox 726 750 890 800; x_wconf 89' lang='lat' dir='ltr'>atque</span> <span class='ocrx_word' id='word_1_70' title='bbox 932 747 1051 788; x_wconf 91' lang='lat' dir='ltr'>ideo</span> <span class='ocrx_word' id='word_1_71' title='bbox 1094 746 1319 799; x_wconf 83' lang='lat' dir='ltr'>fugiunt</span> <span class='ocrx_word' id='word_1_72' title='bbox 1362 745 1423 786; x_wconf 89' lang='lat' dir='ltr'>ab</span> <span class='ocrx_word' id='word_1_73' title='bbox 1462 760 1531 787; x_wconf 87' lang='lat' dir='ltr'>eo.</span> <span class='ocrx_word' id='word_1_74' title='bbox 1571 744 1681 786; x_wconf 88' lang='lat' dir='ltr'>Item</span> 
     </span>
     <span class='ocr_line' id='line_1_10' title="bbox 113 816 1680 872; baseline -0.003 -10"><span class='ocrx_word' id='word_1_75' title='bbox 113 820 237 862; x_wconf 85' lang='lat' dir='ltr'>Rom.</span> <span class='ocrx_word' id='word_1_76' title='bbox 282 820 346 872; x_wconf 82' lang='lat'>16,</span> <span class='ocrx_word' id='word_1_77' title='bbox 385 820 448 862; x_wconf 85' lang='lat'>17.</span> <span class='ocrx_word' id='word_1_78' title='bbox 486 819 692 861; x_wconf 86' lang='lat' dir='ltr'>Hortor</span> <span class='ocrx_word' id='word_1_79' title='bbox 731 833 845 872; x_wconf 92' lang='lat' dir='ltr'>vos,</span> <span class='ocrx_word' id='word_1_80' title='bbox 885 819 1116 870; x_wconf 84' lang='lat' dir='ltr'>fratres,</span> <span class='ocrx_word' id='word_1_81' title='bbox 1154 821 1210 860; x_wconf 89' lang='lat' dir='ltr'>ut</span> <span class='ocrx_word' id='word_1_82' title='bbox 1249 816 1560 860; x_wconf 86' lang='lat' dir='ltr'>observetis</span> <span class='ocrx_word' id='word_1_83' title='bbox 1590 830 1680 858; x_wconf 90' lang='lat' dir='ltr'>eos</span> 
     </span>
     <span class='ocr_line' id='line_1_11' title="bbox 115 888 1680 947; baseline -0.004 -12"><span class='ocrx_word' id='word_1_84' title='bbox 115 893 205 947; x_wconf 89' lang='lat' dir='ltr'>qui</span> <span class='ocrx_word' id='word_1_85' title='bbox 242 891 478 934; x_wconf 90' lang='lat' dir='ltr'>dissidia</span> <span class='ocrx_word' id='word_1_86' title='bbox 517 891 603 933; x_wconf 92' lang='lat' dir='ltr'>vel</span> <span class='ocrx_word' id='word_1_87' title='bbox 640 890 899 933; x_wconf 88' lang='lat' dir='ltr'>scandala</span> <span class='ocrx_word' id='word_1_88' title='bbox 936 890 1151 932; x_wconf 88' lang='lat' dir='ltr'>faciunt</span> <span class='ocrx_word' id='word_1_89' title='bbox 1189 890 1450 932; x_wconf 89' lang='lat' dir='ltr'>adversus</span> <span class='ocrx_word' id='word_1_90' title='bbox 1480 888 1680 930; x_wconf 87' lang='lat' dir='ltr'>doctri-</span> 
     </span>
     <span class='ocr_line' id='line_1_12' title="bbox 113 960 1679 1017; baseline -0.003 -11"><span class='ocrx_word' id='word_1_91' title='bbox 113 979 229 1006; x_wconf 86' lang='lat' dir='ltr'>nam</span> <span class='ocrx_word' id='word_1_92' title='bbox 268 978 422 1017; x_wconf 84' lang='lat' dir='ltr'>quam</span> <span class='ocrx_word' id='word_1_93' title='bbox 460 962 767 1015; x_wconf 82' lang='lat' dir='ltr'>didicistis,</span> <span class='ocrx_word' id='word_1_94' title='bbox 799 964 849 1004; x_wconf 92' lang='lat' dir='ltr'>et</span> <span class='ocrx_word' id='word_1_95' title='bbox 878 962 1156 1004; x_wconf 89' lang='lat' dir='ltr'>declinate</span> <span class='ocrx_word' id='word_1_96' title='bbox 1185 962 1246 1003; x_wconf 88' lang='lat' dir='ltr'>ab</span> <span class='ocrx_word' id='word_1_97' title='bbox 1277 961 1366 1003; x_wconf 91' lang='lat' dir='ltr'>eis.</span> <span class='ocrx_word' id='word_1_98' title='bbox 1397 960 1679 1010; x_wconf 80' lang='lat' dir='ltr'>Quemadmo-</span> 
     </span>
     <span class='ocr_line' id='line_1_13' title="bbox 115 1031 1680 1077; baseline -0.003 0"><span class='ocrx_word' id='word_1_99' title='bbox 115 1036 215 1077; x_wconf 91' lang='lat' dir='ltr'>dum</span> <span class='ocrx_word' id='word_1_100' title='bbox 250 1035 296 1077; x_wconf 90' lang='lat' dir='ltr'>in</span> <span class='ocrx_word' id='word_1_101' title='bbox 332 1035 466 1077; x_wconf 89' lang='lat' dir='ltr'>veteri</span> <span class='ocrx_word' id='word_1_102' title='bbox 503 1034 693 1077; x_wconf 82' lang='lat' dir='ltr'>Ecclesia</span> <span class='ocrx_word' id='word_1_103' title='bbox 732 1033 971 1075; x_wconf 80' lang='lat' dir='ltr'>Orthodoxi</span> <span class='ocrx_word' id='word_1_104' title='bbox 1009 1033 1061 1074; x_wconf 91' lang='lat' dir='ltr'>ab</span> <span class='ocrx_word' id='word_1_105' title='bbox 1091 1032 1283 1074; x_wconf 88' lang='lat' dir='ltr'>Arrianis</span> <span class='ocrx_word' id='word_1_106' title='bbox 1311 1032 1590 1074; x_wconf 85' lang='lat' dir='ltr'>secessionem</span> <span class='ocrx_word' id='word_1_107' title='bbox 1619 1031 1680 1074; x_wconf 87' lang='lat' dir='ltr'>fe-</span> 
     </span>
     <span class='ocr_line' id='line_1_14' title="bbox 115 1103 1681 1160; baseline -0.003 -11"><span class='ocrx_word' id='word_1_108' title='bbox 115 1109 275 1159; x_wconf 87' lang='lat' dir='ltr'>cerunt,</span> <span class='ocrx_word' id='word_1_109' title='bbox 307 1110 349 1149; x_wconf 92' lang='lat' dir='ltr'>et</span> <span class='ocrx_word' id='word_1_110' title='bbox 376 1106 532 1149; x_wconf 90' lang='lat' dir='ltr'>Proavi</span> <span class='ocrx_word' id='word_1_111' title='bbox 561 1121 610 1148; x_wconf 91' lang='lat' dir='ltr'>ac</span> <span class='ocrx_word' id='word_1_112' title='bbox 637 1105 787 1148; x_wconf 88' lang='lat' dir='ltr'>Patres</span> <span class='ocrx_word' id='word_1_113' title='bbox 817 1105 955 1147; x_wconf 86' lang='lat' dir='ltr'>nostri</span> <span class='ocrx_word' id='word_1_114' title='bbox 983 1104 1274 1158; x_wconf 89' lang='lat' dir='ltr'>superioribus</span> <span class='ocrx_word' id='word_1_115' title='bbox 1304 1104 1456 1146; x_wconf 90' lang='lat' dir='ltr'>seculis</span> <span class='ocrx_word' id='word_1_116' title='bbox 1486 1104 1539 1146; x_wconf 92' lang='lat' dir='ltr'>ab</span> <span class='ocrx_word' id='word_1_117' title='bbox 1555 1103 1681 1160; x_wconf 87' lang='lat' dir='ltr'>Anti-</span> 
     </span>
     <span class='ocr_line' id='line_1_15' title="bbox 114 1176 947 1231; baseline -0.004 -11"><span class='ocrx_word' id='word_1_118' title='bbox 114 1178 273 1220; x_wconf 91' lang='lat' dir='ltr'>Christi</span> <span class='ocrx_word' id='word_1_119' title='bbox 301 1178 606 1231; x_wconf 84' lang='lat' dir='ltr'>superstitione</span> <span class='ocrx_word' id='word_1_120' title='bbox 634 1179 676 1219; x_wconf 89' lang='lat' dir='ltr'>et</span> <span class='ocrx_word' id='word_1_121' title='bbox 704 1176 947 1231; x_wconf 79' lang='lat' dir='ltr'>Synagoga.</span> 
     </span>
    </p>

    <p class='ocr_par' dir='ltr' id='par_1_5' title="bbox 113 1246 1683 2367">
     <span class='ocr_line' id='line_1_16' title="bbox 166 1246 1679 1302; baseline -0.003 -10"><span class='ocrx_word' id='word_1_122' title='bbox 166 1249 323 1292; x_wconf 87' lang='lat' dir='ltr'>XXIX.</span> <span class='ocrx_word' id='word_1_123' title='bbox 353 1249 436 1291; x_wconf 84' lang='lat' dir='ltr'>Sed</span> <span class='ocrx_word' id='word_1_124' title='bbox 463 1250 499 1291; x_wconf 90' lang='lat' dir='ltr'>si</span> <span class='ocrx_word' id='word_1_125' title='bbox 528 1249 617 1291; x_wconf 90' lang='lat' dir='ltr'>vita</span> <span class='ocrx_word' id='word_1_126' title='bbox 644 1249 842 1302; x_wconf 87' lang='lat' dir='ltr'>improba</span> <span class='ocrx_word' id='word_1_127' title='bbox 870 1262 1071 1302; x_wconf 80' lang='lat' dir='ltr'>magnam</span> <span class='ocrx_word' id='word_1_128' title='bbox 1101 1248 1246 1302; x_wconf 85' lang='lat' dir='ltr'>gregis</span> <span class='ocrx_word' id='word_1_129' title='bbox 1275 1250 1444 1302; x_wconf 88' lang='lat' dir='ltr'>partem</span> <span class='ocrx_word' id='word_1_130' title='bbox 1472 1246 1679 1298; x_wconf 83' lang='lat' dir='ltr'>infecerit,</span> 
     </span>
     <span class='ocr_line' id='line_1_17' title="bbox 115 1318 1682 1377; baseline -0.004 -12"><span class='ocrx_word' id='word_1_131' title='bbox 115 1321 470 1377; x_wconf 88' lang='lat' dir='ltr'>quemadmodum</span> <span class='ocrx_word' id='word_1_132' title='bbox 511 1320 757 1374; x_wconf 85' lang='lat' dir='ltr'>Prophetae</span> <span class='ocrx_word' id='word_1_133' title='bbox 799 1321 850 1362; x_wconf 89' lang='lat' dir='ltr'>de</span> <span class='ocrx_word' id='word_1_134' title='bbox 886 1319 1121 1362; x_wconf 70' lang='lat' dir='ltr'>Israelitica</span> <span class='ocrx_word' id='word_1_135' title='bbox 1158 1318 1349 1361; x_wconf 86' lang='lat' dir='ltr'>Ecclesia</span> <span class='ocrx_word' id='word_1_136' title='bbox 1385 1318 1544 1372; x_wconf 90' lang='lat' dir='ltr'>passim</span> <span class='ocrx_word' id='word_1_137' title='bbox 1583 1332 1682 1359; x_wconf 91' lang='lat' dir='ltr'>con-</span> 
     </span>
     <span class='ocr_line' id='line_1_18' title="bbox 114 1390 1682 1448; baseline -0.003 -12"><span class='ocrx_word' id='word_1_138' title='bbox 114 1396 362 1448; x_wconf 89' lang='lat' dir='ltr'>queruntur,</span> <span class='ocrx_word' id='word_1_139' title='bbox 400 1407 566 1435; x_wconf 86' lang='lat' dir='ltr'>rursum</span> <span class='ocrx_word' id='word_1_140' title='bbox 607 1392 677 1434; x_wconf 91' lang='lat' dir='ltr'>hic</span> <span class='ocrx_word' id='word_1_141' title='bbox 716 1391 989 1434; x_wconf 88' lang='lat' dir='ltr'>distinctione</span> <span class='ocrx_word' id='word_1_142' title='bbox 1028 1394 1092 1433; x_wconf 90' lang='lat' dir='ltr'>est</span> <span class='ocrx_word' id='word_1_143' title='bbox 1123 1406 1242 1444; x_wconf 89' lang='lat' dir='ltr'>opus.</span> <span class='ocrx_word' id='word_1_144' title='bbox 1274 1391 1383 1441; x_wconf 78' lang='lat' dir='ltr'>Quia</span> <span class='ocrx_word' id='word_1_145' title='bbox 1411 1390 1478 1432; x_wconf 90' lang='lat' dir='ltr'>vel</span> <span class='ocrx_word' id='word_1_146' title='bbox 1506 1404 1682 1444; x_wconf 88' lang='lat' dir='ltr'>pravam</span> 
     </span>
     <span class='ocr_line' id='line_1_19' title="bbox 113 1461 1682 1515; baseline -0.004 -7"><span class='ocrx_word' id='word_1_147' title='bbox 113 1466 246 1508; x_wconf 88' lang='lat' dir='ltr'>vitam</span> <span class='ocrx_word' id='word_1_148' title='bbox 285 1480 405 1507; x_wconf 89' lang='lat' dir='ltr'>suam</span> <span class='ocrx_word' id='word_1_149' title='bbox 444 1465 550 1506; x_wconf 88' lang='lat' dir='ltr'>haec</span> <span class='ocrx_word' id='word_1_150' title='bbox 576 1464 807 1506; x_wconf 88' lang='lat' dir='ltr'>multitudo</span> <span class='ocrx_word' id='word_1_151' title='bbox 838 1463 1025 1505; x_wconf 87' lang='lat' dir='ltr'>docendo</span> <span class='ocrx_word' id='word_1_152' title='bbox 1056 1463 1254 1515; x_wconf 86' lang='lat' dir='ltr'>defendit,</span> <span class='ocrx_word' id='word_1_153' title='bbox 1285 1463 1352 1504; x_wconf 87' lang='lat' dir='ltr'>vel</span> <span class='ocrx_word' id='word_1_154' title='bbox 1379 1476 1466 1504; x_wconf 91' lang='lat' dir='ltr'>non</span> <span class='ocrx_word' id='word_1_155' title='bbox 1496 1461 1682 1504; x_wconf 88' lang='lat' dir='ltr'>defendit</span> 
     </span>
     <span class='ocr_line' id='line_1_20' title="bbox 115 1533 1683 1589; baseline -0.004 -8"><span class='ocrx_word' id='word_1_156' title='bbox 115 1538 318 1589; x_wconf 89' lang='lat' dir='ltr'>docendo,</span> <span class='ocrx_word' id='word_1_157' title='bbox 362 1537 434 1578; x_wconf 89' lang='lat' dir='ltr'>sed</span> <span class='ocrx_word' id='word_1_158' title='bbox 470 1538 640 1577; x_wconf 89' lang='lat' dir='ltr'>tantum</span> <span class='ocrx_word' id='word_1_159' title='bbox 682 1535 873 1588; x_wconf 88' lang='lat' dir='ltr'>sequitur</span> <span class='ocrx_word' id='word_1_160' title='bbox 916 1549 1009 1577; x_wconf 89' lang='lat' dir='ltr'>eam</span> <span class='ocrx_word' id='word_1_161' title='bbox 1050 1535 1159 1576; x_wconf 90' lang='lat' dir='ltr'>male</span> <span class='ocrx_word' id='word_1_162' title='bbox 1202 1535 1379 1589; x_wconf 86' lang='lat' dir='ltr'>agendo.</span> <span class='ocrx_word' id='word_1_163' title='bbox 1423 1533 1469 1577; x_wconf 82' lang='lat' dir='ltr'>Si</span> <span class='ocrx_word' id='word_1_164' title='bbox 1506 1547 1683 1587; x_wconf 86' lang='lat' dir='ltr'>pravam</span> 
     </span>
     <span class='ocr_line' id='line_1_21' title="bbox 113 1604 1682 1659; baseline -0.003 -8"><span class='ocrx_word' id='word_1_165' title='bbox 113 1609 247 1651; x_wconf 90' lang='lat' dir='ltr'>vitam</span> <span class='ocrx_word' id='word_1_166' title='bbox 277 1607 465 1650; x_wconf 89' lang='lat' dir='ltr'>docendo</span> <span class='ocrx_word' id='word_1_167' title='bbox 497 1607 698 1659; x_wconf 87' lang='lat' dir='ltr'>defendit,</span> <span class='ocrx_word' id='word_1_168' title='bbox 727 1609 775 1648; x_wconf 90' lang='lat' dir='ltr'>ut</span> <span class='ocrx_word' id='word_1_169' title='bbox 804 1606 905 1648; x_wconf 87' lang='lat' dir='ltr'>olim</span> <span class='ocrx_word' id='word_1_170' title='bbox 933 1605 1177 1648; x_wconf 88' lang='lat' dir='ltr'>Nicolaitae</span> <span class='ocrx_word' id='word_1_171' title='bbox 1202 1608 1244 1648; x_wconf 87' lang='lat' dir='ltr'>et</span> <span class='ocrx_word' id='word_1_172' title='bbox 1269 1605 1439 1648; x_wconf 83' lang='lat' dir='ltr'>Jesabel</span> <span class='ocrx_word' id='word_1_173' title='bbox 1464 1604 1548 1656; x_wconf 91' lang='lat' dir='ltr'>illa,</span> <span class='ocrx_word' id='word_1_174' title='bbox 1574 1619 1682 1658; x_wconf 89' lang='lat' dir='ltr'>quae</span> 
     </span>
     <span class='ocr_line' id='line_1_22' title="bbox 114 1675 1682 1734; baseline -0.003 -13"><span class='ocrx_word' id='word_1_175' title='bbox 114 1679 414 1734; x_wconf 88' lang='lat' dir='ltr'>prophetando</span> <span class='ocrx_word' id='word_1_176' title='bbox 441 1678 667 1720; x_wconf 86' lang='lat' dir='ltr'>seducebat</span> <span class='ocrx_word' id='word_1_177' title='bbox 693 1693 836 1720; x_wconf 90' lang='lat' dir='ltr'>servos</span> <span class='ocrx_word' id='word_1_178' title='bbox 862 1677 1022 1719; x_wconf 85' lang='lat' dir='ltr'>Christi</span> <span class='ocrx_word' id='word_1_179' title='bbox 1047 1677 1100 1719; x_wconf 91' lang='lat' dir='ltr'>ad</span> <span class='ocrx_word' id='word_1_180' title='bbox 1125 1677 1410 1728; x_wconf 86' lang='lat' dir='ltr'>scortandum,</span> <span class='ocrx_word' id='word_1_181' title='bbox 1426 1678 1519 1717; x_wconf 88' lang='lat' dir='ltr'>tum</span> <span class='ocrx_word' id='word_1_182' title='bbox 1534 1675 1682 1717; x_wconf 87' lang='lat' dir='ltr'>eodem</span> 
     </span>
     <span class='ocr_line' id='line_1_23' title="bbox 115 1746 1682 1801; baseline -0.004 -8"><span class='ocrx_word' id='word_1_183' title='bbox 115 1751 241 1793; x_wconf 90' lang='lat' dir='ltr'>modo</span> <span class='ocrx_word' id='word_1_184' title='bbox 285 1751 335 1792; x_wconf 91' lang='lat' dir='ltr'>de</span> <span class='ocrx_word' id='word_1_185' title='bbox 376 1749 461 1791; x_wconf 90' lang='lat' dir='ltr'>illis</span> <span class='ocrx_word' id='word_1_186' title='bbox 502 1749 786 1801; x_wconf 87' lang='lat' dir='ltr'>statuendum,</span> <span class='ocrx_word' id='word_1_187' title='bbox 826 1763 910 1801; x_wconf 88' lang='lat' dir='ltr'>quo</span> <span class='ocrx_word' id='word_1_188' title='bbox 949 1763 1044 1790; x_wconf 89' lang='lat' dir='ltr'>cum</span> <span class='ocrx_word' id='word_1_189' title='bbox 1081 1747 1308 1790; x_wconf 88' lang='lat' dir='ltr'>haereticis</span> <span class='ocrx_word' id='word_1_190' title='bbox 1347 1746 1558 1800; x_wconf 83' lang='lat' dir='ltr'>agendum</span> <span class='ocrx_word' id='word_1_191' title='bbox 1592 1747 1682 1798; x_wconf 87' lang='lat' dir='ltr'>jam</span> 
     </span>
     <span class='ocr_line' id='line_1_24' title="bbox 115 1818 1680 1874; baseline -0.003 -9"><span class='ocrx_word' id='word_1_192' title='bbox 115 1825 214 1865; x_wconf 88' lang='lat' dir='ltr'>ante</span> <span class='ocrx_word' id='word_1_193' title='bbox 253 1822 485 1874; x_wconf 88' lang='lat' dir='ltr'>docuimus,</span> <span class='ocrx_word' id='word_1_194' title='bbox 523 1822 566 1863; x_wconf 90' lang='lat' dir='ltr'>id</span> <span class='ocrx_word' id='word_1_195' title='bbox 603 1823 678 1874; x_wconf 86' lang='lat' dir='ltr'>est,</span> <span class='ocrx_word' id='word_1_196' title='bbox 715 1821 782 1863; x_wconf 87' lang='lat' dir='ltr'>vel</span> <span class='ocrx_word' id='word_1_197' title='bbox 820 1820 993 1874; x_wconf 91' lang='lat' dir='ltr'>publica</span> <span class='ocrx_word' id='word_1_198' title='bbox 1027 1821 1239 1862; x_wconf 89' lang='lat' dir='ltr'>sententia</span> <span class='ocrx_word' id='word_1_199' title='bbox 1267 1818 1680 1868; x_wconf 81' lang='lat' dir='ltr'>excommunicandi3</span> 
     </span>
     <span class='ocr_line' id='line_1_25' title="bbox 114 1884 1683 1948; baseline -0.004 -11"><span class='ocrx_word' id='word_1_200' title='bbox 114 1895 182 1938; x_wconf 91' lang='lat' dir='ltr'>vel</span> <span class='ocrx_word' id='word_1_201' title='bbox 219 1896 254 1937; x_wconf 93' lang='lat' dir='ltr'>si</span> <span class='ocrx_word' id='word_1_202' title='bbox 289 1895 334 1936; x_wconf 91' lang='lat' dir='ltr'>id</span> <span class='ocrx_word' id='word_1_203' title='bbox 371 1897 549 1948; x_wconf 89' lang='lat' dir='ltr'>propter</span> <span class='ocrx_word' id='word_1_204' title='bbox 590 1908 736 1936; x_wconf 89' lang='lat' dir='ltr'>eorum</span> <span class='ocrx_word' id='word_1_205' title='bbox 772 1892 1091 1934; x_wconf 90' lang='lat' dir='ltr'>multitudinem</span> <span class='ocrx_word' id='word_1_206' title='bbox 1129 1894 1171 1933; x_wconf 91' lang='lat' dir='ltr'>et</span> <span class='ocrx_word' id='word_1_207' title='bbox 1209 1884 1568 1945; x_wconf 35' lang='lat' dir='ltr'>potentiam-*fieri</span> <span class='ocrx_word' id='word_1_208' title='bbox 1597 1904 1683 1932; x_wconf 92' lang='lat' dir='ltr'>non</span> 
     </span>
     <span class='ocr_line' id='line_1_26' title="bbox 116 1961 1682 2022; baseline -0.004 -13"><span class='ocrx_word' id='word_1_209' title='bbox 116 1967 266 2022; x_wconf 87' lang='lat' dir='ltr'>possit,</span> <span class='ocrx_word' id='word_1_210' title='bbox 296 1967 349 2008; x_wconf 89' lang='lat' dir='ltr'>ab</span> <span class='ocrx_word' id='word_1_211' title='bbox 377 1967 429 2008; x_wconf 88' lang='lat' dir='ltr'>iis</span> <span class='ocrx_word' id='word_1_212' title='bbox 461 1965 758 2015; x_wconf 81' lang='lat' dir='ltr'>secedendum3</span> <span class='ocrx_word' id='word_1_213' title='bbox 788 1967 835 2006; x_wconf 92' lang='lat' dir='ltr'>ut</span> <span class='ocrx_word' id='word_1_214' title='bbox 866 1963 1060 2006; x_wconf 87' lang='lat' dir='ltr'>Christus</span> <span class='ocrx_word' id='word_1_215' title='bbox 1091 1963 1141 2005; x_wconf 91' lang='lat' dir='ltr'>de</span> <span class='ocrx_word' id='word_1_216' title='bbox 1168 1962 1396 2004; x_wconf 88' lang='lat' dir='ltr'>Nicolaitis</span> <span class='ocrx_word' id='word_1_217' title='bbox 1421 1964 1462 2004; x_wconf 91' lang='lat' dir='ltr'>et</span> <span class='ocrx_word' id='word_1_218' title='bbox 1486 1961 1514 2003; x_wconf 85' lang='lat' dir='ltr'>J</span> <span class='ocrx_word' id='word_1_219' title='bbox 1518 1961 1682 2004; x_wconf 90' lang='lat' dir='ltr'>esabele</span> 
     </span>
     <span class='ocr_line' id='line_1_27' title="bbox 115 2033 1682 2090; baseline -0.003 -11"><span class='ocrx_word' id='word_1_220' title='bbox 115 2038 191 2080; x_wconf 89' lang='lat' dir='ltr'>illa</span> <span class='ocrx_word' id='word_1_221' title='bbox 218 2037 392 2079; x_wconf 90' lang='lat' dir='ltr'>mandat</span> <span class='ocrx_word' id='word_1_222' title='bbox 420 2037 589 2090; x_wconf 83' lang='lat' dir='ltr'>Angelo</span> <span class='ocrx_word' id='word_1_223' title='bbox 619 2036 835 2079; x_wconf 87' lang='lat' dir='ltr'>Ecclesiae</span> <span class='ocrx_word' id='word_1_224' title='bbox 864 2034 1160 2089; x_wconf 80' lang='lat' dir='ltr'>Thyatirensis</span> <span class='ocrx_word' id='word_1_225' title='bbox 1191 2037 1233 2076; x_wconf 92' lang='lat' dir='ltr'>et</span> <span class='ocrx_word' id='word_1_226' title='bbox 1261 2033 1517 2087; x_wconf 89' lang='lat' dir='ltr'>Ephesinae,</span> <span class='ocrx_word' id='word_1_227' title='bbox 1546 2034 1682 2087; x_wconf 88' lang='lat' dir='ltr'>Apoc.</span> 
     </span>
     <span class='ocr_line' id='line_1_28' title="bbox 117 2105 1682 2162; baseline -0.002 -12"><span class='ocrx_word' id='word_1_228' title='bbox 117 2110 155 2161; x_wconf 82' lang='lat'>2,</span> <span class='ocrx_word' id='word_1_229' title='bbox 193 2109 229 2150; x_wconf 89' lang='grc'>6.</span> <span class='ocrx_word' id='word_1_230' title='bbox 269 2111 311 2150; x_wconf 90' lang='lat' dir='ltr'>et</span> <span class='ocrx_word' id='word_1_231' title='bbox 339 2108 403 2149; x_wconf 79' lang='lat'>20.</span> <span class='ocrx_word' id='word_1_232' title='bbox 432 2109 560 2162; x_wconf 89' lang='lat' dir='ltr'>idque</span> <span class='ocrx_word' id='word_1_233' title='bbox 589 2123 640 2150; x_wconf 81' lang='lat' dir='ltr'>ex</span> <span class='ocrx_word' id='word_1_234' title='bbox 667 2108 709 2150; x_wconf 93' lang='lat' dir='ltr'>vi</span> <span class='ocrx_word' id='word_1_235' title='bbox 740 2108 1037 2150; x_wconf 89' lang='lat' dir='ltr'>declarationis</span> <span class='ocrx_word' id='word_1_236' title='bbox 1067 2106 1237 2159; x_wconf 86' lang='lat' dir='ltr'>Christi,</span> <span class='ocrx_word' id='word_1_237' title='bbox 1269 2106 1394 2148; x_wconf 75' lang='lat' dir='ltr'>Matt,</span> <span class='ocrx_word' id='word_1_238' title='bbox 1424 2108 1461 2158; x_wconf 85' lang='lat'>5,</span> <span class='ocrx_word' id='word_1_239' title='bbox 1492 2107 1553 2148; x_wconf 80' lang='lat'>19.</span> <span class='ocrx_word' id='word_1_240' title='bbox 1584 2105 1682 2155; x_wconf 80' lang='lat' dir='ltr'>Qui</span> 
     </span>
     <span class='ocr_line' id='line_1_29' title="bbox 117 2177 1681 2230; baseline -0.003 -8"><span class='ocrx_word' id='word_1_241' title='bbox 117 2180 353 2223; x_wconf 89' lang='lat' dir='ltr'>solverit</span> <span class='ocrx_word' id='word_1_242' title='bbox 389 2195 547 2222; x_wconf 89' lang='lat' dir='ltr'>unum</span> <span class='ocrx_word' id='word_1_243' title='bbox 586 2194 645 2221; x_wconf 86' lang='lat' dir='ltr'>ex</span> <span class='ocrx_word' id='word_1_244' title='bbox 674 2179 944 2220; x_wconf 89' lang='lat' dir='ltr'>mandatis</span> <span class='ocrx_word' id='word_1_245' title='bbox 972 2178 1092 2219; x_wconf 89' lang='lat' dir='ltr'>illis</span> <span class='ocrx_word' id='word_1_246' title='bbox 1120 2179 1378 2230; x_wconf 90' lang='lat' dir='ltr'>minimis,</span> <span class='ocrx_word' id='word_1_247' title='bbox 1410 2180 1461 2220; x_wconf 91' lang='lat' dir='ltr'>et</span> <span class='ocrx_word' id='word_1_248' title='bbox 1490 2178 1569 2219; x_wconf 89' lang='lat' dir='ltr'>ita</span> <span class='ocrx_word' id='word_1_249' title='bbox 1598 2177 1681 2219; x_wconf 87' lang='lat' dir='ltr'>do·-</span> 
     </span>
     <span class='ocr_line' id='line_1_30' title="bbox 118 2249 1681 2304; baseline -0.004 -9"><span class='ocrx_word' id='word_1_250' title='bbox 118 2252 297 2296; x_wconf 78' lang='lat' dir='ltr'>cuerit</span> <span class='ocrx_word' id='word_1_251' title='bbox 328 2252 609 2304; x_wconf 85' lang='lat' dir='ltr'>homines,</span> <span class='ocrx_word' id='word_1_252' title='bbox 652 2251 901 2292; x_wconf 89' lang='lat' dir='ltr'>minimus</span> <span class='ocrx_word' id='word_1_253' title='bbox 941 2250 1234 2292; x_wconf 89' lang='lat' dir='ltr'>vocabitur</span> <span class='ocrx_word' id='word_1_254' title='bbox 1269 2249 1323 2290; x_wconf 88' lang='lat' dir='ltr'>in</span> <span class='ocrx_word' id='word_1_255' title='bbox 1360 2262 1529 2301; x_wconf 87' lang='lat' dir='ltr'>regno</span> <span class='ocrx_word' id='word_1_256' title='bbox 1570 2262 1681 2289; x_wconf 88' lang='lat' dir='ltr'>coe-</span> 
     </span>
     <span class='ocr_line' id='line_1_31' title="bbox 116 2325 302 2367; baseline 0 -1"><span class='ocrx_word' id='word_1_257' title='bbox 116 2325 302 2367; x_wconf 91' lang='lat' dir='ltr'>lorum.</span> 
     </span>
    </p>

    <p class='ocr_par' dir='ltr' id='par_1_6' title="bbox 117 2390 1735 3023">
     <span class='ocr_line' id='line_1_32' title="bbox 171 2390 1683 2448; baseline -0.005 -10"><span class='ocrx_word' id='word_1_258' title='bbox 171 2395 306 2438; x_wconf 88' lang='lat' dir='ltr'>XXX.</span> <span class='ocrx_word' id='word_1_259' title='bbox 349 2394 432 2438; x_wconf 82' lang='lat' dir='ltr'>Sed</span> <span class='ocrx_word' id='word_1_260' title='bbox 474 2394 509 2436; x_wconf 92' lang='lat' dir='ltr'>si</span> <span class='ocrx_word' id='word_1_261' title='bbox 549 2394 639 2436; x_wconf 91' lang='lat' dir='ltr'>sola</span> <span class='ocrx_word' id='word_1_262' title='bbox 675 2407 809 2448; x_wconf 88' lang='lat' dir='ltr'>prava</span> <span class='ocrx_word' id='word_1_263' title='bbox 846 2393 946 2445; x_wconf 87' lang='lat' dir='ltr'>vita,</span> <span class='ocrx_word' id='word_1_264' title='bbox 985 2406 1070 2434; x_wconf 88' lang='lat' dir='ltr'>non</span> <span class='ocrx_word' id='word_1_265' title='bbox 1110 2406 1160 2433; x_wconf 82' lang='lat' dir='ltr'>ex</span> <span class='ocrx_word' id='word_1_266' title='bbox 1198 2391 1391 2434; x_wconf 87' lang='lat' dir='ltr'>doctrina</span> <span class='ocrx_word' id='word_1_267' title='bbox 1427 2405 1570 2444; x_wconf 87' lang='lat' dir='ltr'>prava,</span> <span class='ocrx_word' id='word_1_268' title='bbox 1610 2390 1683 2432; x_wconf 92' lang='lat' dir='ltr'>sed</span> 
     </span>
     <span class='ocr_line' id='line_1_33' title="bbox 118 2463 1681 2521; baseline -0.003 -13"><span class='ocrx_word' id='word_1_269' title='bbox 118 2469 267 2509; x_wconf 88' lang='lat' dir='ltr'>contra</span> <span class='ocrx_word' id='word_1_270' title='bbox 305 2465 544 2508; x_wconf 86' lang='lat' dir='ltr'>doctrinam</span> <span class='ocrx_word' id='word_1_271' title='bbox 583 2480 741 2518; x_wconf 92' lang='lat' dir='ltr'>sanam,</span> <span class='ocrx_word' id='word_1_272' title='bbox 779 2479 980 2521; x_wconf 81' lang='lat' dir='ltr'>magnam</span> <span class='ocrx_word' id='word_1_273' title='bbox 1018 2464 1162 2520; x_wconf 83' lang='lat' dir='ltr'>gregis</span> <span class='ocrx_word' id='word_1_274' title='bbox 1190 2466 1358 2517; x_wconf 88' lang='lat' dir='ltr'>partem</span> <span class='ocrx_word' id='word_1_275' title='bbox 1385 2463 1600 2514; x_wconf 84' lang='lat' dir='ltr'>invaserit,</span> <span class='ocrx_word' id='word_1_276' title='bbox 1631 2477 1681 2504; x_wconf 87' lang='lat' dir='ltr'>ex</span> 
     </span>
     <span class='ocr_line' id='line_1_34' title="bbox 118 2534 1682 2592; baseline -0.004 -11"><span class='ocrx_word' id='word_1_277' title='bbox 118 2539 330 2582; x_wconf 89' lang='lat' dir='ltr'>sententia</span> <span class='ocrx_word' id='word_1_278' title='bbox 371 2538 604 2592; x_wconf 85' lang='lat' dir='ltr'>Augustini</span> <span class='ocrx_word' id='word_1_279' title='bbox 645 2537 736 2579; x_wconf 89' lang='lat' dir='ltr'>Lib.</span> <span class='ocrx_word' id='word_1_280' title='bbox 776 2538 812 2578; x_wconf 86' lang='lat'>3.</span> <span class='ocrx_word' id='word_1_281' title='bbox 851 2538 999 2578; x_wconf 88' lang='lat' dir='ltr'>contra</span> <span class='ocrx_word' id='word_1_282' title='bbox 1037 2536 1280 2589; x_wconf 90' lang='lat' dir='ltr'>Epistolam</span> <span class='ocrx_word' id='word_1_283' title='bbox 1315 2534 1601 2586; x_wconf 88' lang='lat' dir='ltr'>Parmeniani,</span> <span class='ocrx_word' id='word_1_284' title='bbox 1641 2537 1682 2576; x_wconf 92' lang='lat' dir='ltr'>et</span> 
     </span>
     <span class='ocr_line' id='line_1_35' title="bbox 118 2603 1682 2661; baseline -0.004 -8"><span class='ocrx_word' id='word_1_285' title='bbox 118 2611 221 2654; x_wconf 89' lang='lat' dir='ltr'>alibi</span> <span class='ocrx_word' id='word_1_286' title='bbox 260 2611 460 2652; x_wconf 87' lang='lat' dir='ltr'>adversus</span> <span class='ocrx_word' id='word_1_287' title='bbox 489 2609 752 2661; x_wconf 90' lang='lat' dir='ltr'>Donatistas,</span> <span class='ocrx_word' id='word_1_288' title='bbox 782 2623 858 2650; x_wconf 89' lang='lat' dir='ltr'>nec</span> <span class='ocrx_word' id='word_1_289' title='bbox 886 2608 1120 2650; x_wconf 90' lang='lat' dir='ltr'>secessione</span> <span class='ocrx_word' id='word_1_290' title='bbox 1149 2608 1202 2649; x_wconf 89' lang='lat' dir='ltr'>ab</span> <span class='ocrx_word' id='word_1_291' title='bbox 1233 2603 1305 2659; x_wconf 86' lang='lat' dir='ltr'>eis,</span> <span class='ocrx_word' id='word_1_292' title='bbox 1334 2621 1411 2648; x_wconf 90' lang='lat' dir='ltr'>nec</span> <span class='ocrx_word' id='word_1_293' title='bbox 1441 2620 1682 2648; x_wconf 85' lang='lat' dir='ltr'>excommu-</span> 
     </span>
     <span class='ocr_line' id='line_1_36' title="bbox 117 2677 1681 2734; baseline -0.004 -9"><span class='ocrx_word' id='word_1_294' title='bbox 117 2682 343 2733; x_wconf 86' lang='lat' dir='ltr'>nicatione,</span> <span class='ocrx_word' id='word_1_295' title='bbox 382 2681 454 2723; x_wconf 89' lang='lat' dir='ltr'>sed</span> <span class='ocrx_word' id='word_1_296' title='bbox 481 2680 691 2734; x_wconf 85' lang='lat' dir='ltr'>precibus,</span> <span class='ocrx_word' id='word_1_297' title='bbox 721 2679 897 2733; x_wconf 80' lang='lat' dir='ltr'>gemitu,</span> <span class='ocrx_word' id='word_1_298' title='bbox 927 2679 1311 2730; x_wconf 88' lang='lat' dir='ltr'>adhortationibus,</span> <span class='ocrx_word' id='word_1_299' title='bbox 1341 2677 1681 2733; x_wconf 83' lang='lat' dir='ltr'>reprehensioni-</span> 
     </span>
     <span class='ocr_line' id='line_1_37' title="bbox 118 2751 1682 2808; baseline -0.003 -11"><span class='ocrx_word' id='word_1_300' title='bbox 118 2756 210 2808; x_wconf 91' lang='lat' dir='ltr'>bus,</span> <span class='ocrx_word' id='word_1_301' title='bbox 263 2753 677 2805; x_wconf 89' lang='lat' dir='ltr'>comminationibus,</span> <span class='ocrx_word' id='word_1_302' title='bbox 718 2753 842 2795; x_wconf 87' lang='lat' dir='ltr'>bonis</span> <span class='ocrx_word' id='word_1_303' title='bbox 887 2751 1102 2806; x_wconf 81' lang='lat' dir='ltr'>exemplis,</span> <span class='ocrx_word' id='word_1_304' title='bbox 1146 2753 1187 2793; x_wconf 90' lang='lat' dir='ltr'>et</span> <span class='ocrx_word' id='word_1_305' title='bbox 1232 2751 1443 2793; x_wconf 89' lang='lat' dir='ltr'>similibus</span> <span class='ocrx_word' id='word_1_306' title='bbox 1486 2751 1682 2793; x_wconf 88' lang='lat' dir='ltr'>remediis</span> 
     </span>
     <span class='ocr_line' id='line_1_38' title="bbox 118 2821 1682 2878; baseline -0.003 -9"><span class='ocrx_word' id='word_1_307' title='bbox 118 2829 287 2870; x_wconf 88' lang='lat' dir='ltr'>tantum</span> <span class='ocrx_word' id='word_1_308' title='bbox 328 2826 554 2868; x_wconf 87' lang='lat' dir='ltr'>utendum:</span> <span class='ocrx_word' id='word_1_309' title='bbox 598 2824 955 2878; x_wconf 88' lang='lat' dir='ltr'>quemadmodum</span> <span class='ocrx_word' id='word_1_310' title='bbox 996 2824 1186 2866; x_wconf 89' lang='lat' dir='ltr'>videmus</span> <span class='ocrx_word' id='word_1_311' title='bbox 1228 2821 1469 2876; x_wconf 88' lang='lat' dir='ltr'>Prophetas</span> <span class='ocrx_word' id='word_1_312' title='bbox 1508 2825 1550 2865; x_wconf 90' lang='lat' dir='ltr'>et</span> <span class='ocrx_word' id='word_1_313' title='bbox 1587 2823 1682 2877; x_wconf 90' lang='lat' dir='ltr'>pios</span> 
     </span>
     <span class='ocr_line' id='line_1_39' title="bbox 119 2894 1735 2950; baseline -0.003 -9"><span class='ocrx_word' id='word_1_314' title='bbox 119 2898 368 2942; x_wconf 81' lang='lat' dir='ltr'>Sacerdotes</span> <span class='ocrx_word' id='word_1_315' title='bbox 420 2897 486 2938; x_wconf 89' lang='lat' dir='ltr'>his</span> <span class='ocrx_word' id='word_1_316' title='bbox 529 2897 629 2939; x_wconf 90' lang='lat' dir='ltr'>solis</span> <span class='ocrx_word' id='word_1_317' title='bbox 672 2896 800 2938; x_wconf 90' lang='lat' dir='ltr'>armis</span> <span class='ocrx_word' id='word_1_318' title='bbox 841 2897 886 2938; x_wconf 90' lang='lat' dir='ltr'>in</span> <span class='ocrx_word' id='word_1_319' title='bbox 927 2895 1117 2938; x_wconf 89' lang='lat' dir='ltr'>Ecclesia</span> <span class='ocrx_word' id='word_1_320' title='bbox 1158 2894 1393 2937; x_wconf 72' lang='lat' dir='ltr'>Israelitica</span> <span class='ocrx_word' id='word_1_321' title='bbox 1435 2909 1525 2936; x_wconf 91' lang='lat' dir='ltr'>esse</span> <span class='ocrx_word' id='word_1_322' title='bbox 1567 2909 1678 2936; x_wconf 91' lang='lat' dir='ltr'>usos.</span> <span class='ocrx_word' id='word_1_323' title='bbox 1720 2938 1735 2950; x_wconf 30' lang='grc' dir='ltr'>δ</span> 
     </span>
     <span class='ocr_line' id='line_1_40' title="bbox 120 2966 1682 3023; baseline -0.003 -11"><span class='ocrx_word' id='word_1_324' title='bbox 120 2969 243 3020; x_wconf 82' lang='lat' dir='ltr'>Quod</span> <span class='ocrx_word' id='word_1_325' title='bbox 281 2972 323 3012; x_wconf 90' lang='lat' dir='ltr'>et</span> <span class='ocrx_word' id='word_1_326' title='bbox 359 2968 515 3023; x_wconf 86' lang='lat' dir='ltr'>probat</span> <span class='ocrx_word' id='word_1_327' title='bbox 554 2983 605 3011; x_wconf 79' lang='lat' dir='ltr'>ex</span> <span class='ocrx_word' id='word_1_328' title='bbox 633 2967 726 3011; x_wconf 85' lang='lat' dir='ltr'>loco</span> <span class='ocrx_word' id='word_1_329' title='bbox 756 2968 781 3011; x_wconf 80' lang='lat'><strong>2</strong></span> <span class='ocrx_word' id='word_1_330' title='bbox 811 2966 904 3012; x_wconf 87' lang='lat' dir='ltr'>Cor.</span> <span class='ocrx_word' id='word_1_331' title='bbox 936 2967 999 3010; x_wconf 91' lang='grc'>10.</span> <span class='ocrx_word' id='word_1_332' title='bbox 1030 2967 1131 3021; x_wconf 88' lang='lat' dir='ltr'>quia</span> <span class='ocrx_word' id='word_1_333' title='bbox 1158 2966 1263 3009; x_wconf 89' lang='lat' dir='ltr'>haec</span> <span class='ocrx_word' id='word_1_334' title='bbox 1290 2968 1483 3020; x_wconf 79' lang='lat' dir='ltr'>potestas</span> <span class='ocrx_word' id='word_1_335' title='bbox 1512 2981 1598 3008; x_wconf 90' lang='lat' dir='ltr'>non</span> <span class='ocrx_word' id='word_1_336' title='bbox 1629 2966 1682 3008; x_wconf 89' lang='lat' dir='ltr'>ad</span> 
     </span>
    </p>
   </div>
  </div>
 </body>
</html>
