1931 3224
616 150 680 193 DE
710 149 840 192 COENA
868 149 1032 191 DOM1N1.
1527 147 1606 189 509

48 278 290 332 analogiam
316 292 520 318 summam
546 276 861 329 proprietatum
886 277 928 316 et
953 274 1175 316 effectuum
1202 273 1435 324 utriusque,
1455 285 1607 323 nempe

48 349 287 404 primariae,
318 351 360 390 et
381 347 590 402 imprimis
614 346 873 389 necessariae
898 345 1137 397 alimoniae,
1163 344 1215 385 ad
1241 358 1307 385 res
1333 341 1606 398 significatas,

51 435 204 473 corpus
235 422 276 461 et
305 419 555 472 sanguinem
583 417 769 459 Domini.

103 489 262 532 XXIII.
293 490 415 532 Unde
444 504 543 531 sane
570 504 657 530 non
685 489 834 530 leviter
863 486 1077 529 Pontificii
1102 486 1258 538 aliique
1285 499 1430 527 eorum
1456 484 1610 526 aemuli

50 564 239 617 peccant,
280 562 352 614 qui
381 576 489 614 pane
517 575 603 602 non
631 575 739 615 pane
767 561 957 610 utuntur,
988 558 1030 599 id
1060 560 1122 599 est
1151 556 1385 608 minutulis,
1415 570 1610 597 nummu-

51 634 179 685 lariis,
208 632 456 674 tenuissima
484 631 621 673 forma
651 634 691 672 et
720 630 937 672 umbratili
965 629 1136 670 levitate
1167 643 1190 669 a
1213 628 1302 669 veri
1326 628 1448 681 panis
1473 626 1611 680 specie

52 704 210 756 alienis,
251 706 292 745 et
330 718 377 745 eo
419 702 627 745 vocabulo
666 701 863 754 indignis,
905 700 1190 754 pascendique
1223 699 1310 740 vim
1340 713 1425 740 non
1454 698 1615 740 haben-

52 776 180 827 tibus,
218 790 368 829 nempe
407 774 533 816 obliis
572 789 646 814 seu
685 773 852 823 oblatis,
889 774 937 812 ut
965 773 1139 813 vocant:
1170 770 1358 823 itemque
1388 769 1616 811 infermen-

52 849 158 899 tato,
186 849 408 899 tamquam
433 861 483 887 ex
509 844 784 895 Sacramenti,
817 842 1012 896 exemplo
1043 841 1214 893 Christi,
1238 841 1499 882 necessitate.
1524 840 1617 882 Nec

53 933 138 960 non
183 919 296 971 quod
338 917 533 971 mysterii
576 931 701 958 causa
744 915 925 956 dilutum
969 914 1115 955 vinum
1156 912 1381 954 adhibent:
1419 913 1463 953 in
1503 911 1617 964 quod

53 992 216 1031 veteres
257 990 428 1042 quidam
464 989 590 1030 nimis
630 987 844 1029 subtiliter
873 988 914 1027 et
943 985 1074 1026 dilute
1103 986 1201 1025 sunt
1229 984 1534 1038 philosophati,
1569 985 1617 1024 ut

55 1060 305 1115 Cyprianus,
338 1060 504 1113 aliique.

108 1131 264 1173 XXIV.
303 1131 507 1172 Attamen
545 1130 580 1171 si
617 1143 797 1181 usquam
837 1130 911 1179 est,
950 1127 1024 1167 ubi
1061 1126 1183 1179 panis
1217 1129 1257 1167 et
1285 1126 1369 1167 vini
1402 1141 1501 1167 usus
1532 1140 1618 1167 non

56 1204 124 1255 sit,
168 1205 240 1244 aut
282 1203 370 1255 ejus
415 1201 537 1255 copia
578 1200 727 1242 haberi
768 1200 963 1251 nequeat,
1005 1197 1202 1250 usurpari
1244 1197 1287 1238 id
1324 1199 1468 1250 potest
1506 1197 1619 1250 quod

57 1275 180 1328 panis
209 1273 382 1326 vinique
411 1273 505 1315 loco
536 1274 609 1323 est,
640 1287 713 1313 seu
741 1270 911 1324 populis
940 1269 1024 1310 illis
1055 1271 1119 1310 est
1150 1268 1391 1322 analogum.

109 1344 245 1387 XXV.
277 1344 303 1386 S
317 1359 368 1386 ec
381 1344 574 1385 undum
604 1342 761 1384 Christi
781 1342 952 1392 factum,
971 1339 1103 1392 (quod
1120 1339 1431 1392 Apostolorum
1447 1338 1619 1379 auribus

59 1415 391 1470 percipiebatur)
431 1417 495 1456 est
533 1429 669 1455 sermo
709 1413 761 1454 ad
797 1412 948 1462 Deum,
984 1425 1205 1463 expressus
1236 1425 1337 1452 voce
1366 1410 1620 1461 Εὑλογήσοις,

61 1485 361 1527 subintellecto
416 1486 495 1533 καὶ,
541 1484 655 1537 quod
695 1483 895 1536 exprimit
932 1480 1100 1522 Marcus
1141 1484 1182 1523 et
1210 1481 1358 1534 Lucas,
1403 1482 1445 1523 id
1476 1484 1550 1533 est,
1581 1484 1623 1523 et

62 1572 174 1599 cum
211 1556 608 1608 benedixisset,
639 1558 686 1598 ut
714 1555 958 1596 Matthaeus
989 1555 1030 1594 et
1058 1551 1226 1596 Marcus
1255 1555 1299 1595 in
1328 1553 1462 1607 priori
1490 1567 1623 1594 mem-

60 1628 138 1670 bro
175 1628 356 1669 habent:
390 1627 434 1668 in
466 1628 704 1680 posteriore
736 1642 836 1669 vero
871 1628 920 1669 de
955 1627 1082 1670 calice
1114 1625 1443 1680 Εὐχαριστήσοις,
1474 1624 1516 1665 id
1547 1626 1623 1673 est,

63 1715 174 1741 011111
213 1699 423 1752 gratias
463 1699 695 1752 egisset,
734 1699 847 1753 quod
876 1699 920 1741 in
948 1702 1131 1753 utroque
1161 1701 1224 1740 est
1256 1697 1367 1751 apud
1396 1696 1551 1738 Lucam
1582 1695 1624 1735 et

62 1770 255 1823 Paulum,
292 1770 353 1811 ita
390 1772 438 1811 ut
466 1771 707 1823 promiscue
735 1773 1013 1824 usurpentur:
1043 1773 1090 1812 ut
1118 1770 1201 1812 hoc
1228 1770 1320 1811 loco
1351 1781 1520 1809 necesse
1549 1767 1624 1817 est,

62 1843 145 1884 nisi
174 1842 350 1884 velimus
378 1855 464 1882 non
489 1842 690 1894 poculum
716 1842 810 1894 hoc,
841 1843 913 1884 sed
941 1857 1095 1896 panem
1123 1844 1291 1883 tantum
1321 1839 1450 1880 fuisse
1480 1851 1625 1879 conse-

65 1916 240 1965 cratum,
284 1914 394 1954 sicut
436 1914 477 1954 et
520 1912 624 1953 alibi
665 1913 709 1954 in
751 1913 918 1967 vulgari
961 1913 1167 1964 convivio,
1212 1911 1335 1952 Matt.
1379 1910 1441 1960 14,
1484 1909 1544 1950 19.
1584 1909 1627 1948 et

66 1986 128 2037 15,
167 1985 229 2027 36.
268 1984 398 2026 Marc.
437 1984 473 2035 6,
511 1984 575 2025 41.
616 1986 657 2025 et
694 1984 730 2036 8,
770 1985 806 2025 6.
844 1983 942 2026 Luc.
972 1985 1009 2036 9,
1042 1984 1101 2025 16.
1132 1986 1173 2025 et
1202 1982 1302 2024 Joh.
1332 1982 1369 2033 6,
1398 1981 1461 2021 11.
1494 1981 1534 2021 et
1562 1978 1626 2019 23.

65 2058 161 2099 Act.
188 2058 251 2104 27,
282 2057 344 2098 35.
374 2070 453 2109 pro
479 2055 625 2097 eodem
652 2057 888 2107 sumuntur,
914 2056 1024 2097 sicut
1050 2069 1218 2107 quoque
1242 2052 1479 2094 Hebraicae
1504 2063 1628 2091 voces

66 2130 183 2185 ΤἾΞ,
223 2127 444 2178 berech,
481 2125 525 2167 id
564 2128 638 2178 est,
678 2126 906 2179 benedixit,
946 2126 1274 2179 bene-precatus
1315 2125 1390 2175 est,
1429 2124 1470 2164 et
1509 2122 1628 2170 ΠἾῬ,

64 2199 252 2253 jodha,
284 2198 499 2241 confessus
528 2200 604 2249 est,
634 2198 833 2251 laudavit,
865 2197 1107 2247 celebravit,
1134 2195 1294 2249 gratias
1319 2194 1420 2248 egit,
1444 2193 1555 2234 inter
1587 2205 1630 2232 se

68 2273 376 2325 permutantur.
416 2269 699 2323 Subintellige
739 2269 1054 2323 suspiciens
1084 2268 1139 2309 in
1168 2267 1400 2317 coelum,
1431 2265 1505 2317 qui
1534 2277 1630 2316 pre-

70 2343 205 2384 cantis
243 2344 386 2395 gestus
425 2340 593 2382 Christo
625 2343 666 2382 et
696 2341 797 2382 alibi
827 2341 1007 2382 usitatus
1035 2339 1129 2391 fuit,
1162 2337 1286 2380 Matt.
1317 2337 1381 2389 14,
1411 2336 1474 2377 19.
1502 2335 1630 2386 idque

71 2428 247 2456 coram
290 2411 565 2462 omnibus,
609 2411 704 2453 Act.
748 2413 811 2464 27,
842 2412 904 2453 35.
949 2410 1160 2464 gratias
1205 2408 1322 2462 egit
1363 2422 1437 2449 seu
1478 2406 1630 2446 bene-

71 2485 234 2536 dixit,
272 2483 432 2526 scilicet
469 2482 579 2524 Deo
620 2482 797 2535 Patri,
836 2485 884 2524 ut
914 2484 976 2524 est
1004 2481 1174 2533 ibidem,
1208 2482 1250 2521 et
1278 2478 1401 2520 Rom.
1432 2477 1494 2528 14,
1523 2476 1560 2517 6.
1590 2477 1632 2516 et

72 2556 241 2610 quidem
269 2554 463 2597 restricte
493 2554 543 2595 de
573 2568 682 2606 pane
711 2555 752 2595 et
781 2553 892 2605 vino,
918 2556 966 2594 ut
990 2553 1155 2595 divinae
1178 2549 1482 2593 beneficentiae
1498 2546 1631 2597 donis,

73 2629 114 2668 et
141 2626 324 2668 maxime
354 2625 404 2667 de
432 2624 753 2678 Redemptionis
782 2625 999 2667 beneficio.

125 2697 281 2739 XXVI.
313 2696 424 2746 Quin
453 2696 688 2750 gratiarum
718 2696 897 2738 actionis
927 2699 968 2738 et
996 2693 1317 2741 benedictionis,
1342 2692 1386 2733 id
1412 2693 1488 2743 est,
1512 2690 1633 2731 invo-

75 2769 252 2811 cationis
283 2771 324 2810 et
352 2782 526 2821 precum
553 2768 737 2819 nomine,
766 2767 1081 2821 Synecdochice
1108 2769 1203 2808 tota
1229 2765 1336 2806 haec
1365 2777 1483 2804 sacra
1508 2761 1633 2812 actio,

73 2841 251 2894 ipsaque
288 2840 392 2881 adeo
431 2838 692 2880 consecratio
729 2838 1001 2891 intelligitur,
1049 2839 1167 2891 cujus
1196 2837 1269 2878 illa
1299 2834 1505 2876 duntaxat
1534 2845 1633 2885 pars

77 2913 151 2953 est.
184 2910 275 2953 Imo
304 2910 579 2952 benedicendi
608 2924 690 2951 vox
720 2924 815 2951 cum
843 2911 995 2962 quarto
1026 2923 1125 2950 casu
1149 2907 1210 2949 rei
1241 2905 1322 2950 ἀπὸ
1355 2907 1474 2947 κοινοῦ
1490 2902 1543 2944 ad
1558 2917 1636 2955 pa-

75 2996 173 3023 nem
211 2984 252 3023 et
287 2981 460 3024 calicem
498 2981 633 3023 relata
664 2980 823 3034 (qualis
852 2980 1019 3034 phrasis
1048 2982 1112 3022 est
1139 2979 1238 3021 Luc.
1268 2979 1306 3029 9,
1336 2974 1417 3027 16.)
1447 2974 1490 3015 id
1518 2988 1636 3027 pres-
