1931 3224
221 165 299 205 240
794 162 1037 204 DISPUTATIO
1071 161 1206 203 XXV.

272 287 368 329 VII.
410 286 553 340 Opus
591 290 734 329 autem
773 290 836 329 est
866 286 1292 336 oeconomicum,
1323 285 1368 327 id
1397 287 1473 338 est,
1505 286 1672 328 divinae
1701 301 1776 329 vo-

218 360 395 401 luntatis
434 359 625 412 gratiosa
663 360 786 408 actio,
827 361 942 400 certo
984 360 1026 399 et
1055 357 1248 410 sapiente
1277 357 1470 408 consilio,
1501 372 1580 410 pro
1609 358 1777 399 ratione

221 432 380 472 ordinis
412 434 453 472 et
482 431 663 473 actionis
692 430 971 484 peragendae,
1001 429 1166 470 scilicet
1193 429 1247 470 ad
1275 428 1425 470 salutis
1454 431 1626 471 nostrae
1655 444 1778 484 repa-

217 502 440 552 rationem,
490 502 766 543 conveniente
804 499 1086 560 dispositione
1125 514 1199 541 seu
1239 499 1558 556 dispensatione
1597 500 1643 541 in
1680 515 1778 554 per-

221 573 335 614 sonis
367 572 520 614 divinis
544 571 669 623 facta,
694 572 848 612 initum
873 559 1222 624 susceptumque,
1245 570 1307 612 ita
1329 572 1378 612 ut
1402 570 1532 612 Pater
1555 571 1778 623 mittentis,

220 642 357 684 Filius
398 643 517 683 missi
559 645 600 683 et
640 641 849 683 venientis
886 642 932 683 in
971 657 1141 683 carnem
1180 643 1222 683 et
1257 642 1303 683 in
1340 642 1557 693 mundum,
1595 641 1780 695 Spiritus

220 713 400 756 Sanctus
440 713 661 755 efficientis
702 715 744 754 et
772 711 883 754 Filio
915 727 1069 765 corpus
1098 713 1300 766 aptantis,
1330 715 1474 766 partes
1504 713 1782 766 singulariter

219 788 374 828 teneat.

274 856 391 898 VIII.
420 855 539 898 Haec
569 855 884 898 oeconomia
911 855 1049 897 relata
1077 856 1131 897 ad
1157 854 1317 897 Filium
1347 855 1451 908 (quo
1479 855 1652 896 nomine
1666 857 1782 896 vete-

219 927 335 968 ribus
370 927 569 968 Patribus
608 942 658 968 ex
694 927 909 980 Apostolo
937 926 1049 980 Eph.
1079 927 1115 968 1.
1144 926 1387 968 Incarnatio
1417 925 1680 980 appellatur)
1710 940 1784 967 seu

220 997 612 1040 Incarnatione
653 998 873 1051 passive
904 1000 954 1040 et
982 997 1294 1051 subjective
1323 999 1510 1051 accepta,
1541 1013 1627 1039 non
1655 996 1784 1038 Pater

222 1072 294 1110 aut
324 1068 509 1122 Spiritus
539 1068 732 1121 Sanctus,
764 1070 836 1111 sed
865 1069 981 1111 solus
1010 1069 1091 1111 Dei
1120 1068 1256 1111 Filius
1286 1069 1530 1111 incarnatus
1557 1084 1630 1111 seu
1653 1068 1783 1110 homo

222 1139 359 1181 factus
391 1143 466 1191 est,
496 1143 543 1181 ut
577 1140 738 1194 passim
770 1140 990 1194 Scriptura
1020 1143 1216 1193 testatur,
1241 1140 1339 1183 Luc.
1366 1142 1402 1192 1,
1431 1142 1493 1182 35.
1524 1140 1623 1183 Joh.
1654 1141 1690 1192 1,
1721 1140 1784 1182 14.

221 1210 345 1253 Rom.
385 1212 422 1263 1,
460 1213 497 1263 3,
537 1211 629 1253 Gal.
667 1212 705 1264 4,
744 1213 781 1253 4.
818 1212 931 1254 Phil.
961 1214 997 1254 2.
1030 1212 1230 1262 Quamvis
1261 1213 1491 1254 secundum
1519 1212 1786 1254 voluntatem

225 1285 267 1324 et
294 1281 611 1335 beneplacitum
639 1281 680 1324 S.
711 1282 751 1325 S.
781 1282 1005 1324 Trinitatis
1035 1283 1091 1325 sit
1117 1284 1375 1325 incarnatus.

276 1353 349 1395 IX.
389 1351 573 1396 Proinde
610 1369 794 1407 persona
821 1353 924 1395 Filii
953 1353 1047 1406 Dei,
1076 1369 1163 1396 non
1190 1357 1354 1407 natura,
1385 1369 1494 1407 quae
1523 1354 1661 1395 tribus
1689 1367 1786 1406 per-

224 1425 338 1466 sonis
383 1425 630 1476 communis,
673 1425 847 1478 proprie
887 1425 1102 1477 loquendo
1146 1425 1367 1467 incarnata
1410 1427 1486 1476 est,
1525 1425 1624 1467 Joh.
1656 1425 1692 1475 1,
1724 1424 1786 1465 14.

224 1496 308 1538 nisi
335 1498 533 1537 naturam
563 1496 875 1538 consideremus
907 1511 991 1548 qua
1017 1494 1119 1537 Filii
1148 1497 1224 1548 est,
1254 1495 1463 1551 singulari
1487 1500 1558 1543 τῆς
1584 1494 1788 1548 ὑπάρξεως

224 1567 351 1621 τρόπῳ
390 1567 604 1608 distincta.
643 1566 745 1609 Non
784 1567 897 1619 quod
926 1567 1011 1608 alia
1040 1569 1168 1619 atque
1197 1566 1282 1608 alia
1311 1566 1366 1608 sit
1394 1566 1543 1608 Deitas
1573 1565 1716 1607 Patris
1747 1567 1790 1607 et

224 1636 410 1691 Spiritus
453 1637 611 1690 Sancti,
641 1638 714 1680 sed
745 1638 859 1690 quod
887 1638 1014 1679 modo
1043 1637 1229 1679 habendi
1258 1637 1457 1679 distincte
1486 1636 1788 1687 consideretur,

225 1709 245 1749 1
278 1708 386 1750 Tim.
418 1710 547 1761 3,16.
578 1708 720 1751 Deus
748 1708 1144 1750 manifestatus
1176 1711 1257 1751 est
1286 1708 1341 1750 in
1370 1723 1539 1751 carne.
1570 1707 1659 1750 Col.
1689 1708 1726 1758 2,
1750 1707 1788 1749 9.

224 1778 284 1821 In
328 1795 386 1821 eo
427 1780 710 1822 inhabitat
754 1780 926 1822 omnis
969 1779 1265 1832 plenitudo
1309 1779 1558 1822 Deitatis
1603 1792 1790 1831 corpo-

226 1851 440 1892 raliter.

278 1920 329 1962 X.
382 1921 560 1963 Filius
613 1936 713 1975 ergo
761 1921 880 1972 Dei,
929 1921 1002 1974 qui
1049 1922 1102 1963 ab
1151 1924 1323 1964 aeterno
1372 1922 1455 1964 fuit
1500 1919 1788 1975 ὑφιστάμενος,

228 1992 351 2035 Prov.
390 1994 426 2045 8,
466 1995 529 2034 22.
570 1994 634 2034 23.
676 1995 754 2034 etc.
794 1993 810 2034 ὁ
845 1992 978 2044 λόγος,
1011 2008 1149 2035 sermo
1180 1994 1252 2047 qui
1283 1996 1399 2035 erat
1429 2008 1453 2035 a
1480 1991 1790 2047 principio,

228 2065 301 2116 qui
339 2067 454 2106 erat
492 2065 631 2118 apud
667 2063 852 2116 Deum,
893 2067 935 2106 et
973 2065 1045 2117 qui
1083 2067 1198 2106 erat
1235 2063 1398 2117 Deus,
1436 2064 1536 2107 Joh.
1574 2064 1611 2117 1,
1651 2065 1686 2105 1.
1717 2063 1790 2116 qui

230 2138 344 2177 erat
407 2139 693 2189 antequam
733 2135 1006 2177 Abraham
1047 2139 1211 2187 esset,
1255 2135 1354 2178 Joh.
1397 2136 1433 2188 8,
1477 2137 1539 2178 58.
1584 2135 1788 2188 ὑπάρχων,

229 2206 472 2248 existens
518 2207 571 2248 in
616 2206 790 2270 fornia
836 2205 954 2258 Dei,
1002 2205 1115 2248 Phil.
1161 2208 1196 2256 2,
1243 2208 1279 2249 6.
1317 2207 1404 2260 1110,
1444 2207 1632 2260 inquam,
1669 2205 1790 2247 Patri

228 2278 437 2329 ὁμοούσιος,
464 2278 544 2325 ’ἴσος
570 2279 637 2320 καὶ
659 2267 871 2325 συνόιΐδιος,
903 2279 1206 2330 coessentialis,
1237 2279 1427 2332 aequalis
1457 2282 1499 2321 et
1528 2281 1789 2331 coaeternus,

227 2348 410 2391 iactus
444 2350 595 2390 estin
623 2352 816 2402 tempore
846 2367 993 2404 caro,
1022 2351 1121 2394 Joh.
1152 2351 1188 2403 1,
1218 2350 1281 2392 14.

280 2419 353 2461 XI.
385 2419 514 2462 Caro
545 2435 656 2462 cum
683 2421 864 2464 factus
897 2423 1062 2475 dicitur,
1091 2437 1178 2464 non
1208 2423 1297 2475 ejus
1325 2421 1592 2475 phantasma,
1622 2422 1696 2463 sed
1718 2435 1789 2464 ve-

230 2506 324 2533 rum
362 2506 526 2544 corpus,
564 2507 686 2534 carne
716 2496 757 2535 et
787 2494 953 2535 ossibus
985 2497 1026 2536 et
1054 2493 1260 2547 sanguine
1289 2496 1488 2535 constans
1516 2491 1788 2546 intelligitur,

230 2563 353 2605 Matt.
395 2563 457 2615 14,
495 2563 557 2605 26.
596 2563 694 2605 Luc.
732 2565 796 2616 24,
834 2565 898 2606 39.
929 2563 1060 2606 Hebr.
1088 2565 1126 2615 2,
1157 2564 1220 2605 14.
1252 2562 1568 2617 Synecdochice
1595 2577 1695 2604 vero
1724 2562 1790 2603 in-

230 2637 350 2687 teger
384 2634 527 2686 homo,
566 2649 744 2688 corpore
783 2637 825 2676 et
853 2635 995 2676 anima
1022 2634 1235 2686 rationali,
1264 2634 1459 2687 partibus
1493 2632 1789 2676 essentialibus

230 2707 407 2747 naturae
433 2705 656 2757 humanae,
686 2706 956 2748 constitutus.

284 2775 381 2816 XII.
413 2775 524 2824 Quin
551 2776 835 2829 perfectus
864 2776 1042 2828 homo,
1071 2777 1350 2828 naturalibus,
1380 2778 1421 2818 et
1451 2775 1621 2829 quidem
1649 2790 1789 2818 essen-

231 2845 406 2887 tialibus
434 2847 784 2900 proprietatibus,
813 2862 922 2900 quae
948 2847 1186 2890 necessario
1217 2850 1258 2890 et
1286 2847 1632 2901 inseparabiliter
1661 2846 1699 2889 ei
1724 2847 1790 2889 in-

235 2918 345 2967 sunt,
383 2918 619 2969 praeditus3
649 2921 697 2960 ut
726 2920 828 2960 sunt
854 2917 988 2960 totius
1021 2918 1192 2970 quidem
1218 2918 1430 2960 humanae
1457 2920 1647 2970 naturae,
1677 2917 1791 2970 quod

234 2989 375 3028 creata
414 2989 455 3028 et
491 2987 625 3039 finita,
655 2988 831 3032 alterius
860 3003 960 3031 vero
990 2989 1139 3041 partis,
1168 2991 1274 3048 puta
1302 2988 1480 3041 animae,
1511 2986 1625 3042 quod
1652 2989 1792 3031 incor-

1430 3074 1434 3090 ι

1329 3097 1366 3159 ‚jx
1375 3105 1383 3165 γ’
1408 3150 1411 3154 s
1419 3103 1480 3154 ill»

1434 3156 1451 3216 il
