1931 3224
269 160 344 200 112
848 154 1088 195 DISPUTATIO
1116 148 1231 190 XIII.

269 284 375 323 esset
412 280 512 321 fides
551 281 592 320 et
621 293 713 332 spes
741 279 898 327 nostra,
929 275 1149 326 omnisque
1178 270 1343 323 religio,
1375 270 1396 310 1
1427 268 1519 310 Cor.
1550 268 1611 319 15,
1643 267 1704 308 14.
1734 267 1818 309 Ac-

269 352 378 394 cedit
407 351 585 403 (lenique
614 349 845 392 communis
875 347 1063 388 omnium
1090 345 1177 386 fere
1201 342 1394 396 gentium
1418 340 1547 382 etiam
1570 339 1820 380 barbarissi-

268 438 432 465 marum
461 436 695 464 consensus.

321 493 495 536 XXXII.
525 493 592 534 Ad
620 492 919 533 facultates
949 489 1156 530 animae
1186 486 1299 539 quod
1328 485 1494 536 attinet,
1524 498 1601 525 nos
1625 482 1821 524 Philoso-

269 566 450 619 phorum
487 563 778 605 subtilioribus
807 559 1166 614 disputationibus
1195 555 1467 610 posthabitis,
1497 570 1567 597 eas
1596 554 1821 608 distingui-

269 652 363 678 mus
400 638 443 677 in
480 635 834 676 intellectum
873 646 963 672 seu
1001 632 1251 680 mentem,
1283 630 1324 669 et
1351 627 1718 676 voluntatem3
1749 641 1823 668 seu

269 723 361 748 cum
390 706 598 759 Apostolo
627 706 670 746 in
700 704 899 757 spiritum
924 704 965 744 et
992 702 1198 750 animam;
1223 699 1485 741 restrictiore
1511 697 1822 751 significatione

267 779 436 819 nomine
466 776 639 830 spiritus
669 776 930 828 superiorem
957 773 1218 824 facultatem,
1243 774 1428 813 mentem
1453 770 1632 820 scilicet;
1659 769 1823 811 animae

268 863 379 900 vero,
417 848 670 898 inferiorem,
712 845 956 887 sensitivam
986 847 1027 886 et
1055 844 1342 897 vegetativam
1369 842 1668 895 intelligentes.
1700 840 1823 890 Quod

267 919 406 961 Latini
436 934 512 972 per
540 918 726 960 animum
754 920 795 959 et
825 917 1009 958 animam
1039 916 1230 957 efferunt.

320 989 520 1032 XXXIII.
545 989 846 1031 Intellectu
870 988 1037 1040 obiecta
1060 987 1126 1028 vel
1151 985 1428 1041 approbanda
1451 985 1518 1027 vel
1541 983 1824 1038 improbanda

269 1063 624 1117 apprehendimus
648 1064 689 1103 et
713 1061 1008 1110 discernimus3
1040 1061 1187 1112 estque
1215 1058 1391 1112 duplex:
1420 1057 1710 1108 theotreticUS,
1740 1070 1823 1109 quo

267 1151 413 1177 verum
436 1150 459 1176 a
481 1134 609 1184 falso3
637 1134 861 1186 practicus,
889 1147 972 1184 quo
996 1131 1155 1173 bonum
1179 1145 1203 1171 a
1227 1130 1353 1182 malo,
1379 1144 1562 1182 aequum
1586 1129 1640 1170 ab
1664 1127 1824 1180 iniquo.

268 1206 318 1248 In
348 1221 430 1258 quo
461 1205 771 1247 consideramus
804 1203 1024 1256 συντήρησιν
1066 1204 1107 1244 et
1138 1202 1364 1250 συνείδησιν,
1406 1201 1626 1242 scientiam
1655 1202 1697 1242 et
1726 1214 1826 1242 con-

270 1278 501 1329 scientiam,
528 1292 633 1330 quae
658 1275 782 1318 simul
801 1277 948 1329 juncta
973 1274 1208 1328 practicum
1233 1272 1531 1326 syllogismum
1546 1272 1824 1315 constituunt.

321 1349 519 1391 XXXIV.
558 1348 866 1390 Voluntate
906 1349 1058 1397 autem,
1098 1347 1216 1399 cujus
1254 1347 1408 1387 natura
1439 1347 1503 1386 est
1530 1359 1616 1386 non
1645 1343 1753 1397 cogi,
1784 1345 1825 1384 et

272 1421 497 1462 secundum
535 1423 710 1461 naturae
748 1419 911 1473 primae
949 1417 1199 1459 facultatem
1235 1417 1352 1458 nulla
1387 1404 1643 1459 necessitate
1673 1415 1725 1457 ad
1755 1429 1826 1456 ex-

270 1494 405 1532 trema
432 1491 646 1544 restringi,
676 1491 841 1543 objecta
870 1489 1065 1542 eligimus
1096 1490 1137 1530 et
1165 1488 1450 1542 repudiamus,
1478 1489 1609 1541 prout
1637 1502 1686 1528 ea
1714 1487 1827 1528 bona

271 1564 335 1604 vel
372 1563 483 1603 mala
523 1576 611 1604 esse
649 1561 888 1603 intellectus
912 1561 1088 1612 judicat.
1119 1560 1252 1615 Saepe
1281 1560 1410 1601 etiam
1441 1561 1505 1601 est
1536 1559 1686 1601 electio
1714 1558 1826 1599 inter

272 1633 463 1686 aequalia
504 1635 544 1675 et
586 1633 838 1686 inaequalia,
881 1633 983 1685 quin
1022 1631 1219 1674 voluntas
1259 1645 1429 1684 quoque
1469 1631 1681 1672 actionem
1709 1644 1827 1671 suam

271 1705 499 1758 suspendit.

324 1776 498 1819 XXXV.
537 1777 681 1830 Atque
709 1778 770 1818 ita
797 1776 952 1818 homo
982 1775 1163 1817 factus
1193 1775 1276 1815 est
1303 1773 1357 1814 in
1388 1774 1622 1815 animam
1650 1774 1828 1816 viven-

271 1849 396 1899 tem,
437 1862 613 1901 corpore
643 1851 684 1889 et
713 1848 852 1889 animo
881 1847 1153 1901 hypostatice
1181 1847 1292 1888 inter
1322 1858 1365 1886 se
1393 1846 1551 1897 unitus,
1582 1859 1666 1898 quo
1695 1844 1825 1886 homo

272 1919 436 1971 integer
464 1920 749 1961 constituitur.

324 1989 519 2031 XXXVI.
550 1989 683 2030 Totus
709 1992 850 2031 autem
874 1989 1002 2032 homo
1027 1991 1068 2031 et
1092 1989 1233 2030 anima
1257 1991 1299 2030 et
1324 2002 1502 2041 corpore
1527 1988 1579 2028 in
1602 1987 1828 2041 imagine

270 2061 368 2103 Dei
412 2063 464 2102 et
508 2061 796 2102 secundum
840 2060 1267 2102 similitudinem
1310 2060 1424 2112 ejus
1467 2060 1685 2101 creatus
1725 2060 1825 2109 est,

274 2147 453 2184 quorum
491 2132 572 2174 hoc
609 2132 660 2173 ad
698 2133 896 2186 exegesin
932 2132 1046 2174 illius
1078 2131 1194 2173 facit.
1224 2130 1316 2173 Iino
1346 2140 1446 2173 vero
1477 2133 1518 2172 et
1548 2129 1729 2183 epitheti
1758 2144 1826 2170 ra-

272 2204 431 2245 tionem
469 2203 521 2244 ad
558 2203 670 2245 illius
707 2204 1085 2257 amplificationem
1124 2203 1266 2254 habet,
1308 2202 1427 2255 quasi
1455 2201 1568 2243 dicat
1596 2199 1827 2253 imaginem

272 2274 540 2326 simillimam,
581 2273 680 2316 Gen.
722 2275 757 2326 1,
795 2275 855 2316 27.
896 2277 937 2317 et
975 2275 1010 2327 5,
1049 2275 1086 2316 1.
1125 2274 1254 2317 Secus
1297 2288 1425 2327 quam
1465 2273 1615 2315 Patres
1657 2272 1826 2325 quidem

272 2346 545 2398 arbitrantur,
582 2346 653 2399 qui
681 2347 911 2401 imaginem
941 2347 993 2389 ad
1022 2349 1230 2398 naturam,
1261 2344 1582 2387 similitudinem
1611 2344 1664 2386 ad
1693 2344 1826 2385 actio-

271 2432 344 2459 nes
372 2417 462 2459 Deo
492 2418 728 2459 conformes
756 2417 957 2459 referunt.

322 2487 542 2530 XXXVII.
584 2488 648 2530 Ea
676 2489 953 2542 intelligimus
982 2490 1232 2541 bonitatem,
1264 2487 1562 2530 rectitudinem
1594 2488 1635 2528 et
1664 2484 1825 2540 perfec-

272 2560 433 2601 tionem
455 2575 543 2609 -seu
582 2563 740 2601 statum
772 2561 859 2613 ejus
889 2560 1108 2615 optimum,
1139 2575 1268 2613 supra
1294 2559 1460 2611 reliqua
1490 2557 1724 2599 animantia
1755 2571 1825 2597 ex-

273 2631 510 2672 cellentiam
539 2634 580 2673 et
609 2646 835 2683 excessum,
868 2633 909 2672 et
938 2631 1185 2684 propiorem
1213 2630 1265 2672 ad
1294 2630 1434 2672 Deum
1463 2642 1687 2671 accessum.

327 2701 566 2745 XXXVIII.
604 2702 835 2757 Integritas
863 2702 1029 2744 interna
1054 2705 1117 2743 est
1141 2702 1184 2743 in
1209 2701 1362 2753 anima,
1389 2714 1579 2754 corpore,
1605 2697 1825 2740 affectibus

276 2775 316 2813 et
354 2774 601 2826 actionibus,
633 2774 849 2826 totiusque
877 2773 1062 2815 hominis
1091 2773 1429 2815 immortalitate.
1459 2770 1642 2812 Ratione
1669 2769 1824 2811 mentis

276 2843 402 2885 honio
441 2845 614 2886 scientia
650 2845 732 2886 fuit
768 2844 938 2898 insigni,
977 2843 1079 2886 Gen.
1109 2846 1145 2896 2,
1177 2845 1238 2886 19.
1269 2846 1346 2886 etc.
1374 2841 1620 2885 Voluntatis
1646 2855 1746 2882 vero
1776 2855 1825 2882 ea

274 2913 482 2965 libertate,
522 2917 568 2955 ut
605 2930 690 2957 non
727 2916 852 2957 modo
891 2930 915 2956 a
951 2915 1180 2967 coactione,
1211 2915 1282 2957 sed
1312 2917 1354 2957 et
1381 2914 1545 2968 peccati
1574 2912 1824 2955 necessitate

275 2987 383 3026 esset
414 2984 530 3036 liber,
561 2986 692 3027 menti
718 2989 760 3028 et
786 2988 926 3028 rectae
954 2985 1109 3027 rationi
1138 3000 1187 3027 ac
1215 2986 1381 3028 divinae
1409 2983 1621 3027 voluntati
1651 2997 1825 3025 consen-
