1931 3224
256 131 334 171 600
825 128 1073 172 DISPUTATIO
1102 128 1253 172 XLIX.

255 253 469 296 tianorum
498 253 725 307 singularis
752 253 997 306 liberalitas,
1030 254 1102 307 qui
1130 253 1244 296 haud
1273 257 1462 308 gravate,
1493 269 1600 308 quae
1628 270 1821 298 necessa-

257 325 320 366 ria
357 325 529 377 Synodo
559 324 852 378 perficiendae,
883 325 1166 378 contulerunt,
1195 327 1243 367 ut
1273 328 1336 368 est
1364 326 1476 380 apud
1505 325 1822 370 Theodoretum

258 396 307 438 de
337 395 614 437 Constantino
644 395 935 438 Historiarum
964 397 1074 439 libro
1104 397 1256 452 primo,
1286 398 1426 452 capite
1454 399 1650 453 septimo.

309 466 504 509 XXXIX.
543 468 779 510 Materia
816 483 889 510 seu
918 468 1216 522 objectum,
1245 469 1289 511 id
1319 472 1393 522 est,
1423 484 1507 512 res
1535 470 1581 512 in
1608 470 1692 513 hoc
1722 486 1822 514 con-

256 541 383 580 ventu
427 539 663 591 tractanda,
707 553 815 592 quae
858 542 900 581 et
938 540 1204 582 occasionem
1242 543 1284 582 et
1318 555 1489 583 causam
1525 540 1698 595 Synodo
1737 543 1821 596 dat,

257 613 318 652 est
347 625 460 652 inere
490 610 802 653 Ecclesiastica.
831 611 1015 654 Politica
1042 612 1113 654 hic
1140 612 1266 666 plane
1295 613 1433 656 aliena
1463 616 1538 666 est,
1562 613 1660 656 Luc.
1679 615 1740 666 12,
1758 615 1821 657 14.

256 685 279 724 2
319 681 426 724 Tim.
466 684 503 735 2,
541 684 578 724 4.
618 682 898 725 Comitiorum
927 683 1100 737 scilicet,
1128 699 1215 726 non
1243 683 1515 739 Synodorum
1545 685 1734 728 materia.
1763 686 1822 728 Et

256 755 425 808 quidem
468 770 527 807 ea,
572 769 679 808 quae
719 755 803 797 toti
844 755 907 796 illi
949 755 1165 798 Ecclesiae
1204 758 1268 798 est
1305 757 1551 809 communis,
1591 759 1632 799 et
1660 758 1713 800 ad
1740 758 1823 800 Dei

255 827 447 880 gloriam,
477 826 692 869 Ecclesiae
722 829 883 869 statum
912 829 953 869 et
982 827 1324 870 incolumitatem
1354 827 1467 880 facit,
1497 828 1592 869 Act.
1625 828 1688 881 15,
1719 829 1754 871 1.
1783 829 1820 871 5.

309 898 394 940 XL.
424 898 489 940 Ea
518 901 660 940 autem
689 901 854 952 spectat
882 899 948 941 vel
978 898 1284 941 doctrinam
1311 914 1490 941 veram
1517 899 1585 941 vel
1607 899 1821 952 falsam,

255 970 410 1012 Matth.
451 972 487 1022 2,
524 971 563 1012 4.
601 970 669 1011 vel
708 971 797 1023 ejus
834 970 1189 1024 appendices,
1227 970 1602 1023 Sacramenta,
1630 971 1823 1024 ritusque

257 1043 435 1094 divinos,
479 1043 548 1085 vel
589 1042 757 1084 vitam
800 1044 850 1084 et
892 1056 1094 1084 morum
1138 1042 1513 1096 disciplinam,
1551 1045 1645 1084 tum
1671 1042 1822 1096 plebis,

256 1116 348 1155 tum
389 1113 715 1167 praefectorum,
768 1113 835 1155 vel
877 1113 1058 1166 denique
1100 1113 1342 1156 Politiae
1384 1113 1823 1156 Ecclesiasticae

256 1185 397 1227 bonu
409 1200 452 1226 m
490 1185 745 1226 ordinem.
783 1184 833 1226 In
871 1199 1048 1237 sumnia,
1087 1185 1300 1238 agendum
1335 1184 1417 1236 hic,
1449 1184 1652 1237 quicquid
1681 1186 1744 1226 est
1772 1185 1823 1226 de

258 1256 506 1309 quaestione
543 1256 642 1298 fidei
681 1258 722 1298 et
760 1256 963 1308 caritatis,
993 1256 1146 1309 quibus
1177 1255 1340 1298 duobus
1370 1255 1507 1298 omnis
1534 1255 1714 1297 materia
1743 1255 1822 1309 Sy-

256 1328 357 1371 nodi
396 1328 649 1380 continetur,
689 1343 762 1370 seu
800 1327 1002 1381 quicquid
1040 1330 1103 1369 est
1139 1327 1239 1369 fidei
1278 1329 1353 1368 aut
1389 1326 1492 1368 facti
1519 1326 1822 1379 Ecclesiastici‚

258 1401 456 1454 quodque
494 1402 539 1442 in
566 1400 767 1443 inferiore
797 1414 995 1442 consessu
1022 1400 1277 1455 pertractari
1304 1399 1572 1453 transigique
1601 1398 1821 1441 commode

258 1487 343 1514 non
385 1472 542 1526 potuit,
584 1471 679 1513 Act.
724 1471 787 1523 15,
829 1471 893 1513 24.
937 1472 1001 1514 29.
1042 1471 1166 1515 Unde
1211 1474 1252 1514 et
1295 1471 1396 1514 olim
1436 1473 1605 1526 praeter
1651 1469 1821 1521 ἔκθεσιν,

257 1542 686 1596 expositionem,
721 1542 1013 1596 formulasque
1040 1542 1174 1595 Fidei,
1203 1542 1394 1586 Canones
1423 1543 1596 1597 Synodo
1624 1544 1822 1597 subjicie-

260 1615 424 1666 bantur,
466 1614 539 1666 qui
574 1605 682 1655 nihil
720 1613 833 1656 aliud
864 1617 961 1656 sunt
991 1629 1120 1667 quam
1147 1615 1332 1668 regulae,
1362 1614 1629 1669 disciplinam
1656 1629 1823 1657 morum

257 1687 298 1727 et
328 1684 486 1726 ordinis
516 1684 855 1739 complectentes.

309 1755 415 1798 XLI.
458 1755 619 1797 Actio
663 1770 792 1810 porro
834 1756 1155 1810 Synodalis,
1199 1759 1262 1799 est
1303 1757 1348 1799 in
1388 1757 1645 1800 tractatione
1682 1772 1824 1800 rerum

255 1827 588 1882 propositarum,
641 1830 682 1870 et
727 1828 998 1871 observantia
1041 1829 1382 1881 constitutarum,
1425 1842 1498 1870 seu
1541 1842 1685 1870 earum
1728 1842 1824 1870 exe-

257 1899 441 1941 cutione.

308 1969 439 2012 XLII.
465 1969 545 2012 Mo
560 1970 652 2013 dus
678 1971 898 2024 agendi,
923 1973 971 2012 ut
995 1971 1050 2014 sit
1075 1970 1293 2014 ordinatus
1319 1974 1360 2014 et
1383 1971 1615 2025 legitimus,
1642 1971 1824 2024 qualiter

255 2042 491 2095 Apostolus
537 2042 678 2084 omnia
719 2042 973 2095 εὐσχημόνως
1014 2042 1082 2085 καὶ
1115 2041 1329 2091 εὐτάκτως,
1359 2042 1619 2084 decenter
1657 2045 1708 2084 et
1750 2057 1824 2085 or-

257 2113 378 2155 dine
417 2113 461 2155 in
497 2113 687 2156 Ecclesia
727 2112 820 2154 fieri
857 2113 962 2165 vult,
1003 2114 1024 2154 1
1056 2112 1149 2155 Cor.
1189 2113 1252 2165 14,
1290 2113 1353 2155 40.
1392 2127 1561 2155 necesse
1601 2115 1675 2165 est,
1705 2113 1825 2155 utin

256 2184 501 2237 hujusmodi
539 2184 738 2227 Conciliis
769 2184 922 2237 aliquis
950 2184 1193 2238 praesideat
1221 2187 1269 2226 ut
1296 2184 1553 2237 moderator,
1584 2185 1657 2238 qui
1687 2185 1825 2227 ordini

257 2255 464 2307 consulat,
492 2270 545 2297 ne
575 2255 748 2297 confusa
777 2255 832 2297 sit
861 2255 1007 2298 concio
1037 2258 1079 2298 et
1107 2256 1232 2309 actio,
1263 2257 1285 2298 1
1317 2256 1411 2299 Cor.
1437 2257 1499 2309 14,
1526 2257 1588 2298 29.
1613 2256 1675 2298 31.
1701 2255 1825 2298 Ordi-

255 2327 356 2366 nata
407 2325 552 2378 itaque
605 2326 716 2368 actio
768 2329 831 2368 est
872 2326 917 2368 in
957 2326 1150 2382 praeside
1193 2330 1235 2369 et
1276 2327 1451 2380 reliquis
1495 2326 1824 2369 considentibus.

256 2396 539 2439 Praesidis
573 2398 744 2451 quidem
775 2401 850 2450 est,
881 2400 922 2439 et
950 2397 1044 2440 loco
1075 2398 1328 2451 praesidere,
1360 2400 1402 2440 et
1432 2397 1590 2440 actioni
1619 2411 1824 2451 praeesse,

256 2470 477 2522 totamque
508 2469 702 2523 dirigere.

310 2539 459 2582 XLHI.
498 2540 577 2583 Est
614 2543 757 2583 autem
793 2542 966 2596 proprie
1003 2541 1244 2595 praesidere
1272 2541 1668 2584 Ecclesiastici
1696 2541 1824 2594 viri,

256 2612 299 2654 in
339 2613 617 2656 eminentiore
648 2613 790 2656 officio
823 2614 1058 2656 constituti.
1087 2613 1137 2655 In
1165 2613 1315 2656 Veteri
1345 2613 1516 2667 quidem
1546 2613 1826 2656 Testaniento

258 2684 411 2725 summi
453 2682 708 2737 Sacerdotis,
751 2686 795 2728 in
837 2684 962 2727 Novo
1005 2687 1147 2728 autem
1188 2685 1395 2739 Episcopi
1433 2699 1506 2727 seu
1542 2684 1734 2727 Pastoris
1773 2685 1825 2727 ad

258 2755 583 2807 praesidendum
619 2757 773 2809 idonei,
813 2760 855 2799 et
884 2756 1097 2799 communi
1126 2757 1330 2811 suffragio
1360 2757 1522 2799 delecti.
1553 2756 1620 2798 Ita
1648 2757 1693 2798 in
1721 2756 1825 2799 Hie-

259 2827 567 2881 rosolymitana
609 2827 781 2881 synodo
825 2828 1086 2881 praesedisse
1126 2827 1294 2870 videtur
1331 2827 1359 2871 J
1371 2828 1590 2879 acobus;
1628 2826 1826 2870 Petrus

262 2897 431 2949 quidem
459 2898 620 2952 primus
648 2899 777 2942 verba
800 2899 916 2953 facit,
945 2914 994 2942 ac
1023 2900 1278 2942 sententiam
1309 2899 1424 2952 dicit,
1453 2913 1579 2953 quem
1609 2899 1826 2953 excipiunt

260 2967 540 3011 Barnabas
573 2972 622 3012 et
651 2970 872 3021 Paulus3
902 2973 946 3014 at
975 2971 1208 3014 sententiae
1236 2970 1533 3025 pronunciatio
1563 2970 1676 3024 apud
1699 2970 1826 3013 Jaco-

1924 1183 1931 1213 ι

1924 1230 1931 1279 i

1925 1281 1931 1327 ἕ

1923 1332 1931 1397 ὲ,

1918 1411 1931 1475 1

1919 1490 1931 1561 i

1907 1585 1911 1587 ’
1924 1577 1931 1633 i
