1931 3224
755 122 819 166 DE
846 122 1053 166 Eccmsm.
1604 126 1682 167 439

125 251 219 292 ideo
243 248 468 291 invisibilis
493 249 659 301 dicitur,
686 248 785 301 quia
808 248 901 302 ipsa
916 248 1031 290 illius
1048 248 1213 290 interna
1230 251 1271 289 01
1287 249 1520 290 088011113118
1535 248 1686 301 forma,

124 336 278 374 nempe
316 336 416 363 vera
451 321 554 362 fides
594 322 635 362 et
665 320 881 372 sanctitas,
911 320 964 361 ab
994 319 1239 362 hominibus
1269 335 1356 362 non
1384 320 1563 362 videtur.
1592 320 1687 362 Etsi

126 392 237 434 enim
273 407 360 433 non
398 391 655 433 diffiteamur
697 391 798 444 quin
836 391 929 444 ipsa
966 392 1069 432 fides
1109 393 1150 432 et
1181 391 1386 433 sanctitas
1414 391 1582 434 interna
1610 407 1686 446 per

123 463 430 505 confessionem
471 465 512 503 et
548 463 662 503 bona
700 477 829 515 opera
859 477 902 504 se
933 477 1101 515 quoque
1132 462 1388 514 manifestet,
1417 465 1563 504 tamen
1591 478 1686 505 cum

123 534 374 589 hypocritae
411 534 515 575 haec
554 533 696 575 omnia
721 534 773 575 ad
802 536 970 587 tempus
998 534 1158 576 imitari
1186 535 1365 587 possint,
1395 535 1488 577 ideo
1521 550 1571 577 ex
1600 535 1684 576 illis

123 606 225 648 solis
263 604 490 647 infallibile
523 605 573 646 de
603 605 696 646 aliis
720 605 927 657 judicium
957 621 1041 648 non
1071 608 1216 659 potest
1247 608 1459 648 constitui.
1489 606 1613 649 Unde
1642 610 1683 649 et

123 677 301 731 Sapiens
341 677 362 717 1
400 675 506 729 Reg.
545 676 580 728 8,
620 677 683 717 29.
712 678 908 728 108131111,
940 693 959 719 8
971 692 994 719 0
1008 678 1060 719 111
1071 692 1114 718 111
1142 677 1181 718 D
1196 693 1216 719 e
1228 693 1254 719 u
1265 694 1307 719 m
1337 694 1358 720 c
1370 693 1393 720 0
1405 693 1425 720 r
1437 679 1463 720 d
1475 694 1498 720 a
1526 693 1554 719 n
1566 693 1589 720 o
1602 693 1620 719 s
1633 693 1651 720 s
1664 694 1685 720 e

124 748 357 791 omnium
398 747 523 789 filio
535 761 647 788 rum
690 746 719 787 11
733 761 756 788 0
768 748 941 789 11111118.
984 748 1093 790 110111
1135 748 1326 790 Christus
1369 749 1470 791 Joh.
1516 751 1577 802 10,
1621 751 1683 792 14.

122 820 234 873 Ego
278 833 547 872 cognosco
587 833 712 860 oves
748 833 910 871 meas,
953 822 1002 861 et
1038 834 1344 873 cognoscor
1384 835 1407 861 a
1444 821 1587 863 meis.
1626 822 1685 863 Et

121 890 357 943 Apostolus
395 889 553 931 Paulus
582 890 782 931 adversus
811 890 1107 932 scandalorum
1137 893 1331 933 auctores
1361 892 1384 932 2
1416 891 1523 933 Tim.
1553 894 1589 944 2,
1622 893 1683 934 19.

122 961 364 1004 Solidum
400 963 580 1003 tamen
612 960 711 1003 Dei
739 960 1155 1003 fundamentum
1184 964 1317 1014 stat,
1349 963 1553 1005 habens
1583 964 1682 1005 hoc

121 1033 482 1086 signaculum,
514 1032 552 1073 D
567 1033 776 1074 ominus
808 1047 897 1074 008
927 1033 1084 1074 novit
1117 1033 1358 1085 quisunt
1389 1035 1481 1075 8111.

173 1103 328 1146 XXIX.
366 1103 688 1146 Multitudinem
726 1106 869 1146 autem
908 1104 1017 1146 hanc
1047 1105 1305 1147 credentium
1338 1121 1430 1147 cum
1461 1105 1683 1159 Scriptura

119 1176 353 1219 Ecclesiam
382 1190 581 1218 vocamus
594 1192 602 1226 3
633 1176 733 1228 quia
757 1190 832 1229 per
856 1174 1048 1217 Verbum
1075 1179 1116 1217 et
1142 1176 1349 1230 Spiritum
1374 1176 1454 1218 Dei
1480 1178 1532 1218 ad
1555 1177 1682 1219 fidem

121 1250 162 1290 01
200 1248 472 1290 sanctitatem
508 1248 618 1289 hanc
657 1262 678 1289 e
716 1248 874 1289 mundo
914 1250 1155 1299 evocantur,
1197 1251 1239 1289 et
1274 1248 1373 1300 quia
1403 1248 1610 1290 sinceram
1642 1253 1682 1291 et

121 1319 333 1361 internam
371 1333 465 1360 cum
494 1317 662 1360 Christo
693 1321 734 1360 et
764 1318 959 1360 omnibus
990 1334 1087 1361 vere
1117 1319 1311 1362 fidelibus
1342 1321 1682 1363 communionem

122 1393 164 1433 et
202 1390 449 1433 societatem
486 1390 658 1432 habent.
689 1389 813 1433 Unde
844 1393 885 1432 et
913 1391 1073 1444 passim
1101 1391 1145 1432 in
1176 1391 1410 1445 Scripturis
1440 1393 1681 1446 appellatur

121 1463 326 1516 ejusmodi
368 1461 625 1514 nominibus,
670 1476 776 1514 quae
817 1461 928 1503 hanc
969 1461 1217 1504 societatem
1260 1465 1302 1504 01
1341 1464 1681 1506 communionem

117 1534 329 1576 internam
369 1548 464 1575 cum
502 1532 671 1574 Christo
712 1535 753 1574 01
784 1532 979 1574 omnibus
1009 1532 1174 1575 Sanctis
1205 1533 1433 1576 efficaciter
1463 1535 1678 1577 denotant.

172 1604 304 1646 XXX.
334 1604 448 1646 Hinc
476 1606 653 1646 vocatur
681 1618 738 1657 sp
752 1618 775 1645 o
788 1619 844 1645 ns
857 1619 881 1646 a
911 1606 962 1645 01
991 1605 1124 1646 amic
1137 1621 1160 1646 3
1191 1604 1418 1657 Christi,
1450 1605 1556 1648 Cant
1578 1608 1615 1659 4,
1642 1608 1677 1649 7.

118 1678 159 1717 01
187 1675 299 1729 Eph.
330 1675 367 1727 5,
396 1676 459 1718 27.
492 1674 621 1717 Sion
650 1674 870 1727 Sancta,
903 1678 953 1717 et
981 1675 1292 1718 Jerusalem
1323 1677 1607 1727 coelestis⁷
1637 1681 1678 1720 et

116 1746 291 1789 181301
328 1746 446 1799 Dei,
476 1746 589 1788 Esai.
619 1747 683 1799 52,
715 1748 749 1788 1.
777 1750 819 1789 01
850 1747 1006 1799 (1314,
1037 1748 1101 1789 26.
1133 1750 1175 1789 01
1203 1749 1240 1799 6,
1272 1748 1334 1790 16.
1363 1748 1467 1790 110111
1496 1749 1678 1791 Eccle-

117 1818 196 1859 sia
235 1833 388 1871 quam
427 1818 682 1861 Christus
721 1819 829 1861 sibi
866 1820 1168 1872 mundavit,
1208 1822 1265 1860 111
1303 1819 1531 1862 sisteret
1569 1835 1679 1862 eam

117 1889 225 1930 sibi
255 1889 577 1942 gloriosam,
607 1905 711 1932 non
740 1890 1031 1932 habentem
1059 1891 1322 1933 maculam
1352 1894 1442 1933 aut
1471 1907 1676 1945 rugam,

115 1960 225 2015 Eph.
265 1961 302 2012 5,
341 1961 404 2003 27.
444 1960 646 2014 Corpus
692 1960 924 2014 Christi,
957 1963 1095 2015 quod
1125 1965 1495 2015 congruenter
1524 1978 1676 2018 coag-

115 2034 411 2074 mentatum
450 2019 502 2073 et
540 2035 877 2087 compactum
916 2036 997 2075 est
1033 2049 1127 2087 per
1159 2048 1360 2076 omnem
1390 2034 1676 2076 subminis-

114 2103 382 2145 trationis
416 2104 748 2157 juncturam,
785 2105 940 2158 juxta
979 2105 1083 2146 vim
1119 2105 1270 2147 intus
1300 2108 1549 2159 agentem
1578 2122 1674 2160 pro

115 2191 156 2217 m
170 2190 363 2217 ensura
389 2177 649 2228 cujusque
673 2176 915 2228 membri,
942 2176 1117 2230 Eph.4,
1144 2177 1205 2218 16.
1232 2176 1424 2219 Vocatur
1439 2193 1466 2231 p
1480 2178 1675 2231 opulus

115 2245 145 2288 C
156 2246 186 2287 h
196 2246 272 2288 ris
284 2246 327 2287 ti
371 2261 496 2299 quem
538 2249 678 2288 servat
720 2262 744 2289 a
784 2248 970 2301 peccatis
1011 2248 1110 2299 suis,
1154 2247 1278 2290 Matt.
1324 2249 1360 2300 1,
1404 2249 1466 2290 21.
1503 2248 1545 2292 U
1556 2265 1584 2291 n
1594 2265 1622 2291 11
1633 2265 1675 2291 111

115 2318 261 2360 ovile
291 2320 342 2359 et
370 2333 504 2359 unus
533 2333 561 2371 p
576 2321 745 2371 astor,
778 2318 970 2371 Joh.10,
1003 2320 1064 2361 16.
1091 2318 1289 2361 Domus
1313 2319 1411 2361 Dei
1437 2319 1675 2363 0183001-

115 2388 322 2431 dotium
363 2387 640 2441 Sanctum,
685 2390 707 2432 1
749 2389 841 2431 Ρο1.
883 2391 921 2442 2,
963 2390 1000 2431 5.
1043 2389 1322 2444 Templum
1364 2390 1401 2432 D
1416 2391 1460 2433 ei
1502 2392 1546 2432 in
1588 2407 1671 2445 quo

113 2459 299 2513 Spiritus
335 2458 416 2501 Dei
452 2458 632 2512 habitat,
676 2461 696 2501 1
737 2459 828 2502 Cor.
858 2461 896 2512 3,
927 2461 988 2503 16.
1019 2463 1096 2503 etc.
1124 2460 1154 2503 C
1167 2476 1190 2503 0
1202 2463 1253 2514 nj
1265 2477 1292 2503 u
1303 2477 1330 2503 x
1361 2476 1385 2503 a
1397 2476 1424 2515 g
1435 2462 1506 2514 ni,
1538 2462 1672 2516 Apoc.

113 2531 176 2583 21,
213 2531 251 2573 4.
290 2533 366 2573 etc.
407 2544 515 2584 quae
545 2530 686 2573 omnia
715 2533 756 2573 et
786 2531 938 2573 similia
969 2547 1063 2574 cum
1092 2547 1168 2574 nec
1196 2533 1436 2587 hypocritis
1465 2548 1541 2575 nec
1569 2533 1673 2576 irre-

113 2603 280 2657 genitis,
315 2603 391 2644 sub
423 2616 671 2656 quacunque
698 2603 815 2644 larva
843 2606 1056 2657 tegantur,
1088 2604 1177 2646 ullo
1208 2604 1332 2646 modo
1362 2604 1528 2657 possint
1558 2620 1671 2648 com—

111 2678 269 2728 petere,
298 2676 572 2728 consequitur
601 2676 851 2728 necessario,
880 2676 1117 2719 Ecclesiam
1148 2677 1198 2718 de
1223 2691 1306 2729 qua
1329 2676 1435 2718 haec
1461 2676 1670 2729 dicuntur,

113 2761 201 2789 esse
229 2747 364 2789 solam
390 2747 510 2788 illam
540 2761 647 2800 quae
677 2763 700 2789 a
729 2747 852 2789 nobis
883 2750 1008 2790 antea
1036 2750 1099 2789 est
1129 2748 1351 2801 descripta.

163 2816 319 2860 XXXI.
357 2817 426 2874 Ad
462 2818 573 2860 hanc
612 2818 849 2861 Ecclesiam
880 2834 1049 2873 quoque
1078 2819 1252 2872 proprie
1282 2819 1498 2872 pertinent
1528 2835 1671 2863 omnes

111 2891 316 2932 salutares
346 2893 387 2932 et
416 2891 659 2945 spirituales
688 2891 1005 2944 promissiones,
1033 2906 1140 2944 quae
1167 2891 1382 2933 Ecclesiae
1406 2890 1488 2933 Dei
1512 2893 1671 2945 passim

109 2961 154 3001 in
190 2960 411 3015 Scriptura
448 2962 568 3015 fiunt,
608 2978 631 3005 a
673 2962 825 3016 quibus
864 2965 953 3005 tam
985 2963 1237 3016 hypocritae
1267 2978 1394 3016 quam
1421 2964 1570 3017 injusti
1599 2979 1670 3006 ex-
