1931 3224
707 313 1174 365 DISPUTATIO
1215 310 1345 358 XIV.

1004 422 1050 444 DE

653 521 966 604 Lapsu
1041 510 1400 581 Adami.

538 647 733 689 Praeside
766 645 818 686 D.
847 641 1126 685 JOHANNE
1156 636 1525 682 POLYANDRO.

613 737 887 787 Respondente
916 735 964 772 D.
995 731 1249 772 JOHANNE
1279 729 1447 769 ZELIO.

898 838 1087 880 THESIS
1126 836 1158 878 Ι.

405 947 577 975 1100111111
633 933 697 972 est
748 928 909 980 ἀνομίαι,
968 942 1041 969 seu
1082 926 1244 979 ,vitium
1295 923 1381 977 legi
1432 922 1513 965 Dei
1551 936 1807 976 repugnans,

406 1006 426 1046 1
456 1003 483 1046 J
488 1004 554 1045 oh.
585 1004 622 1054 3,
650 1003 687 1044 4.

306 1077 359 1120 II.
411 1077 654 1129 Subjectnm
705 1074 817 1115 illius
869 1074 931 1114 est
983 1073 1176 1113 creatura
1226 1067 1447 1110 rationalis
1490 1067 1542 1109 ad
1577 1067 1810 1120 imaginem

256 1150 336 1191 Dei
375 1151 513 1191 creata
551 1163 574 1189 a
611 1148 723 1189 bono
763 1144 987 1196 declinans,
1029 1142 1142 1196 quod
1180 1142 1274 1195 lege
1312 1140 1394 1182 Dei
1421 1140 1737 1195 praescribitur,
1768 1141 1810 1181 et

258 1221 309 1262 ad
338 1221 496 1262 malum
526 1219 732 1261 inclinans
758 1217 871 1270 quod
898 1216 972 1257 illa
1000 1213 1266 1268 prohibetur.

308 1291 382 1335 [H.
422 1289 544 1341 Illud,
575 1292 648 1331 aut
677 1289 719 1330 in
750 1288 872 1329 malis
899 1285 1088 1339 Angelis,
1118 1286 1191 1326 aut
1218 1284 1263 1325 in
1291 1283 1442 1337 primis
1469 1283 1627 1325 nostris
1656 1297 1810 1336 paren·-

256 1364 380 1415 tibus,
410 1362 574 1403 Adanio
607 1363 649 1402 et
676 1360 779 1411 Eva,
810 1361 883 1400 aut
910 1358 954 1399 in
982 1356 1136 1398 horum
1165 1355 1350 1409 posteris
1381 1354 1682 1397 consideratur.

308 1433 380 1475 IV.
414 1432 506 1475 Nos
536 1434 586 1474 de
614 1432 849 1486 primorum
877 1431 1120 1471 nostrorum
1148 1429 1375 1481 parentum
1402 1429 1578 1480 peccato
1608 1426 1811 1468 disserere

257 1505 562 1555 constituimus,
592 1503 705 1555 quod
733 1503 777 1543 in
806 1515 959 1555 genere
986 1498 1286 1550 inobedientia,
1316 1498 1612 1552 transgressio,
1642 1513 1690 1539 ac
1717 1497 1811 1550 lap-

257 1592 324 1617 sus
354 1576 405 1617 ab
434 1575 646 1628 Apostolo
678 1573 931 1628 appellatur,
962 1571 1084 1613 Rom.
1115 1571 1152 1622 5,
1183 1571 1245 1612 12.
1276 1573 1317 1612 et
1346 1585 1463 1624 seqq.

310 1647 361 1689 V.
407 1646 607 1696 Quamvis
648 1646 730 1687 hoc
770 1646 990 1698 peecatum
1034 1643 1086 1685 ab
1126 1642 1291 1684 Adamo
1331 1645 1372 1684 et
1410 1642 1502 1684 Eva
1541 1641 1811 1684 commissum

256 1720 297 1761 fu
305 1720 396 1770 erit,
426 1719 477 1760 ad
501 1719 638 1760 solum
661 1720 802 1759 tamen
818 1715 1031 1757 Adamum
1047 1714 1099 1757 ab
1115 1714 1327 1768 Apostolo
1342 1713 1537 1766 refertur,
1554 1713 1677 1755 Rom.
1693 1714 1730 1765 5,
1748 1713 1811 1754 12.

258 1793 477 1842 tamquam
505 1790 557 1830 ad
586 1791 714 1842 caput
744 1803 792 1829 ac
820 1786 1078 1841 principium
1108 1785 1346 1828 universale
1375 1785 1509 1827 totius
1539 1784 1706 1839 generis
1735 1783 1814 1825 hu-

257 1861 382 1912 mani,
423 1875 472 1902 ex
510 1874 592 1913 quo
627 1859 719 1913 ipsa
749 1873 916 1912 quoque
944 1858 1036 1900 Eva
1064 1858 1194 1900 fuerit
1222 1857 1406 1909 condita,
1436 1856 1458 1898 1
1489 1855 1581 1898 Cor.
1614 1856 1676 1907 11,
1706 1855 1742 1897 8.
1773 1856 1815 1896 et

257 1932 300 1972 in
331 1946 413 1984 quo
442 1931 556 1973 Deus
581 1945 723 1972 omnes
747 1929 953 1982 homines,
977 1932 1197 1986 tamquam
1221 1929 1265 1970 in
1290 1927 1494 1982 primario
1518 1916 1709 1981 parente,
1734 1940 1813 1980 pro

257 2003 420 2044 ratione
449 2002 564 2055 pacti
592 2016 686 2043 cum
714 2001 808 2054 ipso
837 2001 945 2053 initi,
977 2000 1198 2043 censuerit.

308 2072 382 2114 VI.
422 2073 619 2115 Edictum
658 2073 845 2114 divinum
875 2072 988 2125 quod
1016 2072 1206 2113 Adamus
1235 2085 1309 2112 sua
1337 2069 1627 2112 inobedientia
1655 2069 1812 2112 directe

256 2143 442 2195 violavit,
473 2144 524 2185 ab
554 2144 645 2197 ipso
676 2143 766 2186 Deo
797 2143 879 2185 fuit
902 2143 1146 2185 immediate
1170 2141 1493 2196 promulgatum
1517 2141 1563 2182 in
1585 2140 1812 2182 Paradiso:

257 2213 329 2255 Ex
374 2215 512 2256 omni
557 2215 749 2257 arbore
792 2214 943 2256 horti
987 2213 1311 2256 comedendo
1357 2212 1621 2263 comedes,
1663 2213 1717 2252 at
1755 2226 1815 2253 ex

258 2285 451 2327 arbore
480 2286 749 2328 scientiae
777 2286 905 2327 boni
937 2288 987 2327 et
1016 2285 1144 2328 mali
1171 2299 1276 2326 non
1305 2284 1560 2335 comedes,
1578 2282 1680 2325 Gen.
1697 2283 1733 2335 2,
1750 2283 1814 2325 27.

259 2355 350 2404 Quo
392 2355 640 2408 posthabito
681 2357 830 2408 edicto,
871 2357 1055 2410 experiri
1092 2356 1229 2399 voluit
1266 2371 1320 2398 an
1349 2355 1493 2398 arbori
1521 2354 1586 2396 1111
1613 2354 1677 2396 vis
1705 2354 1816 2396 ines-

259 2429 321 2467 set
349 2427 552 2479 majorem
579 2427 662 2481 ipsi
692 2428 912 2469 scientiam
942 2428 1195 2470 conferendi.

309 2496 404 2538 VII.
456 2497 616 2540 Eadem
666 2498 954 2541 inobedientia
990 2500 1131 2553 legem
1169 2499 1388 2551 moralem,
1429 2513 1672 2553 expressam
1709 2496 1816 2550 legis

257 2569 462 2610 naturalis
509 2569 591 2622 ipsi
633 2585 657 2611 a
699 2569 790 2612 Deo
833 2570 993 2613 inditae
1034 2570 1294 2620 ὑποτύπωσιν,
1335 2572 1642 2623 consequenter
1678 2570 1817 2610 trans-

259 2654 425 2691 gressus
455 2643 529 2682 est.
590 2644 593 2645 ⁷

311 2709 430 2751 VIII.
468 2709 581 2753 Nam
617 2713 800 2765 primam
834 2714 923 2766 ejus
951 2713 1141 2755 tabulam
1172 2729 1247 2756 sua
1276 2713 1574 2756 incredulitate
1603 2726 1651 2754 ac
1678 2711 1816 2754 numi-

259 2779 324 2820 nis
353 2780 482 2822 divini
512 2783 829 2834 profanatione3
860 2784 1096 2836 secundam,
1129 2800 1204 2827 sua
1232 2785 1543 2839 ingratitudine
1570 2784 1616 2826 in
1644 2783 1816 2841 Patrem

261 2865 381 2892 suum
410 2852 641 2906 coelestem,
673 2855 737 2896 sui
766 2870 813 2897 ac
843 2858 1113 2908 posterorum
1143 2871 1315 2898 suorum
1338 2855 1581 2907 homicidio,
1607 2853 1817 2907 intempe-

261 2922 410 2974 rantia,
440 2923 552 2964 furto
583 2939 630 2965 ac
656 2925 988 2968 contrectatione
1017 2927 1078 2969 rei
1107 2927 1279 2979 alienae,
1309 2941 1482 2969 assensu
1505 2925 1601 2967 falsi
1623 2924 1818 2966 testimo-

261 2992 333 3043 nii,
363 3007 576 3045 pravaque
605 2995 768 3037 altioris
798 2997 997 3040 scientiae
1028 3013 1077 3040 ac
1106 3000 1242 3040 status
1273 2998 1507 3052 cupiditate
1534 2995 1722 3039 violavit.
