1931 3224
212 154 290 196 204
373 132 375 134 i
783 150 1025 192 D1spnm=10
1053 147 1189 191 XXII.

262 276 379 318 VIII.
408 275 579 317 Decreti
606 276 812 328 respectu,
843 272 1044 326 quoniam
1071 271 1153 313 hoc
1181 271 1434 323 mysterium
1461 270 1770 325 Evangelicum

211 347 504 390 absconditum
541 345 623 387 fuit
650 346 694 386 in
725 345 815 386 Deo
846 358 870 384 a
898 342 1046 384 seculis
1076 342 1305 384 secundum
1332 343 1604 396 propositum
1633 346 1769 386 aeter-

210 434 312 461 num
350 418 463 471 quod
501 416 723 459 constituit
761 416 805 457 in
835 414 1005 456 Christo
1034 413 1138 455 Jesu
1166 412 1352 455 Domino
1380 416 1541 466 nostro,
1571 417 1619 456 ut
1648 415 1770 458 docet

209 489 457 544 Apostolus,
495 488 562 530 Ef.
601 489 638 539 3,
669 488 705 528 9.
737 487 798 527 10.
829 485 891 526 11.
919 483 1043 526 Unde
1073 486 1114 525 et
1141 483 1424 537 Evangelium
1453 485 1605 538 ipsum,
1635 489 1771 529 aeter-

211 577 312 603 num
340 562 527 611 vocatur,
552 559 686 612 Apoc.
718 557 780 607 14,
811 556 846 597 6.

263 632 336 675 1Χ.
375 632 587 685 Respectu
624 627 908 670 nunciationis
946 626 1243 680 Evangelicae,
1275 627 1374 680 quia
1402 628 1507 670 haec
1536 628 1617 670 Dei
1645 630 1770 683 actio,

212 720 306 748 cum
334 704 386 745 fit
415 703 466 745 ad
493 704 621 749 extra,
649 702 712 741 est
736 699 847 741 actio
872 698 1097 740 Trinitatis
1122 698 1316 740 indivisa.
1342 698 1465 741 Unde
1490 699 1771 754 Evangelium

211 774 436 828 aliquando
476 773 653 813 vocatur
690 770 895 821 absolute,
934 770 1153 811 verbum
1193 772 1243 811 et
1281 770 1534 823 potentia
1571 770 1690 822 Dei,
1723 775 1772 814 ut

211 845 333 887 Rom.
364 846 399 895 1,
429 844 489 884 16.
519 844 539 884 1
571 842 663 884 Pet.
688 842 725 894 1,
752 843 828 894 23,
854 841 1082 894 aliquando
1106 841 1238 882 relate
1262 841 1316 884 ad
1339 841 1522 894 primam
1544 857 1773 895 personam

212 917 407 968 divinam,
440 914 798 967 Evangelium
826 913 944 965 Dei,
974 927 1127 966 nempe
1156 911 1311 964 Patris,
1340 911 1464 954 Rom.
1496 913 1531 964 1,
1562 913 1597 954 7.
1627 914 1679 954 ad
1708 929 1772 956 se-

211 988 401 1039 cundam,
438 986 799 1039 Evangelium
836 983 1066 1036 Christi,
1094 986 1142 1024 ut
1171 985 1195 1024 2
1225 982 1318 1025 Cor.
1347 984 1384 1035 9,
1415 984 1476 1025 13.
1507 983 1559 1025 ad
1587 984 1771 1037 tertiam,

210 1060 579 1102 ministerium
610 1057 876 1110 Spiritus,
906 1057 1006 1098 11152
1038 1054 1133 1097 Cor.
1161 1056 1198 1107 3,
1227 1056 1265 1096 6.

263 1130 315 1172 Χ.
343 1130 502 1173 Verum
530 1129 695 1171 ratione
725 1128 885 1170 ordinis
910 1142 1191 1181 personarum
1219 1127 1457 1169 divinarum
1485 1127 1537 1169 ad
1561 1127 1773 1169 actionem

210 1202 326 1244 illam
361 1202 525 1244 diverso
560 1200 814 1254 cooperandi
840 1199 968 1242 modo
999 1199 1354 1251 concurrentium,
1383 1199 1601 1241 nunciatio
1631 1199 1773 1241 Evan-

212 1275 324 1329 gelii,
364 1273 447 1316 alio
486 1275 681 1326 respectu
710 1271 843 1324 Patri,
874 1271 959 1313 alio
988 1270 1113 1323 Filio,
1143 1271 1224 1313 alio
1255 1270 1437 1325 Spiritui
1465 1270 1621 1313 Sancto
1650 1271 1774 1314 attri-

211 1346 366 1388 buitur.

263 1417 337 1460 XI.
366 1416 480 1459 Nam
508 1416 628 1458 Patri
653 1415 905 1457 attribuitur
928 1417 976 1457 ut
999 1414 1204 1469 primario
1229 1414 1454 1468 Evangelii
1478 1415 1654 1468 auctori,
1680 1430 1776 1457 cum

211 1490 292 1532 1100
330 1504 380 1531 οΧ
419 1488 513 1530 sinu
550 1488 684 1541 ipsius
722 1487 979 1541 productum
1007 1486 1138 1528 fuisse
1168 1486 1333 1538 dicitur,
1363 1485 1390 1527 J
1395 1485 1462 1528 oh.
1492 1487 1528 1538 1,
1559 1486 1621 1527 18.
1650 1485 1774 1538 Filio,

211 1564 258 1603 ut
294 1561 497 1602 fidissimo
535 1559 677 1601 Patris
704 1559 861 1612 legato,
891 1559 965 1612 qui
993 1559 1124 1600 verba
1152 1573 1176 1599 a
1204 1572 1248 1600 se
1277 1558 1443 1611 prolata
1469 1572 1556 1599 non
1586 1572 1672 1610 sua,
1703 1557 1776 1599 sed

211 1632 351 1674 Patris
391 1631 456 1673 sui
495 1645 584 1672 esse
622 1632 847 1684 asseverat,
886 1629 984 1671 ι1011.
1023 1629 1086 1682 14,
1126 1629 1188 1670 10.
1226 1629 1290 1670 24.
1324 1628 1505 1682 Spiritui
1529 1628 1699 1681 Sancto,
1727 1631 1775 1670 ut

210 1704 361 1745 intimo
398 1703 626 1744 verborum
661 1701 762 1743 Filii
797 1701 1036 1755 interpreti,
1076 1715 1171 1742 cum
1209 1699 1404 1742 Christus
1442 1700 1513 1753 ait,
1553 1715 1648 1742 eum
1675 1701 1776 1743 novi

211 1775 320 1816 nihil
356 1774 574 1829 Apostolis
611 1773 973 1824 renunciaturum,
1012 1773 1084 1814 sed
1124 1772 1270 1814 eadem
1313 1771 1625 1813 declaraturum
1666 1786 1774 1825 quae

207 1847 296 1899 jam
326 1846 378 1887 ab
408 1846 501 1899 ipso
532 1845 793 1894 audiverant,
821 1844 921 1886 ι1011.
952 1845 1014 1896 16,
1046 1844 1108 1885 13.
1138 1843 1201 1885 14.

264 1916 360 1959 XII.
401 1916 535 1959 Causa
564 1917 849 1970 προηγουμένη,
879 1915 1102 1968 Deumque
1131 1914 1175 1956 in
1200 1929 1243 1956 30
1268 1928 1441 1956 movens
1472 1914 1524 1956 ad
1551 1914 1775 1968 Evangelii

211 1989 538 2040 nunciationem,
567 1990 630 2030 est
655 1988 843 2041 gratuita
868 1987 949 2029 Dei
972 1986 1263 2032 misericordia
1287 2001 1335 2038 ac
1357 1986 1664 2039 benevolentia,
1691 2000 1774 2039 qua

212 2060 412 2102 miserum
449 2075 581 2114 genus
619 2059 854 2101 humanum
891 2058 1047 2100 Adami
1085 2057 1210 2111 culpa
1246 2057 1290 2098 in
1322 2056 1496 2112 peceata
1524 2058 1773 2112 prolapsum

214 2132 438 2184 complecti
465 2131 611 2173 voluit.

264 2202 380 2244 XIII.
425 2202 649 2256 Objectum
689 2202 772 2245 Dei
812 2201 1145 2245 misericordiam
1187 2215 1307 2243 suam
1350 2216 1398 2243 ac
1433 2201 1774 2244 benevolentiam

213 2274 446 2328 gratuitam
483 2274 717 2327 Evangelio
755 2289 830 2316 3110
864 2272 1174 2328 patefacientiS,
1205 2275 1268 2314 est
1296 2272 1472 2314 humani
1500 2272 1665 2326 generis
1694 2272 1774 2314 mi-

214 2345 323 2387 seria
360 2345 403 2386 in
441 2347 663 2398 peccatum
699 2346 881 2388 mortale
918 2344 1092 2387 Diaboli
1120 2344 1365 2386 seductione
1392 2343 1677 2398 praecipitati,
1707 2343 1774 2385 cui

213 2416 328 2458 Deus
356 2416 569 2459 interdum
590 2418 847 2470 immediate,
869 2417 1083 2459 interdum
1107 2416 1302 2469 mediate,
1325 2416 1649 2470 Redemptionis
1674 2429 1773 2456 suae

214 2488 397 2540 gratiam
426 2488 710 2531 annunciavit.

266 2559 381 2602 XIV.
413 2559 661 2603 Immediate
691 2560 807 2602 Deus
841 2559 969 2602 Pater
1002 2575 1094 2602 eam
1126 2559 1398 2602 annunciavit
1429 2559 1506 2601 sub
1531 2557 1626 2600 Vet.
1658 2557 1772 2600 Test.

215 2632 386 2674 familiis
414 2633 567 2675 Adami
597 2636 639 2675 et
667 2633 916 2685 Abrahami,
948 2632 1049 2674 Gen.
1078 2633 1114 2685 3,
1146 2633 1208 2674 15.
1240 2634 1281 2674 et
1310 2632 1372 2684 12,
1403 2632 1439 2674 7.
1469 2633 1510 2673 et
1538 2631 1602 2682 15,
1631 2631 1668 2672 2.
1694 2630 1771 2672 sub

216 2702 339 2745 Novo
368 2704 553 2757 ξ1111101013,
582 2704 686 2747 Mat.
716 2707 752 2758 3,
783 2706 846 2747 17.
878 2707 919 2747 015
951 2705 1013 2756 17,
1042 2705 1079 2746 5.

268 2774 361 2816 XV.
386 2775 569 2819 Mediate
592 2777 707 2819 Deus
733 2777 906 2820 eandem
931 2777 1114 2831 gratiam
1139 2775 1412 2818 annunciavit
1436 2789 1512 2829 per
1532 2773 1772 2827 Prophetas

218 2847 260 2886 et
284 2845 526 2899 Apostolos,
551 2863 731 2901 quorum
753 2849 817 2890 illi
835 2848 1167 2902 Redemptorem
1181 2850 1377 2890 nostrum
1392 2845 1419 2889 J
1423 2861 1539 2888 esum
1555 2844 1771 2887 Christum

217 2917 442 2958 venturum
469 2920 847 2971 praenunciarunt;
875 2919 922 2961 hi
951 2934 1046 2961 eum
1073 2919 1237 2961 venisse
1266 2918 1415 2961 testati
1442 2919 1552 2959 sunt.

272 2985 386 3028 XVI.
424 2987 584 3031 Idcirco
620 2989 857 3042 Apostolus
893 2989 1051 3032 Paulus
1089 2990 1140 3031 ad
1174 2990 1379 3033 novitatis
1407 2989 1690 3043 suspicionem
1718 2988 1770 3029 ab
