1931 3224
271 153 349 194 646
880 150 1124 194 DISPUTATIO
1153 150 1220 194 LI.

323 276 453 320 XLII.
493 276 605 319 Usus
644 276 769 328 hujus
809 274 1026 318 doctrinae
1063 275 1272 330 mutiplex
1303 278 1377 318 est.
1409 276 1554 319 Primo
1586 276 1703 335 enim
1728 276 1830 318 arti-

272 350 388 392 culus
426 348 525 390 fidei
561 347 743 389 maxime
779 347 1040 390 necessarius
1077 348 1292 390 mentibus
1321 348 1478 390 nostris
1505 348 1755 401 inculcatur,
1782 351 1832 391 ut

272 422 330 464 eis
364 422 572 474 perpetuo
603 420 850 462 adhaereat:
883 422 924 462 et
953 419 1157 462 habemus
1185 435 1269 473 quo
1299 420 1498 462 adversus
1529 419 1704 473 quosvis
1731 420 1832 462 hos-

270 496 346 545 tes,
378 492 604 534 alacriores
635 494 676 534 et
706 492 1017 534 constantiores
1046 491 1090 533 in
1118 492 1350 534 assertione
1377 491 1489 534 tanti
1518 492 1730 545 dogmatis
1754 506 1832 534 nos

271 564 557 607 exhibeamus.
596 563 678 606 Sed
717 566 888 616 praeter
915 578 1039 605 usum
1065 563 1359 616 theoreticum,
1387 566 1478 606 tam
1505 564 1670 606 ratione
1698 563 1834 606 nostri

271 652 399 690 quam
437 636 629 688 aliorum,
669 636 882 689 practicus
917 636 991 678 ille
1029 635 1211 678 maxime
1240 636 1458 688 conducet,
1489 636 1524 677 si
1551 636 1834 689 promissione

269 709 438 750 futurae
467 708 580 749 vitae
610 707 796 759 excitati,
827 707 1000 760 quaevis
1028 707 1262 762 praesentis
1291 707 1403 750 vitae
1432 708 1618 760 adversa,
1644 707 1834 760 adeoque

269 781 408 834 ipsam
446 780 575 821 etiam
612 782 806 832 mortem,
841 780 908 821 vel
946 779 1224 832 ordinariam3
1261 780 1328 822 vel
1366 780 1507 832 etiam,
1546 780 1581 821 si
1620 794 1727 833 opus
1765 779 1834 832 sit,

271 853 325 894 ob
355 852 663 894 confessionem
691 851 892 894 veritatis
914 852 1090 904 illatam,
1120 851 1223 894 forti
1254 852 1394 893 animo
1425 853 1754 904 contemnamus,
1784 854 1833 894 ut

270 924 322 966 ad
360 925 448 978 ejus
485 924 597 966 vitae
633 923 825 984 pericula
865 926 907 965 et
945 923 1156 978 supplicia
1191 923 1308 965 velut
1337 923 1448 965 caeci
1477 922 1730 975 efficiamur3
1761 923 1835 965 do-

269 997 405 1039 lorem
435 1012 485 1038 ex
514 997 748 1039 amicorum
777 996 898 1038 obitu
927 999 1182 1050 conceptum
1209 996 1430 1048 leniamus,
1457 996 1479 1037 1
1506 995 1684 1038 Thess.
1709 995 1748 1048 4,
1773 995 1835 1038 13.

272 1071 313 1110 et
352 1083 533 1122 corpora
569 1070 717 1111 nostra
756 1068 809 1110 ad
846 1068 1215 1110 immortalitatem
1254 1081 1330 1110 suo
1359 1070 1553 1121 tempore
1583 1066 1836 1119 suscitanda,

273 1140 546 1183 exhibeamus
574 1154 690 1182 arma
713 1140 909 1194 justitiae
937 1139 1043 1192 Deo,
1068 1142 1197 1193 atque
1220 1140 1282 1181 ita
1304 1141 1562 1193 resurgat
1585 1139 1639 1180 in
1663 1153 1837 1181 resur-

273 1212 520 1254 rectione
557 1211 749 1265 prima,
789 1211 879 1264 qui
915 1226 1019 1253 non
1048 1211 1168 1252 vult
1203 1212 1255 1252 in
1294 1211 1527 1253 secunda
1564 1225 1838 1253 resurrec-

272 1284 424 1326 tione
454 1284 720 1336 damnari,
749 1283 933 1336 August.
964 1283 1055 1324 Lib.
1085 1284 1148 1325 20.
1178 1282 1242 1325 De
1271 1282 1396 1325 Civit.
1425 1282 1506 1324 Dei
1535 1297 1625 1336 cap.
1655 1283 1693 1324 6.

326 1354 480 1397 XLIII.
519 1355 585 1397 Ex
622 1355 702 1397 hac
741 1355 870 1397 etiam
909 1355 1113 1408 doctrina,
1152 1355 1204 1396 ad
1242 1354 1506 1397 moderatam
1543 1356 1585 1396 et
1611 1354 1836 1396 honestam

274 1427 568 1469 defunctorum
609 1441 835 1480 corporum
870 1440 1025 1479 curam,
1054 1426 1099 1468 in
1128 1440 1247 1479 spem
1274 1425 1597 1468 resurrectionis
1626 1425 1837 1467 dormien-

274 1500 394 1551 tium,
425 1499 602 1541 excitari
632 1498 844 1551 debemus,
876 1498 990 1552 quod
1018 1499 1071 1540 ab
1100 1498 1152 1540 iis
1184 1498 1286 1540 olim
1313 1498 1475 1540 factum
1505 1500 1582 1550 est,
1612 1497 1684 1551 qui
1712 1497 1838 1539 fidem

274 1586 393 1613 suam
422 1571 472 1613 de
501 1570 857 1624 promissionibus
888 1570 1054 1623 divinis,
1083 1571 1166 1612 hoc
1194 1570 1281 1612 ritu
1311 1570 1555 1623 sepulturae
1583 1568 1732 1611 testari
1764 1583 1838 1611 vo-

273 1643 463 1693 luerunt,
501 1642 641 1684 locum
679 1642 808 1684 etiam
845 1642 926 1683 sibi
955 1642 1200 1696 deligentes,
1232 1656 1315 1694 quo
1345 1641 1388 1683 id
1416 1641 1510 1682 aliis
1540 1655 1616 1682 suo
1645 1642 1839 1694 tempore

273 1716 570 1757 innotesceret.
600 1713 703 1755 Cum
733 1716 876 1756 autem
906 1713 1098 1756 Christus
1128 1716 1169 1756 et
1197 1713 1434 1767 Apostolus
1462 1712 1632 1765 Paulus,
1659 1727 1839 1766 corpora

272 1787 342 1840 pie
380 1785 689 1837 defunctorum,
729 1785 782 1827 ad
821 1785 1154 1827 confirmandam
1183 1799 1301 1838 spem
1328 1783 1663 1835 resurrectionis,
1694 1783 1838 1837 granis

272 1859 317 1900 in
353 1861 511 1900 terram
550 1858 753 1911 conjectis
783 1857 1143 1912 comparaverint3
1173 1857 1426 1909 indicarunt,
1457 1870 1506 1898 ea
1534 1855 1721 1898 studiose
1750 1870 1839 1897 esse

272 1933 410 1972 terrae
439 1930 690 1981 mandanda,
719 1929 748 1971 J
760 1930 836 1972 oh.
870 1931 931 1981 12,
959 1930 1022 1971 24.
1053 1930 1075 1971 1
1106 1929 1168 1971 ad
1198 1928 1309 1970 Cor.
1341 1928 1404 1980 15,
1434 1928 1497 1970 37.
1524 1927 1616 1977 Qua
1638 1927 1683 1969 in
1707 1942 1764 1980 re,
1791 1929 1839 1968 ut

275 2004 544 2056 contemptus
582 2002 755 2043 illorum
792 2001 1064 2043 detestandus
1100 2003 1176 2054 est,
1207 2002 1279 2054 qui
1308 2001 1529 2055 patiuntur
1558 2013 1739 2053 corpora
1768 1999 1839 2041 de-

272 2074 516 2116 functorum
550 2074 690 2127 jacere
727 2073 943 2127 insepulta
982 2073 1081 2126 (nisi
1108 2073 1152 2114 id
1181 2073 1231 2115 de
1261 2072 1516 2125 quibusdam
1543 2071 1620 2113 fiat
1649 2086 1699 2113 ex
1723 2072 1840 2123 justa

274 2146 531 2187 auctoritate
559 2145 751 2199 publica)
781 2145 842 2186 ita
869 2144 1082 2198 rejicimus
1114 2159 1282 2187 omnem
1311 2143 1672 2199 superstitionem,
1702 2144 1839 2197 qualis

275 2220 338 2259 est
380 2218 599 2271 multiplex
627 2217 738 2272 apud
768 2217 1018 2259 Pontificios
1046 2217 1090 2258 in
1119 2231 1220 2259 cura
1249 2231 1328 2270 pro
1356 2217 1559 2267 mortuis;
1587 2216 1736 2258 luxum
1764 2217 1839 2258 im—

274 2290 543 2332 moderatum
581 2292 709 2342 atque
746 2289 952 2340 inutilem,
992 2289 1127 2342 qualis
1165 2289 1209 2330 in
1248 2289 1459 2342 exsequiis
1489 2290 1736 2342 sumptuose
1764 2303 1840 2342 ap-

274 2362 475 2416 parandis
513 2377 537 2403 a
575 2361 790 2415 plerisque
829 2361 1054 2403 ambitiose
1083 2361 1209 2403 nimis
1238 2360 1484 2411 adhibetur3
1515 2360 1716 2402 stolidum
1745 2374 1840 2401 cen-

275 2436 427 2486 sentes,
458 2433 570 2486 quod
594 2433 756 2474 luctum
779 2433 823 2474 in
846 2433 992 2474 luxum
1017 2435 1282 2488 convertunt,
1308 2435 1350 2474 et
1374 2432 1603 2474 humanam
1626 2431 1840 2474 miseriam

273 2505 501 2547 ambitioso
531 2506 742 2558 apparatu
769 2505 885 2546 velut
911 2504 1194 2546 ludificantur.

329 2577 478 2620 XLIV.
524 2577 704 2629 Interea,
747 2576 781 2617 si
823 2576 907 2630 piis
944 2576 1107 2618 accidat
1145 2576 1376 2630 impiorum
1413 2575 1652 2629 tyrannide,
1690 2576 1739 2616 ut
1775 2575 1842 2617 vel

276 2649 481 2703 sepulcris
522 2648 669 2691 inferri
714 2663 859 2690 eorum
902 2662 1080 2702 corpora
1122 2647 1443 2702 prohibeantur,
1487 2648 1554 2689 vel
1592 2648 1682 2701 jam
1722 2647 1842 2689 illata

277 2724 489 2774 eruantur,
530 2721 643 2774 quod
682 2735 808 2774 saepe
845 2720 895 2761 fit
922 2719 966 2760 in
998 2719 1177 2773 Papatu,
1207 2721 1255 2760 ut
1284 2718 1386 2760 olim
1413 2718 1667 2761 Donatistae
1696 2719 1841 2771 conju-

278 2793 443 2835 ratione
487 2793 671 2846 quadam
714 2791 839 2843 facta,
878 2806 982 2833 non
1019 2791 1429 2845 permittebant
1467 2790 1693 2844 sepeliri
1732 2804 1841 2831 cor-

278 2878 410 2916 pora
459 2862 892 2915 Catholicorum,
935 2863 1025 2905 sed
1066 2865 1122 2905 ut
1162 2865 1445 2905 terrerent
1486 2863 1660 2913 vivos,
1704 2862 1841 2904 male

280 2934 599 2975 tractabant
623 2936 890 2986 mortuos,
914 2936 1181 2987 negantes
1205 2934 1493 2976 funeribus
1512 2933 1707 2985 locum,
1729 2932 1842 2986 apud

282 3006 488 3058 Optatum
531 3008 679 3048 contra
717 3005 912 3047 Parmen.
955 3005 1046 3047 Lib.
1089 3007 1126 3047 6.
1166 3006 1388 3047 subveniat
1426 3004 1531 3045 illud
1569 3003 1637 3045 Ps.
1675 3004 1738 3056 34,
1777 3004 1840 3046 21.
