1931 3224
252 173 330 214 336
720 142 722 144 Ι
798 171 1037 213 ΒῙΞΡΠΤΑΤΙΟ
1066 169 1265 212 XXXIII.

250 297 369 350 prior
405 297 515 337 ratio
553 297 853 349 imputationis
891 296 1044 337 diserte
1080 295 1323 337 removetur
1352 308 1376 334 a
1403 293 1579 346 negotio
1605 293 1813 346 justifica-

250 367 391 408 tionis.

304 436 462 479 XXIII.
499 437 657 479 Mirum
695 440 837 479 autem
875 437 945 478 hic
982 437 1116 478 videri
1145 451 1231 478 non
1261 436 1385 478 debet
1415 435 1623 477 Christi
1650 436 1813 488 justi-

250 510 381 550 tiam
418 524 503 550 non
542 509 862 550 meritoriae
902 508 1050 560 solum,
1089 508 1161 549 sed
1199 510 1241 549 et
1278 508 1613 559 materialis,
1650 507 1737 548 imo
1770 510 1811 549 et

249 580 501 621 formalis
545 594 693 621 causae
735 579 946 620 rationem
982 579 1150 630 habere,
1191 593 1285 619 cum
1321 578 1364 619 id
1403 578 1478 619 fiat
1517 578 1810 629 diversimode,

250 665 402 704 nempe
442 665 525 702 qua
560 650 632 690 illa
671 652 746 701 est,
785 652 964 703 propter
1004 650 1130 702 quod,
1162 649 1205 690 in
1245 663 1328 702 quo
1359 664 1432 690 seu
1461 663 1512 690 ex
1541 663 1638 701 quo,
1671 652 1712 690 et
1740 664 1815 703 per

256 722 369 774 quod
395 722 691 775 justificamur.

302 792 459 834 XXIV.
498 793 616 835 Haec
654 793 962 846 applicatio
1003 793 1055 834 in
1093 792 1217 834 nobis
1255 792 1304 834 fit
1344 807 1367 833 a
1397 791 1562 845 Spiritu
1593 790 1633 833 S.
1666 792 1688 833 1
1720 790 1814 833 Cor.

255 866 291 917 6,
324 866 386 906 11.
417 865 528 906 dono
559 864 720 906 scilicet
748 864 858 906 fidei.
888 864 985 917 Ipse
1016 865 1128 906 enim
1153 879 1244 906 eam
1268 878 1344 917 per
1367 863 1649 904 ministerium
1673 863 1815 905 Evan-

252 936 353 989 gelii
403 936 535 989 (quod
583 936 954 977 ministerium
994 935 1239 989 Spiritus
1279 934 1446 987 dicitur,
1485 935 1509 975 2
1550 933 1641 976 Cor.
1679 935 1717 984 3,
1757 934 1813 988 8.)

249 1007 484 1061 ingenerat,
532 1023 580 1049 ac
622 1007 765 1049 Verbo
809 1022 885 1049 suo
929 1010 970 1049 et
1008 1007 1293 1049 Sacramentis
1331 1006 1554 1048 confirmat
1595 1007 1636 1047 et
1675 1008 1815 1058 auget,

250 1078 359 1120 Phil.
389 1080 425 1131 1,
456 1080 519 1121 29.
551 1078 640 1121 Gal.
673 1079 708 1131 5,
739 1080 775 1120 5.
805 1078 929 1121 Unde
961 1081 1002 1120 et
1031 1078 1278 1132 Spiritus
1309 1077 1446 1119 fidei
1478 1077 1644 1128 dicitur,
1671 1078 1695 1117 2
1722 1076 1815 1118 Cor.

248 1152 286 1203 4,
332 1152 394 1192 13.
438 1166 522 1203 qua
564 1151 702 1193 Deum
743 1153 792 1192 ut
834 1151 1084 1204 gratiosum,
1129 1149 1346 1191 Christum
1387 1151 1434 1190 ut
1473 1147 1816 1202 Redemptorem,

252 1224 425 1276 ejusque
465 1223 692 1275 justitiam,
739 1226 780 1264 et
825 1237 875 1264 ex
918 1237 965 1263 ea
1006 1222 1141 1263 vitam
1184 1223 1399 1263 aeternam
1441 1219 1815 1273 apprehendimus,

251 1294 349 1337 Joh.
382 1296 416 1336 1.
448 1296 508 1336 12.
539 1293 662 1336 Rom.
693 1295 730 1346 9,
762 1294 825 1336 30.

302 1365 437 1407 XXV.
465 1365 507 1406 ‘A
536 1368 659 1419 parte
688 1380 789 1418 ergo
819 1367 980 1416 nostra,
1011 1364 1143 1416 fide,
1176 1364 1298 1406 Rom.
1330 1364 1367 1415 5,
1399 1365 1435 1404 2.
1465 1364 1560 1405 Act.
1591 1365 1655 1416 26,
1687 1364 1748 1405 18.
1776 1366 1817 1405 et

250 1452 308 1479 ex
339 1437 469 1489 fide,
501 1439 542 1478 et
572 1452 666 1490 per
694 1436 883 1488 fidem,
914 1435 1036 1477 Rom.
1067 1437 1104 1487 3,
1135 1436 1199 1477 30.
1221 1434 1517 1487 justificamur,
1545 1438 1587 1476 et
1608 1435 1817 1488 justificat

249 1524 326 1551 nos
354 1508 482 1550 Deus.
513 1508 662 1557 Fide,
691 1508 878 1560 inquam,
908 1508 961 1548 in
991 1506 1157 1548 Deum
1184 1508 1225 1547 et
1249 1507 1303 1548 in
1328 1505 1514 1547 Jesum
1539 1504 1818 1548 Christum

249 1579 558 1631 Dominum,
596 1579 692 1621 Act.
731 1579 794 1630 26,
833 1579 897 1620 18.
929 1593 987 1619 ex
1016 1577 1130 1618 fide
1160 1577 1213 1618 in
1241 1577 1430 1628 fidem,
1460 1575 1584 1618 Rom.
1615 1577 1652 1628 1,
1685 1578 1747 1619 17.
1778 1580 1819 1619 et

250 1651 421 1704 quidem
457 1650 569 1692 fide
609 1651 725 1692 sine
764 1650 1025 1703 operibus
1065 1648 1295 1699 exclusive;
1334 1648 1467 1700 fide,
1506 1651 1547 1690 et
1584 1664 1670 1691 non
1699 1664 1818 1702 ope-

248 1723 400 1764 ribus
438 1722 601 1776 legis,
641 1722 858 1777 opposite3
898 1724 939 1763 et
975 1735 1081 1762 non
1119 1720 1228 1762 nisi
1268 1736 1328 1762 ex
1358 1720 1493 1772 fide,
1525 1735 1573 1762 ac
1601 1721 1817 1761 tantum

248 1793 382 1846 fide,
420 1794 463 1835 id
501 1797 576 1846 est,
617 1794 708 1836 sola
746 1794 841 1846 fide,
878 1793 1002 1835 Rom.
1041 1794 1078 1845 3,
1110 1793 1172 1834 28.
1204 1793 1267 1834 30.
1299 1791 1390 1834 Gal.
1421 1794 1457 1844 2,
1491 1793 1553 1834 16.
1583 1791 1681 1834 Luc.
1711 1792 1748 1844 8,
1779 1793 1815 1834 5.

247 1865 372 1907 Unde
410 1865 538 1907 etiam
574 1867 751 1907 vocatur
785 1865 953 1918 justitia
990 1864 1105 1916 haec,
1144 1865 1376 1917 justitia
1414 1863 1572 1915 fidei,
1612 1863 1736 1905 Rom.
1775 1863 1814 1915 4,

248 1937 311 1978 11.
354 1938 417 1978 13.
458 1937 688 1990 justitia
731 1936 831 1978 Dei
875 1952 934 1978 ex
978 1938 1028 1978 et
1072 1951 1166 1989 per
1207 1935 1377 1977 fidem
1414 1935 1544 1977 Jesu
1583 1934 1813 1987 Christi,

247 2008 369 2050 Rom.
409 2009 445 2061 3,
484 2009 547 2049 22.
587 2011 628 2050 et
664 2009 701 2060 9,
740 2009 803 2050 30.
830 2007 1061 2061 justitia
1093 2021 1227 2059 quae
1258 2008 1338 2047 est
1368 2020 1428 2047 ex
1454 2005 1569 2047 Deo
1598 2006 1652 2047 in
1681 2005 1812 2058 fide,

247 2078 358 2121 Phil.
397 2081 433 2131 3,
470 2079 507 2120 4.
549 2080 693 2132 Atque
723 2094 771 2121 ea
801 2079 904 2121 fides
930 2078 1184 2132 justitiaque
1216 2092 1265 2119 ex
1295 2077 1390 2130 fide,
1423 2077 1510 2130 legi
1541 2079 1582 2118 et
1613 2077 1813 2130 operibus

247 2150 495 2203 meritisque
525 2151 720 2192 similiter
753 2150 997 2204 opponitur.

299 2221 456 2263 XXVI.
496 2222 641 2275 Atque
684 2225 776 2263 tum
818 2222 959 2264 fides
1003 2236 1090 2263 non
1131 2221 1258 2263 modo
1298 2220 1536 2262 doctrinam
1574 2219 1810 2273 Evangelii,

246 2293 442 2335 habitum
479 2294 776 2346 actionemque
814 2293 980 2345 mentis,
1020 2295 1124 2346 puta
1160 2292 1318 2334 nudam
1356 2291 1556 2333 notitiam
1594 2293 1635 2333 et
1664 2291 1810 2345 cogni-

243 2366 406 2407 tionem
435 2365 526 2418 Dei,
558 2365 715 2407 Christi
744 2368 786 2407 et
816 2364 999 2420 Spiritus
1029 2364 1188 2416 Sancti,
1219 2365 1290 2406 sed
1317 2366 1358 2406 et
1383 2363 1637 2418 complexim
1660 2363 1810 2405 volun-

244 2439 347 2479 tatis
377 2439 531 2489 actum,
560 2436 670 2491 Eph.
700 2437 737 2488 3,
765 2438 827 2478 12.
857 2437 919 2478 17.
948 2451 1101 2488 nempe
1130 2435 1328 2477 fiduciam
1357 2435 1400 2476 in
1428 2434 1566 2476 Deum
1597 2436 1639 2475 et
1668 2433 1810 2475 Chris-

245 2512 337 2550 tum
361 2524 409 2551 ac
433 2508 751 2562 promissiones,
776 2508 826 2550 de
851 2508 1096 2550 remissione
1120 2510 1404 2560 peccatorum,
1429 2505 1610 2559 justitia,
1635 2505 1808 2556 vitaque

247 2583 428 2632 aeterna,
473 2580 669 2622 denotat:
713 2594 816 2632 quas
857 2594 923 2621 res
958 2594 1092 2629 veras,
1132 2580 1173 2620 et
1211 2578 1345 2620 bonas
1384 2579 1427 2618 et
1465 2577 1684 2627 salutares,
1721 2589 1808 2616 non

245 2652 474 2693 universim
513 2652 653 2704 modo,
693 2651 765 2692 sed
804 2653 845 2692 et
876 2661 968 2692 now-³
1002 2650 1115 2698 ἰδίαν,
1148 2649 1371 2703 sigillatim
1402 2648 1483 2689 sibi
1512 2645 1806 2701 apprehendit,

246 2725 375 2775 atque
402 2724 464 2765 ita
490 2723 596 2765 licet·
620 2725 854 2773 extraneas,
883 2736 980 2763 suas
1009 2721 1124 2772 facit,
1154 2720 1277 2762 Matt.
1303 2721 1340 2772 9,
1371 2721 1408 2761 2.
1440 2718 1564 2760 Rom.
1589 2718 1626 2770 4,
1652 2718 1715 2758 20.
1740 2717 1805 2757 21.

247 2809 354 2846 quae
392 2794 535 2836 fides
570 2793 897 2847 justificans
935 2792 1064 2845 vulgo
1106 2792 1270 2834 dicitur.
1313 2790 1488 2840 Quando
1528 2803 1627 2831 vero
1665 2787 1804 2830 noti-

245 2865 357 2907 tiae
394 2865 652 2907 Justificatio
689 2864 906 2916 tribuitur,
944 2863 1015 2905 Es.
1045 2864 1108 2905 53.
1136 2862 1236 2905 Joh.
1267 2863 1330 2915 17,
1359 2863 1397 2904 3.
1427 2859 1732 2915 synecdochica
1760 2861 1803 2901 et

244 2935 445 2978 familiari
473 2936 581 2978 Heb.
610 2936 812 2989 loquendi
838 2934 1005 2977 ratione
1034 2935 1163 2977 etiam
1189 2934 1387 2976 fiduciam
1416 2931 1726 2985 complectitur.

298 3006 476 3049 XXVII.
504 3007 797 3050 Justificamur
826 3021 928 3060 ergo
957 3006 1037 3047 hac
1065 3005 1195 3058 fide,
1227 3020 1277 3046 ex
1306 3004 1417 3046 fide
1445 3005 1489 3046 et
1515 3018 1591 3055 per
1614 3002 1800 3053 fidem,
