1931 3224
260 156 310 195 88
878 146 1120 187 Dmmmmo
1150 141 1223 184 XI.

262 277 364 317 alias
409 277 553 315 notam
592 274 844 323 omittemus,
884 272 931 310 ut
970 269 1022 309 ad
1060 283 1148 310 rem
1185 267 1300 309 recta
1336 265 1565 307 veniamus.
1609 262 1809 305 Conside-

263 349 379 388 ratur
417 344 643 386 secundum
680 342 889 396 duplicem
927 342 1086 381 actum:
1124 353 1254 379 unum
1288 338 1519 388 aeternum,
1551 334 1733 376 alterum
1764 333 1810 375 111

264 421 473 470 tempore,
511 429 615 468 quos
640 429 722 455 una
752 412 993 454 definitione
1022 409 1249 463 complecti
1277 422 1515 462 possumus,
1545 406 1581 448 si
1610 405 1809 458 dicamus,

264 503 350 530 esse
393 484 885 540 praeexsistentem
928 482 980 522 in
1018 483 1192 522 mente
1223 478 1408 521 divina
1436 478 1706 519 rationem
1735 491 1810 519 or-

265 559 406 600 dinis
445 572 621 599 rerum
658 557 707 596 in
745 554 928 605 finem,
967 553 1020 593 id
1057 554 1158 604 est,
1189 550 1451 592 notitiam
1480 548 1579 591 Dei
1607 548 1811 602 practi-

264 646 392 680 cam,
434 644 532 681 qua
569 627 629 668 ab
669 628 892 667 aeterno
931 620 1375 677 praeordinavit,
1407 622 1458 661 et
1485 620 1539 660 in
1566 621 1812 673 tempore

263 700 459 752 dirigit
495 710 916 750 unamquamque
952 709 1061 736 rem
1099 694 1154 734 in
1189 693 1355 734 finem
1393 706 1562 742 suum,
1602 691 1664 732 ad
1702 690 1812 745 glo-

262 788 280 813 r
295 773 392 813 iam
417 785 573 811 suam.
600 768 720 810 Unde
745 769 923 819 constat,
950 764 1267 807 Providentiam
1285 763 1445 817 partim
1464 762 1517 803 ad
1535 761 1811 814 intellectum,

261 842 415 895 partim
458 841 509 882 ad
551 840 812 881 voluntatem
853 838 1083 890 pertinere3
1124 850 1219 877 cum
1258 834 1370 875 enim
1407 833 1463 875 sit
1500 833 1545 874 in
1581 832 1811 885 intellectu,

261 912 568 966 praesupponit
595 910 858 952 voluntatem
885 908 994 950 finis.

313 982 386 1024 III.
415 982 497 1024 Hic
527 997 621 1023 cum
648 981 878 1022 habeamus
903 979 1007 1021 duo:
1032 979 1242 1020 rationem
1267 976 1424 1019 ordinis
1451 978 1680 1028 aeternam,
1706 991 1814 1029 quae

263 1055 433 1107 proprie
470 1055 533 1094 est
568 1052 847 1106 providentia,
886 1053 928 1092 et
965 1050 1151 1104 ejusdem
1190 1048 1504 1091 exsecutionem
1532 1048 1578 1089 in
1607 1050 1814 1102 tempore,

263 1140 368 1177 quae
397 1124 548 1166 dicitur
578 1123 929 1176 gubernatio,
961 1124 1003 1163 et
1029 1121 1254 1163 creationis
1279 1120 1487 1173 quaedam
1510 1119 1628 1162 velut
1654 1118 1813 1172 συνοχή,

263 1197 311 1237 de
350 1211 431 1249 qua
469 1196 513 1236 in
549 1194 883 1249 praesentiarum
919 1193 1042 1235 nobis
1080 1192 1332 1246 praesertim
1365 1191 1577 1246 agendum
1608 1194 1690 1241 est;
1722 1206 1815 1234 eam

263 1268 545 1319 describimus,
585 1267 869 1309 Actualem
901 1268 951 1306 et
980 1265 1338 1318 temporalem
1370 1264 1604 1306 omnium
1633 1265 1684 1305 et
1713 1263 1814 1305 sin-

263 1338 509 1391 gularum
547 1353 719 1380 rerum
757 1352 888 1390 quae
926 1339 1051 1378 sunt
1081 1339 1130 1378 et
1157 1336 1323 1389 fiunt,
1349 1337 1510 1389 juxta
1540 1335 1815 1377 decretum

262 1409 359 1451 Dei
399 1412 693 1461 aeternum,
732 1408 1074 1450 immutabile
1113 1411 1163 1450 et
1199 1407 1561 1460 liberrimum,
1602 1420 1815 1449 conser-

266 1481 556 1532 vationem,
612 1480 976 1522 directionem
1027 1482 1078 1521 et
1122 1479 1505 1522 deductionem
1548 1479 1610 1521 ad
1651 1478 1817 1520 finem

264 1552 324 1593 ab
353 1552 472 1604 ipso
503 1551 948 1604 determinatum,
979 1551 1396 1605 sapientissime
1425 1552 1477 1593 et
1501 1550 1816 1604 justissime

261 1623 465 1665 factam
494 1623 555 1664 ad
584 1624 760 1678 ipsius
790 1624 1034 1677 gloriam.

314 1694 386 1736 IV.
426 1694 530 1736 Esse
558 1696 602 1736 in
630 1695 720 1737 Deo
749 1695 1079 1744 Providentiam,
1108 1710 1231 1737 nemo
1260 1695 1344 1736 nisi
1374 1709 1550 1749 prorsus
1583 1693 1709 1742 ἄθεος
1744 1709 1818 1737 ne-

265 1781 363 1819 gare
394 1769 548 1820 potest,
579 1767 677 1819 quia
705 1767 814 1808 ratio
845 1768 933 1818 ejus
962 1767 1023 1808 ita
1053 1782 1148 1808 cum
1173 1767 1395 1809 divinitate
1419 1767 1645 1820 conjuncta
1671 1769 1746 1819 est,
1770 1769 1818 1808 ut

263 1839 378 1880 nullo
418 1841 543 1892 pacto
582 1838 718 1891 possit
747 1839 954 1891 separari;
993 1838 1098 1880 adeo
1127 1841 1175 1880 ut
1204 1853 1349 1881 omnes
1379 1838 1541 1892 alioqui
1568 1852 1691 1880 verae
1719 1837 1818 1880 reli-

264 1909 403 1962 gionis
441 1911 644 1962 expertes,
683 1909 724 1949 vi
760 1909 853 1962 ipsa
891 1912 931 1950 et
969 1909 1151 1962 quadam
1179 1910 1433 1951 necessitate
1463 1909 1684 1963 compulsi,
1714 1925 1818 1964 pen-

265 1980 360 2021 dere
405 1980 545 2021 omnia
586 1995 610 2020 a
651 1979 754 2032 Deo,
795 1983 836 2021 et
873 1981 1043 2033 moveri,
1085 1995 1132 2022 ac
1170 1981 1261 2034 regi
1299 1981 1565 2034 agnoverint.
1603 1980 1819 2023 Videbant

266 2052 388 2103 enim,
429 2066 522 2093 cum
550 2050 664 2092 Deus
696 2052 750 2092 sit
780 2052 967 2093 omnium
994 2067 1135 2094 rerum
1163 2067 1301 2105 causa,
1332 2055 1374 2094 et
1403 2067 1527 2094 omne
1556 2067 1686 2107 agens
1716 2055 1820 2107 agat

267 2124 442 2176 propter
477 2122 615 2174 finem,
656 2122 751 2164 inde
789 2124 920 2176 sequi,
958 2123 1108 2176 Deum,
1149 2125 1222 2178 qui
1255 2124 1371 2166 Deus
1403 2139 1505 2176 esse,
1537 2126 1578 2166 et
1607 2123 1819 2178 sapientia

267 2208 404 2235 carere
442 2207 527 2235 non
569 2196 723 2246 potest,
766 2209 830 2236 res
876 2210 1018 2237 omnes
1062 2196 1114 2237 ad
1157 2211 1279 2238 suum
1316 2196 1444 2237 finem
1482 2195 1690 2237 ordinare.
1727 2193 1820 2238 Nec

270 2266 499 2317 potuerunt
538 2264 726 2306 ordinem
761 2265 882 2307 illum
920 2267 1209 2321 contemplari,
1239 2267 1284 2309 in
1312 2269 1402 2310 tam
1430 2270 1533 2322 apta
1560 2282 1701 2310 rerum
1729 2282 1820 2310 om-

267 2335 384 2375 nium
422 2334 466 2375 111
505 2335 660 2376 mundo
700 2337 1066 2388 concatenatione3
1097 2338 1320 2392 aptissima
1349 2341 1391 2380 et
1420 2339 1821 2382 convenientissima

269 2406 454 2459 partium
494 2407 680 2448 omnium
717 2407 1016 2460 dispositione3
1053 2412 1248 2452 motuum
1277 2411 1578 2464 actionumque
1607 2411 1733 2453 certis
1761 2410 1820 2452 le-

271 2477 394 2532 gibus
433 2478 716 2519 constantium
746 2479 1019 2531 successione,
1048 2480 1092 2522 in
1120 2481 1246 2522 rebus
1272 2481 1401 2524 etiam
1430 2497 1555 2524 sensu
1583 2484 1625 2524 et
1653 2482 1821 2524 ratione

271 2550 531 2600 carentibus3
587 2551 688 2603 quin
730 2550 944 2605 inferrent,
987 2568 1075 2596 esse
1113 2557 1298 2597 mentem
1336 2554 1548 2607 quandam
1585 2555 1821 2610 sapientem

275 2622 431 2664 ordinis
473 2622 602 2664 illius
628 2623 889 2676 effectricem,
931 2624 1193 2668 directricem
1223 2629 1265 2668 et
1295 2627 1660 2669 conservatricem.
1687 2626 1820 2677 Quo-

274 2694 411 2735 niam
448 2694 499 2736 id
539 2695 677 2748 quod
707 2695 765 2737 de
794 2694 902 2737 Deo
932 2699 1191 2753 cognosci
1219 2701 1426 2752 potest,
1457 2699 1821 2741 manifestum

275 2767 356 2805 cst
393 2765 444 2806 in
482 2766 641 2819 ipsis,
682 2765 822 2809 Deus
861 2768 997 2809 enim
1033 2769 1108 2810 eis
1137 2770 1484 2813 manifestum
1511 2770 1668 2824 fecit,
1697 2770 1820 2814 Rom.

276 2836 309 2887 1,
341 2836 401 2877 19.
430 2837 492 2878 20.
1687 2834 1690 2835 ⁷

328 2904 378 2946 V.
418 2906 665 2949 Christianis
704 2909 894 2951 sufficere
933 2910 1084 2952 debent
1123 2913 1390 2966 apertissima
1428 2914 1673 2969 Scripturae
1698 2914 1821 2957 testi-

279 2976 430 3026 monia,
474 2977 516 3017 in
559 2992 641 3029 qua
682 2979 798 3020 nulla
840 2994 939 3032 pars
981 2981 1196 3024 doctrinae
1238 2984 1433 3026 coelestis
1475 2984 1741 3038 frequentius
1779 2988 1821 3027 et
