<?xml version="1.0" encoding="UTF-8"?>
<!DOCTYPE html PUBLIC "-//W3C//DTD XHTML 1.0 Transitional//EN"
    "http://www.w3.org/TR/xhtml1/DTD/xhtml1-transitional.dtd">
<html xmlns="http://www.w3.org/1999/xhtml" xml:lang="en" lang="en">
 <head>
  <title>
</title>
<meta http-equiv="Content-Type" content="text/html;charset=utf-8" />
  <meta name='ocr-system' content='tesseract 3.04.00' />
  <meta name='ocr-capabilities' content='ocr_page ocr_carea ocr_par ocr_line ocrx_word'/>
</head>
<body>
  <div class='ocr_page' id='page_1' title='image "./synopsispurioris00poly_0076.png"; bbox 0 0 1931 3224; ppageno 0'>
   <div class='ocr_carea' id='block_1_1' title="bbox 251 143 1188 200">
    <p class='ocr_par' dir='ltr' id='par_1_1' title="bbox 251 143 1188 200">
     <span class='ocr_line' id='line_1_1' title="bbox 251 143 1188 200; baseline -0.004 -11"><span class='ocrx_word' id='word_1_1' title='bbox 251 160 303 200; x_wconf 69' lang='lat'>54</span> <span class='ocrx_word' id='word_1_2' title='bbox 849 147 1088 189; x_wconf 78' lang='lat' dir='ltr'>DISPUTATIO</span> <span class='ocrx_word' id='word_1_3' title='bbox 1115 143 1188 185; x_wconf 87' lang='lat' dir='ltr'>VI.</span> 
     </span>
    </p>
   </div>
   <div class='ocr_carea' id='block_1_2' title="bbox 205 264 1827 3030">
    <p class='ocr_par' dir='ltr' id='par_1_2' title="bbox 250 264 1794 398">
     <span class='ocr_line' id='line_1_2' title="bbox 251 264 1794 335; baseline -0.01 -12"><span class='ocrx_word' id='word_1_4' title='bbox 251 280 414 335; x_wconf 83' lang='lat' dir='ltr'>generis</span> <span class='ocrx_word' id='word_1_5' title='bbox 443 293 514 320; x_wconf 86' lang='lat' dir='ltr'>seu</span> <span class='ocrx_word' id='word_1_6' title='bbox 545 275 792 321; x_wconf 66' lang='grc' dir='ltr'>ἀκοινώνητκ,</span> <span class='ocrx_word' id='word_1_7' title='bbox 824 265 1388 315; x_wconf 84' lang='lat' dir='ltr'>incommunicabilia3</span> <span class='ocrx_word' id='word_1_8' title='bbox 1418 264 1501 307; x_wconf 88' lang='lat' dir='ltr'>alia</span> <span class='ocrx_word' id='word_1_9' title='bbox 1528 265 1698 307; x_wconf 88' lang='lat' dir='ltr'>secundi</span> <span class='ocrx_word' id='word_1_10' title='bbox 1721 280 1794 308; x_wconf 89' lang='lat' dir='ltr'>seu</span> 
     </span>
     <span class='ocr_line' id='line_1_3' title="bbox 250 340 978 398; baseline -0.019 -4"><span class='ocrx_word' id='word_1_11' title='bbox 250 350 466 398; x_wconf 67' lang='grc' dir='ltr'>κεινωνητέε,</span> <span class='ocrx_word' id='word_1_12' title='bbox 496 340 978 389; x_wconf 87' lang='lat' dir='ltr'>communicabilia.</span> 
     </span>
    </p>

    <p class='ocr_par' dir='ltr' id='par_1_3' title="bbox 248 405 1798 1098">
     <span class='ocr_line' id='line_1_4' title="bbox 301 405 1796 463; baseline -0.008 -1"><span class='ocrx_word' id='word_1_13' title='bbox 301 419 456 462; x_wconf 84' lang='lat' dir='ltr'>XXIII.</span> <span class='ocrx_word' id='word_1_14' title='bbox 499 417 574 459; x_wconf 87' lang='lat' dir='ltr'>Illa</span> <span class='ocrx_word' id='word_1_15' title='bbox 616 416 819 463; x_wconf 89' lang='lat' dir='ltr'>dicuntur,</span> <span class='ocrx_word' id='word_1_16' title='bbox 862 425 968 463; x_wconf 85' lang='lat' dir='ltr'>quae</span> <span class='ocrx_word' id='word_1_17' title='bbox 1008 424 1053 450; x_wconf 92' lang='lat' dir='ltr'>re</span> <span class='ocrx_word' id='word_1_18' title='bbox 1094 408 1186 461; x_wconf 90' lang='lat' dir='ltr'>ipsa</span> <span class='ocrx_word' id='word_1_19' title='bbox 1229 406 1458 448; x_wconf 88' lang='lat' dir='ltr'>secundum</span> <span class='ocrx_word' id='word_1_20' title='bbox 1495 405 1716 459; x_wconf 83' lang='lat' dir='ltr'>propriam</span> <span class='ocrx_word' id='word_1_21' title='bbox 1753 410 1796 450; x_wconf 84' lang='lat' dir='ltr'>et</span> 
     </span>
     <span class='ocr_line' id='line_1_5' title="bbox 250 476 1797 543; baseline -0.009 -10"><span class='ocrx_word' id='word_1_22' title='bbox 250 492 456 543; x_wconf 81' lang='lat' dir='ltr'>integram</span> <span class='ocrx_word' id='word_1_23' title='bbox 494 501 643 528; x_wconf 84' lang='lat' dir='ltr'>vocum</span> <span class='ocrx_word' id='word_1_24' title='bbox 680 483 905 532; x_wconf 88' lang='lat' dir='ltr'>notionem,</span> <span class='ocrx_word' id='word_1_25' title='bbox 944 478 1148 521; x_wconf 72' lang='lat' dir='ltr'>creaturis</span> <span class='ocrx_word' id='word_1_26' title='bbox 1184 492 1270 519; x_wconf 91' lang='lat' dir='ltr'>non</span> <span class='ocrx_word' id='word_1_27' title='bbox 1310 476 1686 529; x_wconf 65' lang='lat' dir='ltr'>communicamur,</span> <span class='ocrx_word' id='word_1_28' title='bbox 1723 477 1797 519; x_wconf 88' lang='lat' dir='ltr'>sed</span> 
     </span>
     <span class='ocr_line' id='line_1_6' title="bbox 250 547 1797 613; baseline -0.009 -10"><span class='ocrx_word' id='word_1_29' title='bbox 250 562 389 613; x_wconf 85' lang='lat' dir='ltr'>aliqua</span> <span class='ocrx_word' id='word_1_30' title='bbox 430 562 592 600; x_wconf 78' lang='lat' dir='ltr'>tantuin</span> <span class='ocrx_word' id='word_1_31' title='bbox 636 558 755 609; x_wconf 87' lang='lat' dir='ltr'>parte</span> <span class='ocrx_word' id='word_1_32' title='bbox 798 556 838 594; x_wconf 89' lang='lat' dir='ltr'>et</span> <span class='ocrx_word' id='word_1_33' title='bbox 881 552 1136 604; x_wconf 86' lang='lat' dir='ltr'>comparate,</span> <span class='ocrx_word' id='word_1_34' title='bbox 1179 550 1227 589; x_wconf 89' lang='lat' dir='ltr'>ut</span> <span class='ocrx_word' id='word_1_35' title='bbox 1269 550 1367 588; x_wconf 88' lang='lat' dir='ltr'>sunt</span> <span class='ocrx_word' id='word_1_36' title='bbox 1410 562 1509 589; x_wconf 86' lang='lat' dir='ltr'>vera</span> <span class='ocrx_word' id='word_1_37' title='bbox 1548 547 1797 601; x_wconf 87' lang='lat' dir='ltr'>simplicitas</span> 
     </span>
     <span class='ocr_line' id='line_1_7' title="bbox 252 618 1796 684; baseline -0.008 -11"><span class='ocrx_word' id='word_1_38' title='bbox 252 633 377 684; x_wconf 86' lang='lat' dir='ltr'>(unde</span> <span class='ocrx_word' id='word_1_39' title='bbox 406 629 610 682; x_wconf 84' lang='lat' dir='ltr'>dependet</span> <span class='ocrx_word' id='word_1_40' title='bbox 638 626 789 675; x_wconf 88' lang='lat' dir='ltr'>unitas,</span> <span class='ocrx_word' id='word_1_41' title='bbox 818 619 1157 672; x_wconf 70' lang='lat' dir='ltr'>immutabilitas)</span> <span class='ocrx_word' id='word_1_42' title='bbox 1189 621 1230 660; x_wconf 88' lang='lat' dir='ltr'>et</span> <span class='ocrx_word' id='word_1_43' title='bbox 1258 618 1458 669; x_wconf 74' lang='lat' dir='ltr'>infinitas,</span> <span class='ocrx_word' id='word_1_44' title='bbox 1488 618 1531 660; x_wconf 89' lang='lat' dir='ltr'>id</span> <span class='ocrx_word' id='word_1_45' title='bbox 1561 621 1635 670; x_wconf 89' lang='lat' dir='ltr'>est,</span> <span class='ocrx_word' id='word_1_46' title='bbox 1661 621 1796 661; x_wconf 85' lang='lat' dir='ltr'>aeter—</span> 
     </span>
     <span class='ocr_line' id='line_1_8' title="bbox 250 689 1797 752; baseline -0.01 -8"><span class='ocrx_word' id='word_1_47' title='bbox 250 704 356 744; x_wconf 81' lang='lat' dir='ltr'>nitas</span> <span class='ocrx_word' id='word_1_48' title='bbox 386 704 427 742; x_wconf 89' lang='lat' dir='ltr'>et</span> <span class='ocrx_word' id='word_1_49' title='bbox 454 697 722 740; x_wconf 80' lang='lat' dir='ltr'>immensitas.</span> <span class='ocrx_word' id='word_1_50' title='bbox 754 694 870 744; x_wconf 84' lang='lat' dir='ltr'>Quae</span> <span class='ocrx_word' id='word_1_51' title='bbox 897 693 959 733; x_wconf 90' lang='lat' dir='ltr'>ita</span> <span class='ocrx_word' id='word_1_52' title='bbox 989 691 1247 744; x_wconf 85' lang='lat' dir='ltr'>distinguere</span> <span class='ocrx_word' id='word_1_53' title='bbox 1276 689 1375 730; x_wconf 87' lang='lat' dir='ltr'>licet</span> <span class='ocrx_word' id='word_1_54' title='bbox 1403 692 1451 730; x_wconf 87' lang='lat' dir='ltr'>ut</span> <span class='ocrx_word' id='word_1_55' title='bbox 1481 689 1691 752; x_wconf 24' lang='lat' dir='ltr'>quaedam·</span> <span class='ocrx_word' id='word_1_56' title='bbox 1713 689 1797 731; x_wconf 88' lang='lat' dir='ltr'>sint</span> 
     </span>
     <span class='ocr_line' id='line_1_9' title="bbox 249 759 1797 827; baseline -0.008 -12"><span class='ocrx_word' id='word_1_57' title='bbox 249 772 520 827; x_wconf 87' lang='lat' dir='ltr'>generaliora,</span> <span class='ocrx_word' id='word_1_58' title='bbox 551 772 596 809; x_wconf 93' lang='lat' dir='ltr'>ut</span> <span class='ocrx_word' id='word_1_59' title='bbox 627 781 731 820; x_wconf 90' lang='lat' dir='ltr'>quae</span> <span class='ocrx_word' id='word_1_60' title='bbox 759 765 900 820; x_wconf 88' lang='lat' dir='ltr'>plures</span> <span class='ocrx_word' id='word_1_61' title='bbox 929 762 1164 816; x_wconf 85' lang='lat' dir='ltr'>categorias</span> <span class='ocrx_word' id='word_1_62' title='bbox 1194 760 1438 814; x_wconf 87' lang='lat' dir='ltr'>respiciunt,</span> <span class='ocrx_word' id='word_1_63' title='bbox 1469 774 1614 801; x_wconf 90' lang='lat' dir='ltr'>earum</span> <span class='ocrx_word' id='word_1_64' title='bbox 1638 759 1797 803; x_wconf 88' lang='lat' dir='ltr'>scilicet</span> 
     </span>
     <span class='ocr_line' id='line_1_10' title="bbox 248 829 1798 896; baseline -0.007 -11"><span class='ocrx_word' id='word_1_65' title='bbox 248 843 516 896; x_wconf 85' lang='lat' dir='ltr'>negationem</span> <span class='ocrx_word' id='word_1_66' title='bbox 539 837 778 887; x_wconf 80' lang='lat' dir='ltr'>indicantia,</span> <span class='ocrx_word' id='word_1_67' title='bbox 802 838 849 877; x_wconf 89' lang='lat' dir='ltr'>ut</span> <span class='ocrx_word' id='word_1_68' title='bbox 873 833 1122 887; x_wconf 84' lang='lat' dir='ltr'>simplicitas</span> <span class='ocrx_word' id='word_1_69' title='bbox 1148 835 1189 874; x_wconf 92' lang='lat' dir='ltr'>et</span> <span class='ocrx_word' id='word_1_70' title='bbox 1218 829 1561 881; x_wconf 81' lang='lat' dir='ltr'>immutabilitas3</span> <span class='ocrx_word' id='word_1_71' title='bbox 1591 831 1798 884; x_wconf 88' lang='lat' dir='ltr'>quaedam</span> 
     </span>
     <span class='ocr_line' id='line_1_11' title="bbox 248 901 1798 968; baseline -0.008 -12"><span class='ocrx_word' id='word_1_72' title='bbox 248 913 504 968; x_wconf 87' lang='lat' dir='ltr'>specialiora,</span> <span class='ocrx_word' id='word_1_73' title='bbox 548 913 595 951; x_wconf 92' lang='lat' dir='ltr'>ut</span> <span class='ocrx_word' id='word_1_74' title='bbox 635 908 833 958; x_wconf 82' lang='lat' dir='ltr'>infinitas,</span> <span class='ocrx_word' id='word_1_75' title='bbox 877 906 1003 959; x_wconf 86' lang='lat' dir='ltr'>(quae</span> <span class='ocrx_word' id='word_1_76' title='bbox 1046 904 1179 946; x_wconf 89' lang='lat' dir='ltr'>solam</span> <span class='ocrx_word' id='word_1_77' title='bbox 1221 901 1535 956; x_wconf 75' lang='lat' dir='ltr'>quantitatem)</span> <span class='ocrx_word' id='word_1_78' title='bbox 1562 904 1603 944; x_wconf 90' lang='lat' dir='ltr'>et</span> <span class='ocrx_word' id='word_1_79' title='bbox 1638 902 1714 944; x_wconf 90' lang='lat' dir='ltr'>sub</span> <span class='ocrx_word' id='word_1_80' title='bbox 1754 917 1798 945; x_wconf 87' lang='lat' dir='ltr'>se</span> 
     </span>
     <span class='ocr_line' id='line_1_12' title="bbox 249 973 1797 1028; baseline -0.007 -1"><span class='ocrx_word' id='word_1_81' title='bbox 249 984 434 1027; x_wconf 80' lang='lat' dir='ltr'>continet</span> <span class='ocrx_word' id='word_1_82' title='bbox 470 981 763 1024; x_wconf 89' lang='lat' dir='ltr'>aeternitatem</span> <span class='ocrx_word' id='word_1_83' title='bbox 802 981 842 1020; x_wconf 91' lang='lat' dir='ltr'>et</span> <span class='ocrx_word' id='word_1_84' title='bbox 878 975 1217 1019; x_wconf 87' lang='lat' dir='ltr'>immensitatem.</span> <span class='ocrx_word' id='word_1_85' title='bbox 1255 974 1397 1028; x_wconf 87' lang='lat' dir='ltr'>Atque</span> <span class='ocrx_word' id='word_1_86' title='bbox 1434 974 1514 1016; x_wconf 87' lang='lat' dir='ltr'>hae</span> <span class='ocrx_word' id='word_1_87' title='bbox 1556 973 1797 1016; x_wconf 87' lang='lat' dir='ltr'>infallibiles</span> 
     </span>
     <span class='ocr_line' id='line_1_13' title="bbox 248 1054 720 1098; baseline -0.015 0"><span class='ocrx_word' id='word_1_88' title='bbox 248 1055 428 1098; x_wconf 87' lang='lat' dir='ltr'>Deitatis</span> <span class='ocrx_word' id='word_1_89' title='bbox 455 1057 581 1095; x_wconf 89' lang='lat' dir='ltr'>notae</span> <span class='ocrx_word' id='word_1_90' title='bbox 612 1054 720 1093; x_wconf 88' lang='lat' dir='ltr'>sunt.</span> 
     </span>
    </p>

    <p class='ocr_par' dir='ltr' id='par_1_4' title="bbox 247 1117 1801 1959">
     <span class='ocr_line' id='line_1_14' title="bbox 300 1117 1799 1176; baseline -0.005 -8"><span class='ocrx_word' id='word_1_91' title='bbox 300 1125 454 1168; x_wconf 86' lang='lat' dir='ltr'>XXIV.</span> <span class='ocrx_word' id='word_1_92' title='bbox 506 1122 850 1176; x_wconf 81' lang='lat' dir='ltr'>Simplicitas</span> <span class='ocrx_word' id='word_1_93' title='bbox 901 1121 964 1161; x_wconf 88' lang='lat' dir='ltr'>est</span> <span class='ocrx_word' id='word_1_94' title='bbox 1005 1118 1260 1160; x_wconf 89' lang='lat' dir='ltr'>attributum</span> <span class='ocrx_word' id='word_1_95' title='bbox 1303 1117 1507 1160; x_wconf 88' lang='lat' dir='ltr'>essentiae</span> <span class='ocrx_word' id='word_1_96' title='bbox 1548 1117 1630 1159; x_wconf 92' lang='lat' dir='ltr'>Dei</span> <span class='ocrx_word' id='word_1_97' title='bbox 1671 1117 1799 1172; x_wconf 83' lang='lat' dir='ltr'>primi</span> 
     </span>
     <span class='ocr_line' id='line_1_15' title="bbox 248 1188 1798 1252; baseline -0.006 -13"><span class='ocrx_word' id='word_1_98' title='bbox 248 1197 423 1252; x_wconf 85' lang='lat' dir='ltr'>generis,</span> <span class='ocrx_word' id='word_1_99' title='bbox 458 1198 498 1237; x_wconf 92' lang='lat' dir='ltr'>et</span> <span class='ocrx_word' id='word_1_100' title='bbox 529 1194 694 1248; x_wconf 86' lang='lat' dir='ltr'>quidem</span> <span class='ocrx_word' id='word_1_101' title='bbox 724 1191 974 1249; x_wconf 84' lang='lat' dir='ltr'>generalius,</span> <span class='ocrx_word' id='word_1_102' title='bbox 1005 1205 1087 1243; x_wconf 88' lang='lat' dir='ltr'>qua</span> <span class='ocrx_word' id='word_1_103' title='bbox 1116 1189 1189 1231; x_wconf 88' lang='lat' dir='ltr'>illa</span> <span class='ocrx_word' id='word_1_104' title='bbox 1219 1188 1354 1232; x_wconf 90' lang='lat' dir='ltr'>omnis</span> <span class='ocrx_word' id='word_1_105' title='bbox 1385 1188 1556 1230; x_wconf 87' lang='lat' dir='ltr'>omnino</span> <span class='ocrx_word' id='word_1_106' title='bbox 1587 1188 1798 1242; x_wconf 91' lang='lat' dir='ltr'>composi-</span> 
     </span>
     <span class='ocr_line' id='line_1_16' title="bbox 247 1259 1798 1320; baseline -0.006 -9"><span class='ocrx_word' id='word_1_107' title='bbox 247 1269 375 1311; x_wconf 90' lang='lat' dir='ltr'>tionis</span> <span class='ocrx_word' id='word_1_108' title='bbox 414 1281 560 1320; x_wconf 81' lang='lat' dir='ltr'>expers</span> <span class='ocrx_word' id='word_1_109' title='bbox 598 1265 870 1319; x_wconf 84' lang='lat' dir='ltr'>significatur,</span> <span class='ocrx_word' id='word_1_110' title='bbox 910 1262 995 1303; x_wconf 88' lang='lat' dir='ltr'>sive</span> <span class='ocrx_word' id='word_1_111' title='bbox 1035 1276 1083 1302; x_wconf 82' lang='lat' dir='ltr'>ea</span> <span class='ocrx_word' id='word_1_112' title='bbox 1121 1260 1175 1302; x_wconf 89' lang='lat' dir='ltr'>sit</span> <span class='ocrx_word' id='word_1_113' title='bbox 1204 1276 1255 1302; x_wconf 80' lang='lat' dir='ltr'>ex</span> <span class='ocrx_word' id='word_1_114' title='bbox 1283 1260 1478 1314; x_wconf 86' lang='lat' dir='ltr'>partibus</span> <span class='ocrx_word' id='word_1_115' title='bbox 1507 1259 1798 1302; x_wconf 87' lang='lat' dir='ltr'>materialibus</span> 
     </span>
     <span class='ocr_line' id='line_1_17' title="bbox 249 1331 1799 1392; baseline -0.006 -11"><span class='ocrx_word' id='word_1_116' title='bbox 249 1343 289 1382; x_wconf 94' lang='lat' dir='ltr'>et</span> <span class='ocrx_word' id='word_1_117' title='bbox 318 1337 639 1392; x_wconf 73' lang='lat' dir='ltr'>integrantibus‚</span> <span class='ocrx_word' id='word_1_118' title='bbox 670 1336 755 1377; x_wconf 87' lang='lat' dir='ltr'>sive</span> <span class='ocrx_word' id='word_1_119' title='bbox 785 1333 1090 1384; x_wconf 88' lang='lat' dir='ltr'>essentialibus,</span> <span class='ocrx_word' id='word_1_120' title='bbox 1120 1331 1299 1374; x_wconf 85' lang='lat' dir='ltr'>materia</span> <span class='ocrx_word' id='word_1_121' title='bbox 1328 1333 1369 1373; x_wconf 88' lang='lat' dir='ltr'>et</span> <span class='ocrx_word' id='word_1_122' title='bbox 1398 1331 1545 1381; x_wconf 84' lang='lat' dir='ltr'>forma,</span> <span class='ocrx_word' id='word_1_123' title='bbox 1575 1345 1728 1384; x_wconf 87' lang='lat' dir='ltr'>genere</span> <span class='ocrx_word' id='word_1_124' title='bbox 1757 1333 1799 1373; x_wconf 94' lang='lat' dir='ltr'>et</span> 
     </span>
     <span class='ocr_line' id='line_1_18' title="bbox 249 1402 1799 1461; baseline -0.006 -9"><span class='ocrx_word' id='word_1_125' title='bbox 249 1409 493 1461; x_wconf 86' lang='lat' dir='ltr'>differentia,</span> <span class='ocrx_word' id='word_1_126' title='bbox 525 1408 711 1461; x_wconf 88' lang='lat' dir='ltr'>subjecto</span> <span class='ocrx_word' id='word_1_127' title='bbox 743 1409 783 1449; x_wconf 89' lang='lat' dir='ltr'>et</span> <span class='ocrx_word' id='word_1_128' title='bbox 812 1406 1037 1457; x_wconf 88' lang='lat' dir='ltr'>accidente,</span> <span class='ocrx_word' id='word_1_129' title='bbox 1067 1407 1164 1446; x_wconf 87' lang='lat' dir='ltr'>actu</span> <span class='ocrx_word' id='word_1_130' title='bbox 1194 1406 1235 1446; x_wconf 94' lang='lat' dir='ltr'>et</span> <span class='ocrx_word' id='word_1_131' title='bbox 1263 1403 1469 1458; x_wconf 87' lang='lat' dir='ltr'>potentia,</span> <span class='ocrx_word' id='word_1_132' title='bbox 1501 1417 1589 1444; x_wconf 88' lang='lat' dir='ltr'>esse</span> <span class='ocrx_word' id='word_1_133' title='bbox 1619 1402 1799 1456; x_wconf 86' lang='lat' dir='ltr'>denique</span> 
     </span>
     <span class='ocr_line' id='line_1_19' title="bbox 250 1474 1799 1532; baseline -0.003 -10"><span class='ocrx_word' id='word_1_134' title='bbox 250 1483 290 1522; x_wconf 88' lang='lat' dir='ltr'>et</span> <span class='ocrx_word' id='word_1_135' title='bbox 328 1480 505 1521; x_wconf 88' lang='lat' dir='ltr'>essentia</span> <span class='ocrx_word' id='word_1_136' title='bbox 533 1482 660 1532; x_wconf 90' lang='lat' dir='ltr'>atque</span> <span class='ocrx_word' id='word_1_137' title='bbox 685 1477 947 1527; x_wconf 84' lang='lat' dir='ltr'>exsistentia3</span> <span class='ocrx_word' id='word_1_138' title='bbox 979 1492 1026 1518; x_wconf 89' lang='lat' dir='ltr'>ac</span> <span class='ocrx_word' id='word_1_139' title='bbox 1054 1476 1232 1530; x_wconf 89' lang='lat' dir='ltr'>proinde</span> <span class='ocrx_word' id='word_1_140' title='bbox 1261 1491 1358 1518; x_wconf 86' lang='lat' dir='ltr'>vere</span> <span class='ocrx_word' id='word_1_141' title='bbox 1383 1474 1694 1529; x_wconf 85' lang='lat' dir='ltr'>simplicissima</span> <span class='ocrx_word' id='word_1_142' title='bbox 1723 1477 1799 1518; x_wconf 87' lang='lat' dir='ltr'>est.</span> 
     </span>
     <span class='ocr_line' id='line_1_20' title="bbox 251 1545 1799 1603; baseline -0.003 -11"><span class='ocrx_word' id='word_1_143' title='bbox 251 1551 371 1600; x_wconf 79' lang='lat' dir='ltr'>Quod</span> <span class='ocrx_word' id='word_1_144' title='bbox 409 1551 576 1603; x_wconf 88' lang='lat' dir='ltr'>quidem</span> <span class='ocrx_word' id='word_1_145' title='bbox 614 1565 663 1592; x_wconf 88' lang='lat' dir='ltr'>ex</span> <span class='ocrx_word' id='word_1_146' title='bbox 702 1564 749 1591; x_wconf 90' lang='lat' dir='ltr'>eo</span> <span class='ocrx_word' id='word_1_147' title='bbox 789 1551 964 1601; x_wconf 84' lang='lat' dir='ltr'>constat,</span> <span class='ocrx_word' id='word_1_148' title='bbox 1000 1547 1201 1600; x_wconf 89' lang='lat' dir='ltr'>quoniam</span> <span class='ocrx_word' id='word_1_149' title='bbox 1229 1548 1529 1600; x_wconf 87' lang='lat' dir='ltr'>praeterquam</span> <span class='ocrx_word' id='word_1_150' title='bbox 1560 1546 1675 1600; x_wconf 82' lang='lat' dir='ltr'>quod</span> <span class='ocrx_word' id='word_1_151' title='bbox 1702 1545 1799 1600; x_wconf 83' lang='lat' dir='ltr'>Spi-</span> 
     </span>
     <span class='ocr_line' id='line_1_21' title="bbox 247 1618 1799 1673; baseline -0.003 -10"><span class='ocrx_word' id='word_1_152' title='bbox 247 1621 366 1673; x_wconf 86' lang='lat' dir='ltr'>ritus,</span> <span class='ocrx_word' id='word_1_153' title='bbox 405 1620 428 1663; x_wconf 71' lang='grc'>]</span> <span class='ocrx_word' id='word_1_154' title='bbox 444 1621 519 1663; x_wconf 91' lang='lat' dir='ltr'>oh.</span> <span class='ocrx_word' id='word_1_155' title='bbox 557 1622 593 1671; x_wconf 80' lang='lat'>4,</span> <span class='ocrx_word' id='word_1_156' title='bbox 628 1621 691 1662; x_wconf 86' lang='grc'><strong>24.</strong></span> <span class='ocrx_word' id='word_1_157' title='bbox 726 1623 766 1662; x_wconf 90' lang='lat' dir='ltr'>et</span> <span class='ocrx_word' id='word_1_158' title='bbox 795 1619 959 1662; x_wconf 83' lang='lat' dir='ltr'>Jehova</span> <span class='ocrx_word' id='word_1_159' title='bbox 988 1618 1152 1671; x_wconf 89' lang='lat' dir='ltr'>dicitur,</span> <span class='ocrx_word' id='word_1_160' title='bbox 1182 1618 1343 1660; x_wconf 81' lang='lat' dir='ltr'>Exod.</span> <span class='ocrx_word' id='word_1_161' title='bbox 1372 1619 1411 1669; x_wconf 85' lang='lat'>3,</span> <span class='ocrx_word' id='word_1_162' title='bbox 1443 1618 1503 1659; x_wconf 84' lang='lat'>14.</span> <span class='ocrx_word' id='word_1_163' title='bbox 1535 1620 1576 1660; x_wconf 91' lang='lat' dir='ltr'>et</span> <span class='ocrx_word' id='word_1_164' title='bbox 1606 1618 1799 1660; x_wconf 89' lang='lat' dir='ltr'>absolute</span> 
     </span>
     <span class='ocr_line' id='line_1_22' title="bbox 249 1689 1798 1745; baseline -0.001 -11"><span class='ocrx_word' id='word_1_165' title='bbox 249 1708 296 1734; x_wconf 89' lang='lat' dir='ltr'>ac</span> <span class='ocrx_word' id='word_1_166' title='bbox 332 1692 419 1734; x_wconf 85' lang='lat' dir='ltr'>sine</span> <span class='ocrx_word' id='word_1_167' title='bbox 457 1692 540 1733; x_wconf 88' lang='lat' dir='ltr'>ulla</span> <span class='ocrx_word' id='word_1_168' title='bbox 578 1691 821 1745; x_wconf 85' lang='lat' dir='ltr'>adjectione,</span> <span class='ocrx_word' id='word_1_169' title='bbox 858 1693 874 1733; x_wconf 81' lang='grc' dir='ltr'>ὁ</span> <span class='ocrx_word' id='word_1_170' title='bbox 908 1690 953 1733; x_wconf 71' lang='grc' dir='ltr'>ὢν</span> <span class='ocrx_word' id='word_1_171' title='bbox 985 1706 1057 1732; x_wconf 90' lang='lat' dir='ltr'>seu</span> <span class='ocrx_word' id='word_1_172' title='bbox 1092 1706 1183 1733; x_wconf 92' lang='lat' dir='ltr'>ens</span> <span class='ocrx_word' id='word_1_173' title='bbox 1210 1690 1468 1742; x_wconf 87' lang='lat' dir='ltr'>nominatur,</span> <span class='ocrx_word' id='word_1_174' title='bbox 1493 1689 1717 1743; x_wconf 82' lang='lat' dir='ltr'>Esai.43,</span> <span class='ocrx_word' id='word_1_175' title='bbox 1736 1690 1798 1732; x_wconf 84' lang='lat'>13.</span> 
     </span>
     <span class='ocr_line' id='line_1_23' title="bbox 249 1760 1798 1815; baseline 0 -11"><span class='ocrx_word' id='word_1_176' title='bbox 249 1766 289 1804; x_wconf 91' lang='lat' dir='ltr'>et</span> <span class='ocrx_word' id='word_1_177' title='bbox 327 1762 547 1804; x_wconf 85' lang='lat' dir='ltr'>abstractis</span> <span class='ocrx_word' id='word_1_178' title='bbox 583 1762 766 1814; x_wconf 80' lang='lat' dir='ltr'>vocibus,</span> <span class='ocrx_word' id='word_1_179' title='bbox 804 1763 902 1815; x_wconf 86' lang='lat' dir='ltr'>vita,</span> <span class='ocrx_word' id='word_1_180' title='bbox 940 1763 1024 1814; x_wconf 86' lang='lat' dir='ltr'>lux,</span> <span class='ocrx_word' id='word_1_181' title='bbox 1065 1762 1216 1804; x_wconf 86' lang='lat' dir='ltr'>caritas</span> <span class='ocrx_word' id='word_1_182' title='bbox 1253 1764 1295 1804; x_wconf 91' lang='lat' dir='ltr'>et</span> <span class='ocrx_word' id='word_1_183' title='bbox 1325 1761 1492 1814; x_wconf 77' lang='lat' dir='ltr'>veritaS,</span> <span class='ocrx_word' id='word_1_184' title='bbox 1522 1760 1551 1803; x_wconf 85' lang='lat' dir='ltr'>J</span> <span class='ocrx_word' id='word_1_185' title='bbox 1562 1761 1637 1803; x_wconf 90' lang='lat' dir='ltr'>oh.</span> <span class='ocrx_word' id='word_1_186' title='bbox 1668 1761 1731 1814; x_wconf 88' lang='lat'>14,</span> <span class='ocrx_word' id='word_1_187' title='bbox 1760 1763 1798 1804; x_wconf 85' lang='lat'>6.</span> 
     </span>
     <span class='ocr_line' id='line_1_24' title="bbox 250 1833 1801 1887; baseline 0 -12"><span class='ocrx_word' id='word_1_188' title='bbox 250 1834 270 1875; x_wconf 92' lang='lat'>1</span> <span class='ocrx_word' id='word_1_189' title='bbox 310 1833 425 1875; x_wconf 86' lang='lat' dir='ltr'>Joh.</span> <span class='ocrx_word' id='word_1_190' title='bbox 466 1835 499 1886; x_wconf 88' lang='lat'>1,</span> <span class='ocrx_word' id='word_1_191' title='bbox 539 1834 575 1875; x_wconf 86' lang='lat'>5.</span> <span class='ocrx_word' id='word_1_192' title='bbox 614 1835 635 1875; x_wconf 92' lang='lat'>1</span> <span class='ocrx_word' id='word_1_193' title='bbox 675 1833 791 1875; x_wconf 80' lang='lat' dir='ltr'>Joh.</span> <span class='ocrx_word' id='word_1_194' title='bbox 825 1835 862 1886; x_wconf 82' lang='lat'>4,</span> <span class='ocrx_word' id='word_1_195' title='bbox 892 1835 928 1876; x_wconf 83' lang='lat'>8.</span> <span class='ocrx_word' id='word_1_196' title='bbox 957 1834 1065 1876; x_wconf 85' lang='lat' dir='ltr'>Jac.</span> <span class='ocrx_word' id='word_1_197' title='bbox 1097 1835 1132 1886; x_wconf 96' lang='lat'>1,</span> <span class='ocrx_word' id='word_1_198' title='bbox 1163 1834 1226 1876; x_wconf 85' lang='lat'>17.</span> <span class='ocrx_word' id='word_1_199' title='bbox 1257 1836 1334 1876; x_wconf 90' lang='lat' dir='ltr'>etc.</span> <span class='ocrx_word' id='word_1_200' title='bbox 1364 1833 1615 1887; x_wconf 88' lang='lat' dir='ltr'>appellatur.</span> <span class='ocrx_word' id='word_1_201' title='bbox 1647 1833 1687 1874; x_wconf 93' lang='lat' dir='ltr'>A</span> <span class='ocrx_word' id='word_1_202' title='bbox 1717 1848 1801 1886; x_wconf 89' lang='lat' dir='ltr'>qua</span> 
     </span>
     <span class='ocr_line' id='line_1_25' title="bbox 250 1904 1314 1959; baseline 0.002 -14"><span class='ocrx_word' id='word_1_203' title='bbox 250 1918 392 1945; x_wconf 85' lang='lat' dir='ltr'>omnes</span> <span class='ocrx_word' id='word_1_204' title='bbox 421 1904 702 1957; x_wconf 86' lang='lat' dir='ltr'>simplicitatis</span> <span class='ocrx_word' id='word_1_205' title='bbox 731 1905 774 1946; x_wconf 91' lang='lat' dir='ltr'>in</span> <span class='ocrx_word' id='word_1_206' title='bbox 802 1908 953 1947; x_wconf 86' lang='lat' dir='ltr'>natura</span> <span class='ocrx_word' id='word_1_207' title='bbox 981 1906 1135 1959; x_wconf 85' lang='lat' dir='ltr'>gradus</span> <span class='ocrx_word' id='word_1_208' title='bbox 1164 1906 1314 1947; x_wconf 89' lang='lat' dir='ltr'>fluunt.</span> 
     </span>
    </p>

    <p class='ocr_par' dir='ltr' id='par_1_5' title="bbox 205 1974 1804 2667">
     <span class='ocr_line' id='line_1_26' title="bbox 301 1974 1802 2030; baseline 0.002 -15"><span class='ocrx_word' id='word_1_209' title='bbox 301 1974 433 2016; x_wconf 87' lang='lat' dir='ltr'>XXV.</span> <span class='ocrx_word' id='word_1_210' title='bbox 472 1974 531 2017; x_wconf 94' lang='lat' dir='ltr'>Ut</span> <span class='ocrx_word' id='word_1_211' title='bbox 570 1990 695 2030; x_wconf 89' lang='lat' dir='ltr'>porro</span> <span class='ocrx_word' id='word_1_212' title='bbox 735 1977 913 2018; x_wconf 91' lang='lat' dir='ltr'>essentia</span> <span class='ocrx_word' id='word_1_213' title='bbox 940 1977 1100 2019; x_wconf 86' lang='lat' dir='ltr'>nullam</span> <span class='ocrx_word' id='word_1_214' title='bbox 1128 1977 1481 2030; x_wconf 85' lang='lat' dir='ltr'>compositionem</span> <span class='ocrx_word' id='word_1_215' title='bbox 1509 1976 1709 2029; x_wconf 85' lang='lat' dir='ltr'>admittit,</span> <span class='ocrx_word' id='word_1_216' title='bbox 1740 1976 1802 2018; x_wconf 88' lang='lat' dir='ltr'>ita</span> 
     </span>
     <span class='ocr_line' id='line_1_27' title="bbox 248 2046 1802 2102; baseline 0.002 -16"><span class='ocrx_word' id='word_1_217' title='bbox 248 2061 383 2099; x_wconf 87' lang='lat' dir='ltr'>neque</span> <span class='ocrx_word' id='word_1_218' title='bbox 413 2046 658 2088; x_wconf 88' lang='lat' dir='ltr'>divisionem</span> <span class='ocrx_word' id='word_1_219' title='bbox 695 2047 740 2088; x_wconf 91' lang='grc'>111</span> <span class='ocrx_word' id='word_1_220' title='bbox 775 2050 925 2102; x_wconf 78' lang='lat' dir='ltr'>parteS,</span> <span class='ocrx_word' id='word_1_221' title='bbox 957 2048 1116 2102; x_wconf 88' lang='lat' dir='ltr'>species</span> <span class='ocrx_word' id='word_1_222' title='bbox 1146 2050 1188 2090; x_wconf 91' lang='lat' dir='ltr'>et</span> <span class='ocrx_word' id='word_1_223' title='bbox 1211 2063 1454 2099; x_wconf 80' lang='lat' dir='ltr'>numerum3</span> <span class='ocrx_word' id='word_1_224' title='bbox 1479 2048 1669 2101; x_wconf 89' lang='lat' dir='ltr'>adeoque</span> <span class='ocrx_word' id='word_1_225' title='bbox 1693 2062 1802 2089; x_wconf 88' lang='lat' dir='ltr'>unus</span> 
     </span>
     <span class='ocr_line' id='line_1_28' title="bbox 250 2117 1801 2173; baseline 0.002 -14"><span class='ocrx_word' id='word_1_226' title='bbox 250 2119 312 2159; x_wconf 90' lang='lat' dir='ltr'>est</span> <span class='ocrx_word' id='word_1_227' title='bbox 354 2117 478 2169; x_wconf 88' lang='lat' dir='ltr'>Deus,</span> <span class='ocrx_word' id='word_1_228' title='bbox 522 2117 671 2159; x_wconf 88' lang='lat' dir='ltr'>Deut.</span> <span class='ocrx_word' id='word_1_229' title='bbox 713 2119 748 2170; x_wconf 89' lang='grc'>6,</span> <span class='ocrx_word' id='word_1_230' title='bbox 791 2119 827 2160; x_wconf 91' lang='grc'><strong>4.</strong></span> <span class='ocrx_word' id='word_1_231' title='bbox 870 2119 1025 2162; x_wconf 84' lang='lat' dir='ltr'>Marc.</span> <span class='ocrx_word' id='word_1_232' title='bbox 1070 2122 1131 2173; x_wconf 84' lang='lat'>12,</span> <span class='ocrx_word' id='word_1_233' title='bbox 1177 2121 1240 2163; x_wconf 83' lang='lat'>29.</span> <span class='ocrx_word' id='word_1_234' title='bbox 1279 2121 1342 2162; x_wconf 82' lang='lat'>32.</span> <span class='ocrx_word' id='word_1_235' title='bbox 1380 2120 1556 2161; x_wconf 86' lang='lat' dir='ltr'>unitatis</span> <span class='ocrx_word' id='word_1_236' title='bbox 1584 2134 1686 2162; x_wconf 86' lang='lat' dir='ltr'>voce</span> <span class='ocrx_word' id='word_1_237' title='bbox 1715 2134 1801 2162; x_wconf 88' lang='lat' dir='ltr'>non</span> 
     </span>
     <span class='ocr_line' id='line_1_29' title="bbox 250 2189 1802 2246; baseline 0.003 -17"><span class='ocrx_word' id='word_1_238' title='bbox 250 2190 431 2241; x_wconf 86' lang='lat' dir='ltr'>accepta,</span> <span class='ocrx_word' id='word_1_239' title='bbox 473 2203 554 2241; x_wconf 90' lang='lat' dir='ltr'>qua</span> <span class='ocrx_word' id='word_1_240' title='bbox 591 2189 845 2244; x_wconf 90' lang='lat' dir='ltr'>principium</span> <span class='ocrx_word' id='word_1_241' title='bbox 880 2191 1042 2233; x_wconf 88' lang='lat' dir='ltr'>numeri</span> <span class='ocrx_word' id='word_1_242' title='bbox 1080 2194 1154 2245; x_wconf 60' lang='lat' dir='ltr'>est,</span> <span class='ocrx_word' id='word_1_243' title='bbox 1190 2192 1263 2234; x_wconf 88' lang='lat' dir='ltr'>sed</span> <span class='ocrx_word' id='word_1_244' title='bbox 1291 2206 1468 2233; x_wconf 89' lang='lat' dir='ltr'>numero</span> <span class='ocrx_word' id='word_1_245' title='bbox 1500 2191 1711 2246; x_wconf 89' lang='lat' dir='ltr'>opposita,</span> <span class='ocrx_word' id='word_1_246' title='bbox 1741 2192 1802 2234; x_wconf 88' lang='lat' dir='ltr'>ita.</span> 
     </span>
     <span class='ocr_line' id='line_1_30' title="bbox 205 2259 1802 2318; baseline 0.005 -20"><span class='ocrx_word' id='word_1_247' title='bbox 205 2295 207 2298; x_wconf 25' lang='lat'><em>⁴</em></span> <span class='ocrx_word' id='word_1_248' title='bbox 250 2261 297 2299; x_wconf 93' lang='lat' dir='ltr'>ut</span> <span class='ocrx_word' id='word_1_249' title='bbox 326 2273 409 2301; x_wconf 89' lang='lat' dir='ltr'>non</span> <span class='ocrx_word' id='word_1_250' title='bbox 437 2259 520 2300; x_wconf 88' lang='lat' dir='ltr'>sint</span> <span class='ocrx_word' id='word_1_251' title='bbox 548 2275 683 2313; x_wconf 86' lang='lat' dir='ltr'>neque</span> <span class='ocrx_word' id='word_1_252' title='bbox 712 2276 799 2303; x_wconf 87' lang='lat' dir='ltr'>esse</span> <span class='ocrx_word' id='word_1_253' title='bbox 827 2262 990 2314; x_wconf 88' lang='lat' dir='ltr'>possint</span> <span class='ocrx_word' id='word_1_254' title='bbox 1018 2263 1171 2317; x_wconf 89' lang='lat' dir='ltr'>plures,</span> <span class='ocrx_word' id='word_1_255' title='bbox 1197 2279 1283 2306; x_wconf 89' lang='lat' dir='ltr'>non</span> <span class='ocrx_word' id='word_1_256' title='bbox 1308 2263 1362 2305; x_wconf 74' lang='lat' dir='ltr'>sit</span> <span class='ocrx_word' id='word_1_257' title='bbox 1390 2263 1507 2316; x_wconf 87' lang='lat' dir='ltr'>alius,</span> <span class='ocrx_word' id='word_1_258' title='bbox 1524 2264 1664 2305; x_wconf 88' lang='lat' dir='ltr'>nullus</span> <span class='ocrx_word' id='word_1_259' title='bbox 1679 2278 1802 2318; x_wconf 86' lang='lat' dir='ltr'>prae-</span> 
     </span>
     <span class='ocr_line' id='line_1_31' title="bbox 250 2330 1804 2388; baseline 0.004 -19"><span class='ocrx_word' id='word_1_260' title='bbox 250 2331 376 2380; x_wconf 86' lang='lat' dir='ltr'>terea,</span> <span class='ocrx_word' id='word_1_261' title='bbox 407 2332 447 2371; x_wconf 91' lang='lat' dir='ltr'>et</span> <span class='ocrx_word' id='word_1_262' title='bbox 478 2330 600 2383; x_wconf 89' lang='lat' dir='ltr'>ultra,</span> <span class='ocrx_word' id='word_1_263' title='bbox 631 2334 671 2373; x_wconf 88' lang='lat' dir='ltr'>et</span> <span class='ocrx_word' id='word_1_264' title='bbox 699 2333 1044 2387; x_wconf 87' lang='lat' dir='ltr'>praeteripsum,</span> <span class='ocrx_word' id='word_1_265' title='bbox 1074 2349 1211 2387; x_wconf 90' lang='lat' dir='ltr'>neque</span> <span class='ocrx_word' id='word_1_266' title='bbox 1239 2335 1350 2376; x_wconf 89' lang='lat' dir='ltr'>ullus</span> <span class='ocrx_word' id='word_1_267' title='bbox 1381 2350 1533 2388; x_wconf 91' lang='lat' dir='ltr'>secum,</span> <span class='ocrx_word' id='word_1_268' title='bbox 1560 2350 1632 2377; x_wconf 90' lang='lat' dir='ltr'>seu</span> <span class='ocrx_word' id='word_1_269' title='bbox 1661 2349 1804 2377; x_wconf 88' lang='lat' dir='ltr'>coram</span> 
     </span>
     <span class='ocr_line' id='line_1_32' title="bbox 250 2400 1802 2461; baseline 0.004 -20"><span class='ocrx_word' id='word_1_270' title='bbox 250 2400 354 2453; x_wconf 88' lang='lat' dir='ltr'>ipso,</span> <span class='ocrx_word' id='word_1_271' title='bbox 395 2403 466 2442; x_wconf 84' lang='lat' dir='ltr'>aut</span> <span class='ocrx_word' id='word_1_272' title='bbox 504 2402 668 2455; x_wconf 88' lang='lat' dir='ltr'>uspiam</span> <span class='ocrx_word' id='word_1_273' title='bbox 705 2403 748 2444; x_wconf 89' lang='lat' dir='ltr'>in</span> <span class='ocrx_word' id='word_1_274' title='bbox 788 2404 902 2445; x_wconf 90' lang='lat' dir='ltr'>coelo</span> <span class='ocrx_word' id='word_1_275' title='bbox 941 2407 982 2446; x_wconf 88' lang='lat' dir='ltr'>et</span> <span class='ocrx_word' id='word_1_276' title='bbox 1018 2408 1132 2447; x_wconf 85' lang='lat' dir='ltr'>terra</span> <span class='ocrx_word' id='word_1_277' title='bbox 1161 2406 1215 2448; x_wconf 89' lang='lat' dir='ltr'>sit</span> <span class='ocrx_word' id='word_1_278' title='bbox 1244 2406 1371 2459; x_wconf 84' lang='lat' dir='ltr'>Deus,</span> <span class='ocrx_word' id='word_1_279' title='bbox 1402 2407 1474 2449; x_wconf 91' lang='lat' dir='ltr'>sed</span> <span class='ocrx_word' id='word_1_280' title='bbox 1503 2406 1594 2461; x_wconf 90' lang='lat' dir='ltr'>ipse</span> <span class='ocrx_word' id='word_1_281' title='bbox 1622 2409 1802 2459; x_wconf 82' lang='lat' dir='ltr'>tantum,</span> 
     </span>
     <span class='ocr_line' id='line_1_33' title="bbox 251 2473 1803 2529; baseline 0.005 -16"><span class='ocrx_word' id='word_1_282' title='bbox 251 2473 374 2524; x_wconf 62' lang='lat' dir='ltr'>solim,</span> <span class='ocrx_word' id='word_1_283' title='bbox 419 2475 460 2514; x_wconf 88' lang='lat' dir='ltr'>et</span> <span class='ocrx_word' id='word_1_284' title='bbox 503 2473 639 2515; x_wconf 86' lang='lat' dir='ltr'>solum</span> <span class='ocrx_word' id='word_1_285' title='bbox 682 2474 735 2515; x_wconf 84' lang='lat' dir='ltr'>sit</span> <span class='ocrx_word' id='word_1_286' title='bbox 777 2474 901 2516; x_wconf 85' lang='lat' dir='ltr'>Deus.</span> <span class='ocrx_word' id='word_1_287' title='bbox 941 2476 961 2517; x_wconf 93' lang='lat'>1</span> <span class='ocrx_word' id='word_1_288' title='bbox 994 2475 1102 2518; x_wconf 81' lang='lat' dir='ltr'>Cor.</span> <span class='ocrx_word' id='word_1_289' title='bbox 1141 2478 1177 2529; x_wconf 80' lang='lat'>8,</span> <span class='ocrx_word' id='word_1_290' title='bbox 1214 2478 1252 2519; x_wconf 91' lang='grc'>4.</span> <span class='ocrx_word' id='word_1_291' title='bbox 1291 2477 1444 2520; x_wconf 89' lang='lat' dir='ltr'>Deut.</span> <span class='ocrx_word' id='word_1_292' title='bbox 1483 2478 1521 2529; x_wconf 91' lang='grc'>4,</span> <span class='ocrx_word' id='word_1_293' title='bbox 1559 2478 1622 2520; x_wconf 85' lang='grc'>35.</span> <span class='ocrx_word' id='word_1_294' title='bbox 1661 2477 1803 2520; x_wconf 83' lang='lat' dir='ltr'>Esai.</span> 
     </span>
     <span class='ocr_line' id='line_1_34' title="bbox 252 2543 1802 2602; baseline 0.005 -19"><span class='ocrx_word' id='word_1_295' title='bbox 252 2543 313 2594; x_wconf 80' lang='lat'>45,</span> <span class='ocrx_word' id='word_1_296' title='bbox 351 2544 387 2585; x_wconf 81' lang='lat'>5.</span> <span class='ocrx_word' id='word_1_297' title='bbox 426 2545 487 2585; x_wconf 81' lang='lat'>21.</span> <span class='ocrx_word' id='word_1_298' title='bbox 528 2543 679 2586; x_wconf 88' lang='lat' dir='ltr'>Deut.</span> <span class='ocrx_word' id='word_1_299' title='bbox 716 2546 779 2597; x_wconf 79' lang='lat'>32,</span> <span class='ocrx_word' id='word_1_300' title='bbox 818 2546 881 2588; x_wconf 83' lang='lat'>39.</span> <span class='ocrx_word' id='word_1_301' title='bbox 910 2546 1068 2588; x_wconf 82' lang='lat' dir='ltr'>Exod.</span> <span class='ocrx_word' id='word_1_302' title='bbox 1108 2548 1169 2600; x_wconf 83' lang='lat'>20,</span> <span class='ocrx_word' id='word_1_303' title='bbox 1212 2549 1249 2589; x_wconf 84' lang='lat'>3.</span> <span class='ocrx_word' id='word_1_304' title='bbox 1293 2550 1318 2590; x_wconf 84' lang='lat'>2</span> <span class='ocrx_word' id='word_1_305' title='bbox 1360 2548 1483 2602; x_wconf 85' lang='lat' dir='ltr'>Reg.</span> <span class='ocrx_word' id='word_1_306' title='bbox 1521 2549 1584 2602; x_wconf 87' lang='lat'>19,</span> <span class='ocrx_word' id='word_1_307' title='bbox 1624 2550 1686 2591; x_wconf 83' lang='lat'>15.</span> <span class='ocrx_word' id='word_1_308' title='bbox 1724 2547 1802 2591; x_wconf 89' lang='lat' dir='ltr'>Ps.</span> 
     </span>
     <span class='ocr_line' id='line_1_35' title="bbox 253 2614 708 2667; baseline 0.007 -13"><span class='ocrx_word' id='word_1_309' title='bbox 253 2614 314 2665; x_wconf 79' lang='lat'>86,</span> <span class='ocrx_word' id='word_1_310' title='bbox 346 2615 405 2656; x_wconf 89' lang='grc'>10.</span> <span class='ocrx_word' id='word_1_311' title='bbox 434 2614 548 2657; x_wconf 84' lang='lat' dir='ltr'>Joh.</span> <span class='ocrx_word' id='word_1_312' title='bbox 581 2616 642 2667; x_wconf 87' lang='grc'>17,</span> <span class='ocrx_word' id='word_1_313' title='bbox 672 2617 708 2657; x_wconf 86' lang='grc'>3.</span> 
     </span>
    </p>

    <p class='ocr_par' dir='ltr' id='par_1_6' title="bbox 254 2684 1827 3030">
     <span class='ocr_line' id='line_1_36' title="bbox 307 2684 1804 2735; baseline 0.005 -10"><span class='ocrx_word' id='word_1_314' title='bbox 307 2684 458 2726; x_wconf 89' lang='lat' dir='ltr'>XXVI.</span> <span class='ocrx_word' id='word_1_315' title='bbox 496 2685 928 2730; x_wconf 89' lang='lat' dir='ltr'>Immutabilitas</span> <span class='ocrx_word' id='word_1_316' title='bbox 961 2689 1041 2731; x_wconf 90' lang='lat' dir='ltr'>Dei</span> <span class='ocrx_word' id='word_1_317' title='bbox 1079 2693 1142 2732; x_wconf 89' lang='lat' dir='ltr'>est</span> <span class='ocrx_word' id='word_1_318' title='bbox 1179 2691 1434 2734; x_wconf 89' lang='lat' dir='ltr'>attributum</span> <span class='ocrx_word' id='word_1_319' title='bbox 1474 2692 1681 2735; x_wconf 87' lang='lat' dir='ltr'>essentiae</span> <span class='ocrx_word' id='word_1_320' title='bbox 1723 2691 1804 2734; x_wconf 89' lang='lat' dir='ltr'>Dei</span> 
     </span>
     <span class='ocr_line' id='line_1_37' title="bbox 254 2756 1803 2816; baseline 0.007 -21"><span class='ocrx_word' id='word_1_321' title='bbox 254 2756 507 2807; x_wconf 84' lang='lat' dir='ltr'>generalius;</span> <span class='ocrx_word' id='word_1_322' title='bbox 547 2772 629 2810; x_wconf 89' lang='lat' dir='ltr'>quo</span> <span class='ocrx_word' id='word_1_323' title='bbox 669 2758 720 2800; x_wconf 92' lang='lat' dir='ltr'>ab</span> <span class='ocrx_word' id='word_1_324' title='bbox 758 2759 830 2800; x_wconf 84' lang='lat' dir='ltr'>illa</span> <span class='ocrx_word' id='word_1_325' title='bbox 861 2761 996 2802; x_wconf 89' lang='lat' dir='ltr'>omnis</span> <span class='ocrx_word' id='word_1_326' title='bbox 1038 2762 1208 2804; x_wconf 89' lang='lat' dir='ltr'>omnino</span> <span class='ocrx_word' id='word_1_327' title='bbox 1237 2763 1418 2806; x_wconf 90' lang='lat' dir='ltr'>mutatio</span> <span class='ocrx_word' id='word_1_328' title='bbox 1449 2767 1490 2806; x_wconf 91' lang='lat' dir='ltr'>et</span> <span class='ocrx_word' id='word_1_329' title='bbox 1518 2766 1671 2816; x_wconf 91' lang='lat' dir='ltr'>motus,</span> <span class='ocrx_word' id='word_1_330' title='bbox 1701 2762 1748 2805; x_wconf 90' lang='lat' dir='ltr'>M</span> <span class='ocrx_word' id='word_1_331' title='bbox 1759 2778 1803 2805; x_wconf 90' lang='lat' dir='ltr'>a-</span> 
     </span>
     <span class='ocr_line' id='line_1_38' title="bbox 255 2825 1827 2890; baseline 0.009 -25"><span class='ocrx_word' id='word_1_332' title='bbox 255 2825 389 2866; x_wconf 91' lang='lat' dir='ltr'>lach.</span> <span class='ocrx_word' id='word_1_333' title='bbox 417 2828 452 2877; x_wconf 82' lang='lat'>3,</span> <span class='ocrx_word' id='word_1_334' title='bbox 483 2828 518 2868; x_wconf 82' lang='lat'>6.</span> <span class='ocrx_word' id='word_1_335' title='bbox 548 2827 673 2870; x_wconf 91' lang='lat' dir='ltr'>Num.</span> <span class='ocrx_word' id='word_1_336' title='bbox 703 2829 765 2881; x_wconf 80' lang='lat'>23,</span> <span class='ocrx_word' id='word_1_337' title='bbox 791 2830 854 2871; x_wconf 85' lang='lat'>19.</span> <span class='ocrx_word' id='word_1_338' title='bbox 880 2833 983 2883; x_wconf 89' lang='lat' dir='ltr'>puta</span> <span class='ocrx_word' id='word_1_339' title='bbox 1012 2834 1229 2885; x_wconf 82' lang='lat' dir='ltr'>generatio</span> <span class='ocrx_word' id='word_1_340' title='bbox 1265 2849 1337 2876; x_wconf 91' lang='lat' dir='ltr'>seu</span> <span class='ocrx_word' id='word_1_341' title='bbox 1361 2837 1491 2888; x_wconf 89' lang='lat' dir='ltr'>ortus,</span> <span class='ocrx_word' id='word_1_342' title='bbox 1517 2838 1560 2878; x_wconf 92' lang='lat' dir='ltr'>et</span> <span class='ocrx_word' id='word_1_343' title='bbox 1584 2835 1802 2890; x_wconf 87' lang='lat' dir='ltr'>corruptio</span> <span class='ocrx_word' id='word_1_344' title='bbox 1823 2852 1827 2856; x_wconf 90' lang='lat'><em>·</em></span> 
     </span>
     <span class='ocr_line' id='line_1_39' title="bbox 256 2896 1803 2960; baseline 0.009 -24"><span class='ocrx_word' id='word_1_345' title='bbox 256 2910 326 2937; x_wconf 90' lang='lat' dir='ltr'>seu</span> <span class='ocrx_word' id='word_1_346' title='bbox 368 2896 572 2948; x_wconf 76' lang='lat' dir='ltr'>interitus,</span> <span class='ocrx_word' id='word_1_347' title='bbox 615 2899 918 2941; x_wconf 90' lang='lat' dir='ltr'>incrementum</span> <span class='ocrx_word' id='word_1_348' title='bbox 970 2903 1011 2943; x_wconf 89' lang='lat' dir='ltr'>et</span> <span class='ocrx_word' id='word_1_349' title='bbox 1060 2902 1382 2958; x_wconf 89' lang='lat' dir='ltr'>decrementum,</span> <span class='ocrx_word' id='word_1_350' title='bbox 1426 2907 1633 2949; x_wconf 89' lang='lat' dir='ltr'>successio</span> <span class='ocrx_word' id='word_1_351' title='bbox 1675 2908 1803 2960; x_wconf 69' lang='lat' dir='ltr'>atque</span> 
     </span>
     <span class='ocr_line' id='line_1_40' title="bbox 256 2966 1802 3030; baseline 0.008 -24"><span class='ocrx_word' id='word_1_352' title='bbox 256 2966 476 3008; x_wconf 83' lang='lat' dir='ltr'>translatio</span> <span class='ocrx_word' id='word_1_353' title='bbox 522 2982 591 3009; x_wconf 87' lang='lat' dir='ltr'>seu</span> <span class='ocrx_word' id='word_1_354' title='bbox 634 2969 713 3011; x_wconf 94' lang='lat' dir='ltr'>loci</span> <span class='ocrx_word' id='word_1_355' title='bbox 753 2971 947 3023; x_wconf 84' lang='lat' dir='ltr'>mutatio,</span> <span class='ocrx_word' id='word_1_356' title='bbox 992 2971 1187 3015; x_wconf 87' lang='lat' dir='ltr'>alteratio</span> <span class='ocrx_word' id='word_1_357' title='bbox 1230 2989 1303 3017; x_wconf 90' lang='lat' dir='ltr'>seu</span> <span class='ocrx_word' id='word_1_358' title='bbox 1343 2976 1536 3029; x_wconf 87' lang='lat' dir='ltr'>variatio,</span> <span class='ocrx_word' id='word_1_359' title='bbox 1581 2979 1623 3020; x_wconf 90' lang='lat' dir='ltr'>et</span> <span class='ocrx_word' id='word_1_360' title='bbox 1661 2976 1802 3030; x_wconf 87' lang='lat' dir='ltr'>passio</span> 
     </span>
    </p>
   </div>
  </div>
 </body>
</html>
