1931 3224
262 119 326 161 Dn
355 118 642 161 MINISTRORUM
670 117 1059 161 EchESIAsricORUM
1087 117 1237 160 Vocm.
1268 133 1315 159 ET
1345 118 1491 159 FUNCT.
1573 119 1647 159 471

88 244 335 298 legitimam,
365 242 583 286 Pontificis
608 257 707 286 vero
724 242 1085 295 Sacerdotumque
1100 243 1183 296 ipsi
1200 243 1587 294 subordinatorum,
1605 245 1653 283 ut

88 315 259 357 nomine
295 314 428 368 ipsius
466 313 586 356 Clero
616 314 897 366 dominentur,
927 314 1198 367 illegitimam
1231 329 1317 356 esse
1348 314 1651 356 concludimus.

142 384 248 427 LIX.
287 386 327 427 A
365 386 614 427 Pastoribus
654 386 704 427 de
742 385 894 438 quibus
921 385 1127 427 hactenus
1158 386 1316 427 dictum
1349 388 1425 435 est,
1456 384 1652 427 Seniores

89 457 316 508 Ecclesiae,
359 457 460 499 olim
499 471 667 509 quoque
698 456 943 510 Presbyteri
971 472 994 498 a
1028 457 1188 510 pellati,
1221 459 1317 498 sunt
1349 457 1654 509 distinguendi,

89 530 137 570 ut
164 530 286 582 patet
315 542 365 568 ex
394 527 517 568 Rom.
548 528 610 578 12,
641 528 677 569 8.
707 527 780 569 ubi
808 528 1043 580 Apostolus
1075 543 1146 569 eos
1180 528 1252 580 qui
1277 530 1480 581 praesunt
1503 528 1548 568 in
1572 527 1653 568 Ec-

89 599 227 647 clesia,
266 599 318 641 ab
360 598 411 640 iis
450 598 660 650 discernit,
702 599 774 652 qui
803 601 876 640 aut
904 600 948 640 in
974 615 1021 640 ea
1050 599 1214 650 docent,
1246 615 1351 652 quos
1381 599 1492 652 Eph.
1522 600 1558 650 4,
1592 599 1654 640 11.

89 671 309 721 Doctores,
354 672 427 711 aut
463 670 507 711 in
546 684 593 711 ea
632 669 844 722 quoslibet
882 673 1103 723 praeterea
1142 671 1194 712 ad
1232 670 1329 711 fidei
1368 669 1653 711 obedientiam

6 737 31 776 '³‘-
89 742 384 793 adhortantur,
424 756 529 794 quos
566 741 724 783 ibidem
753 741 953 783 Pastores
983 744 1213 795 nuncupat.
1247 741 1384 791 Quam
1415 741 1654 783 distinctio-

89 829 185 856 nem
221 812 458 866 Apostolus
495 812 629 854 multo
666 812 769 854 facit
809 813 1058 864 evidentius,
1098 814 1117 854 1
1158 813 1265 854 Tim.
1295 814 1331 862 5,
1363 813 1423 854 17.
1458 828 1552 854 011111
1583 812 1652 863 ait,

90 885 189 935 Qui
218 885 353 926 bene
376 886 642 937 praesunt
666 884 1003 938 presbyteri,
1031 884 1244 937 duplici
1268 883 1475 925 honore
1501 883 1654 936 digni

87 956 386 1007 habentur,
421 955 649 997 maxime
687 955 778 1007 qui
807 954 1067 996 laborant
1094 956 1146 996 in
1176 969 1421 996 sermone
1453 957 1506 996 et
1538 955 1653 996 doc-

87 1030 106 1069 t
121 1027 205 1069 rin
217 1043 253 1069 a.

142 1098 229 1141 LX.
263 1097 356 1139 Hac
385 1098 498 1139 enim
527 1096 782 1139 limitatione
813 1097 1049 1150 Apostolus
1081 1097 1163 1138 duo
1194 1097 1550 1150 Presbyterorum
1581 1112 1654 1151 ge-

87 1185 189 1212 nera
229 1168 463 1212 constituit.
505 1170 538 1210 l.
578 1168 740 1210 Eorum
778 1169 850 1220 qui
879 1169 923 1209 in
954 1183 1097 1210 sacrae
1127 1169 1345 1210 doctrinae
1371 1169 1654 1222 explicatione

89 1244 216 1294 atque
260 1241 311 1282 ad
348 1254 470 1281 usum
508 1239 669 1293 populi,
698 1241 788 1281 tam
816 1239 987 1292 publica
1017 1254 1145 1292 quam
1173 1239 1339 1292 privata
1369 1240 1655 1293 applicatione

1 1308 39 1340 «⁷
87 1312 379 1365 maximopere
419 1311 693 1353 desudabant.
733 1311 769 1352 2.
798 1309 961 1352 Eorum
992 1310 1064 1363 qui
1093 1313 1292 1352 vacantes
1321 1311 1581 1364 disciplinae,
1612 1312 1655 1353 id

89 1384 225 1426 solum
272 1383 477 1425 curabant
519 1384 567 1424 ut
605 1381 748 1424 omnia
785 1382 936 1424 fierent
973 1382 1013 1423 in
1055 1382 1247 1424 Ecclesia
1284 1382 1365 1424 rite
1405 1398 1453 1425 ac
1491 1383 1653 1434 decore,

90 1455 317 1508 omniaque
361 1454 612 1496 offendicula
655 1468 706 1495 ex
750 1453 844 1494 sinu
883 1453 997 1495 illius
1039 1453 1302 1495 tollerentur.
1340 1453 1463 1497 Unde
1500 1455 1654 1496 horum

88 1526 249 1568 functio
290 1526 342 1567 ab
380 1524 592 1578 Apostolo
633 1524 888 1578 gubernatio
918 1527 1108 1576 vocatur,
1140 1526 1157 1566 1
1192 1524 1284 1567 Cor.
1316 1526 1376 1577 12,
1409 1526 1470 1567 28.
1500 1525 1652 1579 Neque

86 1597 157 1639 hic
196 1596 457 1638 admittenda
499 1598 563 1637 est
595 1595 756 1637 insulsa
785 1597 1051 1649 quorundam
1080 1598 1132 1638 ad
1163 1597 1303 1638 locum
1332 1599 1350 1638 l
1383 1597 1490 1639 Tim.
1523 1598 1559 1649 5,
1590 1599 1651 1641 17.

89 1667 297 1720 exceptio,
327 1681 429 1709 voce
455 1669 673 1718 κοπιῶντες,
704 1667 884 1709 discerni
909 1667 1108 1709 Pastores
1135 1668 1381 1722 diligentius
1408 1669 1652 1712 laborantes

88 1754 112 1780 a
135 1738 423 1792 negligentius
448 1737 754 1780 laborantibus.
778 1738 891 1780 Nam
916 1742 1217 1793 praeterquam
1245 1741 1358 1792 quod
1380 1741 1654 1794 participium

28 1806 32 1807 ⁷
89 1813 308 1861 κοπιῶντες,
347 1824 433 1851 11011
462 1810 515 1850 3(1
542 1810 796 1863 praecedens
827 1811 1092 1863 vocabulum,
1122 1812 1464 1866 Presbyteri,
1496 1812 1566 1853 sed
1599 1812 1651 1853 ad

88 1880 310 1934 sequentia
352 1880 545 1933 refertur,
588 1881 641 1922 in
684 1897 928 1923 sermone
959 1885 1008 1924 et
1052 1883 1327 1934 doctrina,
1369 1898 1419 1925 ex
1456 1883 1651 1936 ipsorum

86 1953 440 2007 interpretatione
469 1956 727 2006 sequeretur,
758 1969 839 2005 eos,
867 1954 940 2006 qui
964 1954 1251 2008 negligentius
1278 1955 1475 1996 laborant
1499 1954 1541 1995 in
1563 1969 1650 1996 ser-

87 2039 211 2066 mone
241 2026 282 2067 et
313 2024 517 2075 doctrina,
548 2025 706 2078 duplici
735 2040 905 2077 quoque
930 2025 1092 2067 honore
1118 2026 1269 2079 dignos
1295 2040 1396 2067 esse.
1423 2025 1517 2075 Quo
1543 2026 1651 2068 nihil

33 2113 35 2115 ·
87 2095 308 2137 absurdius
338 2096 469 2137 statui
498 2098 653 2149 potest,
683 2111 760 2138 nec
783 2111 806 2137 a
831 2098 971 2138 mente
997 2096 1199 2149 Apostoli
1224 2096 1412 2147 alienius,
1440 2097 1512 2149 qui
1538 2111 1651 2138 sum-

87 2182 200 2209 mam
237 2167 290 2208 ab
321 2167 517 2208 omnibus
544 2167 772 2221 Episcopis
801 2182 874 2209 seu
905 2167 1157 2208 Pastoribus
1186 2167 1455 2220 vigilantiam
1485 2167 1650 2221 efflagi-

85 2240 160 2291 tat,
203 2239 224 2279 1
265 2238 372 2279 Tim.
411 2238 448 2288 3,
487 2239 523 2279 3.
563 2237 685 2280 Unde
721 2239 1055 2291 negligentiores
1088 2238 1288 2280 Pastores
1318 2238 1476 2293 duplici
1505 2239 1649 2292 potius

31 2324 34 2326 ’
86 2325 262 2352 censura
291 2310 443 2362 dignos
474 2324 562 2351 esse
590 2310 745 2352 rectius
777 2310 1076 2352 concludimus.

137 2380 245 2423 LXI.
289 2380 457 2423 Horum
501 2380 687 2423 officium
724 2383 787 2422 est
826 2396 869 2423 se
908 2381 952 2423 in
991 2382 1241 2435 disciplinae
1279 2381 1649 2423 administratione

85 2452 337 2495 Pastoribus
375 2453 618 2508 adjungere,
658 2467 804 2494 causas
843 2453 895 2494 ad
932 2452 1195 2506 Presbyterii
1234 2453 1524 2505 cognitionem
1553 2467 1649 2506 per-

83 2525 269 2567 tinentes
309 2539 360 2566 ex
398 2524 566 2578 legibus
605 2524 809 2576 veritatis,
851 2524 1102 2577 prudentiae
1141 2539 1187 2566 ac
1227 2524 1417 2565 caritatis
1464 2538 1558 2565 cum
1595 2524 1647 2566 iis

45 2617 48 2620 ·
85 2595 327 2649 dijudicare,
366 2610 453 2637 non
489 2595 628 2637 minus
666 2594 892 2637 Pastorum
934 2597 976 2637 et
1005 2595 1273 2648 Oollegarum
1304 2610 1488 2646 suorum,
1520 2611 1647 2648 quam

83 2667 217 2709 totius
245 2667 382 2722 plebis
411 2665 680 2719 Religionem
708 2681 757 2708 ac
784 2681 923 2708 mores
954 2666 1190 2716 observare,
1222 2666 1434 2718 quoslibet
1460 2669 1646 2708 errantes

84 2738 136 2781 ad
164 2738 323 2781 Christi
353 2738 463 2780 ovile
491 2752 701 2788 revocare,
732 2738 1023 2790 delinquentes
1054 2738 1182 2779 officii
1212 2738 1449 2790 admonere,
1481 2740 1522 2779 et
1547 2752 1645 2780 con-

83 2812 270 2853 tumaces
308 2811 360 2852 ad
389 2809 698 2852 Consistorium
727 2810 898 2862 deferre,
928 2812 976 2850 ut
1005 2809 1202 2863 gliscenti
1229 2810 1341 2852 malo
1371 2824 1419 2851 ac
1448 2810 1644 2852 scandalo

85 2883 270 2924 censuris
299 2883 384 2924 suis
412 2880 721 2923 Ecclesiasticis
749 2883 914 2922 mature
943 2883 1177 2923 occurrant.

138 2952 268 2996 LXII.
298 2953 344 2996 Si
372 2954 483 2996 malo
516 2953 668 2996 oborto
699 2955 773 2995 aut
801 2953 853 2994 ab
885 2955 1051 2995 errante
1081 2952 1125 2994 in
1155 2953 1359 3005 doctrina,
1390 2955 1463 2995 aut
1492 2969 1516 2995 a
1545 2968 1640 3006 pec-
