<?xml version="1.0" encoding="UTF-8"?>
<!DOCTYPE html PUBLIC "-//W3C//DTD XHTML 1.0 Transitional//EN"
    "http://www.w3.org/TR/xhtml1/DTD/xhtml1-transitional.dtd">
<html xmlns="http://www.w3.org/1999/xhtml" xml:lang="en" lang="en">
 <head>
  <title>
</title>
<meta http-equiv="Content-Type" content="text/html;charset=utf-8" />
  <meta name='ocr-system' content='tesseract 3.04.00' />
  <meta name='ocr-capabilities' content='ocr_page ocr_carea ocr_par ocr_line ocrx_word'/>
</head>
<body>
  <div class='ocr_page' id='page_1' title='image "./synopsispurioris00poly_0544.png"; bbox 0 0 1931 3224; ppageno 0'>
   <div class='ocr_carea' id='block_1_1' title="bbox 302 105 1284 150">
    <p class='ocr_par' dir='ltr' id='par_1_1' title="bbox 302 105 1284 150">
     <span class='ocr_line' id='line_1_1' title="bbox 302 105 1284 150; baseline 0.002 -2"><span class='ocrx_word' id='word_1_1' title='bbox 302 105 381 148; x_wconf 82' lang='lat'>524</span> <span class='ocrx_word' id='word_1_2' title='bbox 883 105 1126 149; x_wconf 75' lang='lat' dir='ltr'>DISPUTATIO</span> <span class='ocrx_word' id='word_1_3' title='bbox 1155 106 1284 150; x_wconf 85' lang='lat' dir='ltr'>XLV.</span> 
     </span>
    </p>
   </div>
   <div class='ocr_carea' id='block_1_2' title="bbox 290 228 1862 2998">
    <p class='ocr_par' dir='ltr' id='par_1_2' title="bbox 290 228 1862 2998">
     <span class='ocr_line' id='line_1_2' title="bbox 301 228 1861 288; baseline 0.004 -17"><span class='ocrx_word' id='word_1_4' title='bbox 301 230 511 272; x_wconf 88' lang='lat' dir='ltr'>sententia</span> <span class='ocrx_word' id='word_1_5' title='bbox 549 229 631 271; x_wconf 86' lang='lat' dir='ltr'>hoc</span> <span class='ocrx_word' id='word_1_6' title='bbox 672 228 914 271; x_wconf 90' lang='lat' dir='ltr'>firmissimo</span> <span class='ocrx_word' id='word_1_7' title='bbox 959 231 1210 283; x_wconf 87' lang='lat' dir='ltr'>argumento</span> <span class='ocrx_word' id='word_1_8' title='bbox 1256 232 1580 284; x_wconf 86' lang='lat' dir='ltr'>comprobatur:</span> <span class='ocrx_word' id='word_1_9' title='bbox 1621 233 1670 276; x_wconf 90' lang='lat' dir='ltr'>ln</span> <span class='ocrx_word' id='word_1_10' title='bbox 1713 250 1861 288; x_wconf 88' lang='lat' dir='ltr'>quam-</span> 
     </span>
     <span class='ocr_line' id='line_1_3' title="bbox 303 301 1861 358; baseline 0.004 -16"><span class='ocrx_word' id='word_1_11' title='bbox 303 315 467 353; x_wconf 89' lang='lat' dir='ltr'>cunque</span> <span class='ocrx_word' id='word_1_12' title='bbox 518 302 685 352; x_wconf 87' lang='lat' dir='ltr'>partem</span> <span class='ocrx_word' id='word_1_13' title='bbox 727 301 911 356; x_wconf 82' lang='lat' dir='ltr'>analysis</span> <span class='ocrx_word' id='word_1_14' title='bbox 953 315 1026 343; x_wconf 90' lang='lat' dir='ltr'>seu</span> <span class='ocrx_word' id='word_1_15' title='bbox 1068 302 1271 344; x_wconf 73' lang='lat' dir='ltr'>resolutio</span> <span class='ocrx_word' id='word_1_16' title='bbox 1314 303 1504 358; x_wconf 87' lang='lat' dir='ltr'>tropicae</span> <span class='ocrx_word' id='word_1_17' title='bbox 1547 305 1772 348; x_wconf 86' lang='lat' dir='ltr'>locutionis</span> <span class='ocrx_word' id='word_1_18' title='bbox 1817 307 1861 348; x_wconf 88' lang='lat' dir='ltr'>in</span> 
     </span>
     <span class='ocr_line' id='line_1_4' title="bbox 301 371 1862 427; baseline 0.005 -15"><span class='ocrx_word' id='word_1_19' title='bbox 301 371 521 424; x_wconf 83' lang='lat' dir='ltr'>propriam</span> <span class='ocrx_word' id='word_1_20' title='bbox 551 371 674 424; x_wconf 87' lang='lat' dir='ltr'>cadit,</span> <span class='ocrx_word' id='word_1_21' title='bbox 703 372 747 413; x_wconf 91' lang='lat' dir='ltr'>in</span> <span class='ocrx_word' id='word_1_22' title='bbox 776 387 825 414; x_wconf 89' lang='lat' dir='ltr'>ea</span> <span class='ocrx_word' id='word_1_23' title='bbox 855 375 917 414; x_wconf 90' lang='lat' dir='ltr'>est</span> <span class='ocrx_word' id='word_1_24' title='bbox 944 375 1115 427; x_wconf 88' lang='lat' dir='ltr'>tropus:</span> <span class='ocrx_word' id='word_1_25' title='bbox 1146 376 1189 415; x_wconf 90' lang='lat' dir='ltr'>at</span> <span class='ocrx_word' id='word_1_26' title='bbox 1217 388 1316 416; x_wconf 87' lang='lat' dir='ltr'>vero</span> <span class='ocrx_word' id='word_1_27' title='bbox 1343 389 1390 416; x_wconf 88' lang='lat' dir='ltr'>ea</span> <span class='ocrx_word' id='word_1_28' title='bbox 1413 375 1562 417; x_wconf 84' lang='lat' dir='ltr'>incidit</span> <span class='ocrx_word' id='word_1_29' title='bbox 1585 376 1629 418; x_wconf 91' lang='lat' dir='ltr'>in</span> <span class='ocrx_word' id='word_1_30' title='bbox 1653 378 1862 420; x_wconf 84' lang='lat' dir='ltr'>vocabula</span> 
     </span>
     <span class='ocr_line' id='line_1_5' title="bbox 302 442 1861 499; baseline 0.006 -16"><span class='ocrx_word' id='word_1_31' title='bbox 302 442 492 495; x_wconf 86' lang='lat' dir='ltr'>corporis</span> <span class='ocrx_word' id='word_1_32' title='bbox 523 445 564 484; x_wconf 88' lang='lat' dir='ltr'>et</span> <span class='ocrx_word' id='word_1_33' title='bbox 592 444 824 497; x_wconf 87' lang='lat' dir='ltr'>sanguinis,</span> <span class='ocrx_word' id='word_1_34' title='bbox 852 446 969 486; x_wconf 89' lang='lat' dir='ltr'>recto</span> <span class='ocrx_word' id='word_1_35' title='bbox 1000 459 1097 486; x_wconf 86' lang='lat' dir='ltr'>casu</span> <span class='ocrx_word' id='word_1_36' title='bbox 1125 446 1170 486; x_wconf 91' lang='lat' dir='ltr'>in</span> <span class='ocrx_word' id='word_1_37' title='bbox 1199 445 1422 499; x_wconf 89' lang='lat' dir='ltr'>obliquum</span> <span class='ocrx_word' id='word_1_38' title='bbox 1450 450 1629 491; x_wconf 88' lang='lat' dir='ltr'>mutato.</span> <span class='ocrx_word' id='word_1_39' title='bbox 1659 448 1720 491; x_wconf 84' lang='lat' dir='ltr'>Ut</span> <span class='ocrx_word' id='word_1_40' title='bbox 1749 450 1861 492; x_wconf 89' lang='lat' dir='ltr'>enim</span> 
     </span>
     <span class='ocr_line' id='line_1_6' title="bbox 302 512 1862 574; baseline 0.006 -21"><span class='ocrx_word' id='word_1_41' title='bbox 302 512 660 556; x_wconf 83' lang='lat' dir='ltr'>Circumcisio</span> <span class='ocrx_word' id='word_1_42' title='bbox 700 517 779 556; x_wconf 91' lang='lat' dir='ltr'>est</span> <span class='ocrx_word' id='word_1_43' title='bbox 813 515 1026 568; x_wconf 82' lang='lat' dir='ltr'>foedus,</span> <span class='ocrx_word' id='word_1_44' title='bbox 1064 517 1293 559; x_wconf 85' lang='lat' dir='ltr'>resolvitur</span> <span class='ocrx_word' id='word_1_45' title='bbox 1330 518 1375 559; x_wconf 90' lang='lat' dir='ltr'>in</span> <span class='ocrx_word' id='word_1_46' title='bbox 1413 534 1516 571; x_wconf 86' lang='lat' dir='ltr'>eam,</span> <span class='ocrx_word' id='word_1_47' title='bbox 1555 522 1619 562; x_wconf 91' lang='lat' dir='ltr'>est</span> <span class='ocrx_word' id='word_1_48' title='bbox 1648 521 1862 574; x_wconf 90' lang='lat' dir='ltr'>signum</span> 
     </span>
     <span class='ocr_line' id='line_1_7' title="bbox 299 584 1860 645; baseline 0.006 -20"><span class='ocrx_word' id='word_1_49' title='bbox 299 584 563 627; x_wconf 84' lang='lat' dir='ltr'>foederis:</span> <span class='ocrx_word' id='word_1_50' title='bbox 602 584 668 627; x_wconf 87' lang='lat' dir='ltr'>Ita</span> <span class='ocrx_word' id='word_1_51' title='bbox 704 585 867 628; x_wconf 85' lang='lat' dir='ltr'>Panis</span> <span class='ocrx_word' id='word_1_52' title='bbox 908 590 957 629; x_wconf 93' lang='lat' dir='ltr'>et</span> <span class='ocrx_word' id='word_1_53' title='bbox 985 588 1166 629; x_wconf 84' lang='lat' dir='ltr'>vinum</span> <span class='ocrx_word' id='word_1_54' title='bbox 1197 591 1277 630; x_wconf 90' lang='lat' dir='ltr'>est</span> <span class='ocrx_word' id='word_1_55' title='bbox 1307 604 1507 643; x_wconf 89' lang='lat' dir='ltr'>corpus</span> <span class='ocrx_word' id='word_1_56' title='bbox 1537 593 1587 632; x_wconf 89' lang='lat' dir='ltr'>et</span> <span class='ocrx_word' id='word_1_57' title='bbox 1616 592 1860 645; x_wconf 86' lang='lat' dir='ltr'>sanguis,</span> 
     </span>
     <span class='ocr_line' id='line_1_8' title="bbox 299 656 1860 716; baseline 0.006 -19"><span class='ocrx_word' id='word_1_58' title='bbox 299 656 342 697; x_wconf 91' lang='lat' dir='ltr'>in</span> <span class='ocrx_word' id='word_1_59' title='bbox 373 670 477 707; x_wconf 88' lang='lat' dir='ltr'>eam,</span> <span class='ocrx_word' id='word_1_60' title='bbox 509 659 589 698; x_wconf 92' lang='lat' dir='ltr'>est</span> <span class='ocrx_word' id='word_1_61' title='bbox 619 658 918 700; x_wconf 89' lang='lat' dir='ltr'>communio</span> <span class='ocrx_word' id='word_1_62' title='bbox 949 661 1201 712; x_wconf 88' lang='lat' dir='ltr'>corporis</span> <span class='ocrx_word' id='word_1_63' title='bbox 1231 663 1280 703; x_wconf 91' lang='lat' dir='ltr'>et</span> <span class='ocrx_word' id='word_1_64' title='bbox 1305 663 1595 716; x_wconf 78' lang='lat' dir='ltr'>sanguinis</span> <span class='ocrx_word' id='word_1_65' title='bbox 1621 663 1860 714; x_wconf 85' lang='lat' dir='ltr'>Domini,</span> 
     </span>
     <span class='ocr_line' id='line_1_9' title="bbox 299 729 1861 783; baseline 0.006 -15"><span class='ocrx_word' id='word_1_66' title='bbox 299 742 385 770; x_wconf 90' lang='lat' dir='ltr'>non</span> <span class='ocrx_word' id='word_1_67' title='bbox 423 743 506 781; x_wconf 89' lang='lat' dir='ltr'>qua</span> <span class='ocrx_word' id='word_1_68' title='bbox 537 729 671 781; x_wconf 89' lang='lat' dir='ltr'>panis,</span> <span class='ocrx_word' id='word_1_69' title='bbox 701 729 773 771; x_wconf 86' lang='lat' dir='ltr'>sed</span> <span class='ocrx_word' id='word_1_70' title='bbox 803 745 886 783; x_wconf 88' lang='lat' dir='ltr'>qua</span> <span class='ocrx_word' id='word_1_71' title='bbox 913 731 1058 772; x_wconf 87' lang='lat' dir='ltr'>fideles</span> <span class='ocrx_word' id='word_1_72' title='bbox 1087 732 1428 774; x_wconf 77' lang='lat' dir='ltr'>communionem</span> <span class='ocrx_word' id='word_1_73' title='bbox 1455 733 1616 776; x_wconf 87' lang='lat' dir='ltr'>habent</span> <span class='ocrx_word' id='word_1_74' title='bbox 1644 749 1740 777; x_wconf 89' lang='lat' dir='ltr'>cum</span> <span class='ocrx_word' id='word_1_75' title='bbox 1769 750 1861 778; x_wconf 88' lang='lat' dir='ltr'>cor-</span> 
     </span>
     <span class='ocr_line' id='line_1_10' title="bbox 299 798 1730 859; baseline 0.006 -20"><span class='ocrx_word' id='word_1_76' title='bbox 299 814 404 852; x_wconf 88' lang='lat' dir='ltr'>pore</span> <span class='ocrx_word' id='word_1_77' title='bbox 433 798 604 842; x_wconf 84' lang='lat' dir='ltr'>Christi.</span> <span class='ocrx_word' id='word_1_78' title='bbox 633 800 749 854; x_wconf 86' lang='lat' dir='ltr'>Ergo</span> <span class='ocrx_word' id='word_1_79' title='bbox 778 801 823 842; x_wconf 91' lang='lat' dir='ltr'>in</span> <span class='ocrx_word' id='word_1_80' title='bbox 850 802 1096 854; x_wconf 84' lang='lat' dir='ltr'>praedicato</span> <span class='ocrx_word' id='word_1_81' title='bbox 1125 806 1238 845; x_wconf 88' lang='lat' dir='ltr'>recte</span> <span class='ocrx_word' id='word_1_82' title='bbox 1265 805 1541 846; x_wconf 71' lang='lat' dir='ltr'>constituitur</span> <span class='ocrx_word' id='word_1_83' title='bbox 1568 808 1730 859; x_wconf 88' lang='lat' dir='ltr'>tropus.</span> 
     </span>
     <span class='ocr_line' id='line_1_11' title="bbox 351 870 1861 930; baseline 0.005 -18"><span class='ocrx_word' id='word_1_84' title='bbox 351 870 520 913; x_wconf 89' lang='lat' dir='ltr'>LXXII.</span> <span class='ocrx_word' id='word_1_85' title='bbox 559 870 661 913; x_wconf 89' lang='lat' dir='ltr'>Non</span> <span class='ocrx_word' id='word_1_86' title='bbox 698 874 842 914; x_wconf 87' lang='lat' dir='ltr'>tamen</span> <span class='ocrx_word' id='word_1_87' title='bbox 880 873 977 915; x_wconf 85' lang='lat' dir='ltr'>inde</span> <span class='ocrx_word' id='word_1_88' title='bbox 1016 875 1302 927; x_wconf 85' lang='lat' dir='ltr'>consequitur,</span> <span class='ocrx_word' id='word_1_89' title='bbox 1342 875 1566 918; x_wconf 85' lang='lat' dir='ltr'>veritatem</span> <span class='ocrx_word' id='word_1_90' title='bbox 1595 879 1788 930; x_wconf 89' lang='lat' dir='ltr'>corporis</span> <span class='ocrx_word' id='word_1_91' title='bbox 1819 881 1861 920; x_wconf 88' lang='lat' dir='ltr'>et</span> 
     </span>
     <span class='ocr_line' id='line_1_12' title="bbox 298 941 1860 1002; baseline 0.006 -19"><span class='ocrx_word' id='word_1_92' title='bbox 298 942 516 995; x_wconf 81' lang='lat' dir='ltr'>sanguinis</span> <span class='ocrx_word' id='word_1_93' title='bbox 559 941 717 985; x_wconf 83' lang='lat' dir='ltr'>Christi</span> <span class='ocrx_word' id='word_1_94' title='bbox 760 959 780 985; x_wconf 90' lang='lat' dir='ltr'>e</span> <span class='ocrx_word' id='word_1_95' title='bbox 824 943 964 986; x_wconf 84' lang='lat' dir='ltr'>Coena</span> <span class='ocrx_word' id='word_1_96' title='bbox 1006 945 1111 997; x_wconf 90' lang='lat' dir='ltr'>tolli,</span> <span class='ocrx_word' id='word_1_97' title='bbox 1157 948 1198 987; x_wconf 91' lang='lat' dir='ltr'>et</span> <span class='ocrx_word' id='word_1_98' title='bbox 1240 946 1455 999; x_wconf 89' lang='lat' dir='ltr'>tropicum</span> <span class='ocrx_word' id='word_1_99' title='bbox 1493 962 1539 989; x_wconf 85' lang='lat' dir='ltr'>ac</span> <span class='ocrx_word' id='word_1_100' title='bbox 1579 949 1860 1002; x_wconf 83' lang='lat' dir='ltr'>symbolicum</span> 
     </span>
     <span class='ocr_line' id='line_1_13' title="bbox 299 1015 1860 1075; baseline 0.006 -20"><span class='ocrx_word' id='word_1_101' title='bbox 299 1028 451 1067; x_wconf 88' lang='lat' dir='ltr'>corpus</span> <span class='ocrx_word' id='word_1_102' title='bbox 489 1015 824 1069; x_wconf 81' lang='lat' dir='ltr'>sanguinemque</span> <span class='ocrx_word' id='word_1_103' title='bbox 861 1015 1015 1068; x_wconf 83' lang='lat' dir='ltr'>induci,</span> <span class='ocrx_word' id='word_1_104' title='bbox 1054 1019 1203 1058; x_wconf 87' lang='lat' dir='ltr'>contra</span> <span class='ocrx_word' id='word_1_105' title='bbox 1238 1017 1358 1070; x_wconf 86' lang='lat' dir='ltr'>illud,</span> <span class='ocrx_word' id='word_1_106' title='bbox 1401 1018 1514 1061; x_wconf 88' lang='lat' dir='ltr'>Hoc</span> <span class='ocrx_word' id='word_1_107' title='bbox 1553 1023 1634 1062; x_wconf 90' lang='lat' dir='ltr'>est</span> <span class='ocrx_word' id='word_1_108' title='bbox 1664 1035 1860 1075; x_wconf 88' lang='lat' dir='ltr'>corpus</span> 
     </span>
     <span class='ocr_line' id='line_1_14' title="bbox 297 1085 1862 1146; baseline 0.006 -20"><span class='ocrx_word' id='word_1_109' title='bbox 297 1099 465 1126; x_wconf 92' lang='lat' dir='ltr'>meum</span> <span class='ocrx_word' id='word_1_110' title='bbox 494 1085 633 1138; x_wconf 82' lang='lat' dir='ltr'>quod</span> <span class='ocrx_word' id='word_1_111' title='bbox 662 1101 758 1139; x_wconf 88' lang='lat' dir='ltr'>pro</span> <span class='ocrx_word' id='word_1_112' title='bbox 788 1086 941 1128; x_wconf 86' lang='lat' dir='ltr'>vobis</span> <span class='ocrx_word' id='word_1_113' title='bbox 970 1086 1272 1140; x_wconf 80' lang='lat' dir='ltr'>frangitur3</span> <span class='ocrx_word' id='word_1_114' title='bbox 1303 1088 1390 1130; x_wconf 92' lang='lat' dir='ltr'>hic</span> <span class='ocrx_word' id='word_1_115' title='bbox 1415 1091 1495 1131; x_wconf 92' lang='lat' dir='ltr'>est</span> <span class='ocrx_word' id='word_1_116' title='bbox 1520 1093 1745 1145; x_wconf 84' lang='lat' dir='ltr'>sanguis</span> <span class='ocrx_word' id='word_1_117' title='bbox 1771 1094 1862 1146; x_wconf 90' lang='lat' dir='ltr'>qui</span> 
     </span>
     <span class='ocr_line' id='line_1_15' title="bbox 297 1156 1860 1216; baseline 0.006 -19"><span class='ocrx_word' id='word_1_118' title='bbox 297 1170 391 1209; x_wconf 89' lang='lat' dir='ltr'>pro</span> <span class='ocrx_word' id='word_1_119' title='bbox 422 1156 579 1198; x_wconf 88' lang='lat' dir='ltr'>vobis</span> <span class='ocrx_word' id='word_1_120' title='bbox 610 1156 941 1199; x_wconf 81' lang='lat' dir='ltr'>effunditur:</span> <span class='ocrx_word' id='word_1_121' title='bbox 973 1159 1087 1211; x_wconf 86' lang='lat' dir='ltr'>quod</span> <span class='ocrx_word' id='word_1_122' title='bbox 1116 1159 1286 1212; x_wconf 84' lang='lat' dir='ltr'>quidem</span> <span class='ocrx_word' id='word_1_123' title='bbox 1313 1163 1612 1213; x_wconf 83' lang='lat' dir='ltr'>argumentum</span> <span class='ocrx_word' id='word_1_124' title='bbox 1636 1165 1734 1216; x_wconf 89' lang='lat' dir='ltr'>post</span> <span class='ocrx_word' id='word_1_125' title='bbox 1759 1162 1860 1206; x_wconf 82' lang='lat' dir='ltr'>Sco-</span> 
     </span>
     <span class='ocr_line' id='line_1_16' title="bbox 297 1227 1861 1287; baseline 0.006 -19"><span class='ocrx_word' id='word_1_126' title='bbox 297 1229 390 1269; x_wconf 88' lang='lat' dir='ltr'>tum</span> <span class='ocrx_word' id='word_1_127' title='bbox 430 1227 660 1279; x_wconf 86' lang='lat' dir='ltr'>Pontificii,</span> <span class='ocrx_word' id='word_1_128' title='bbox 704 1230 745 1270; x_wconf 88' lang='lat' dir='ltr'>et</span> <span class='ocrx_word' id='word_1_129' title='bbox 783 1229 856 1282; x_wconf 90' lang='lat' dir='ltr'>qui</span> <span class='ocrx_word' id='word_1_130' title='bbox 894 1244 918 1270; x_wconf 91' lang='lat' dir='ltr'>a</span> <span class='ocrx_word' id='word_1_131' title='bbox 956 1228 1157 1283; x_wconf 88' lang='lat' dir='ltr'>Luthero,</span> <span class='ocrx_word' id='word_1_132' title='bbox 1195 1233 1243 1272; x_wconf 90' lang='lat' dir='ltr'>ut</span> <span class='ocrx_word' id='word_1_133' title='bbox 1279 1232 1534 1285; x_wconf 88' lang='lat' dir='ltr'>palmarium</span> <span class='ocrx_word' id='word_1_134' title='bbox 1572 1237 1740 1287; x_wconf 88' lang='lat' dir='ltr'>urgent.</span> <span class='ocrx_word' id='word_1_135' title='bbox 1779 1234 1861 1278; x_wconf 83' lang='lat' dir='ltr'>Sed</span> 
     </span>
     <span class='ocr_line' id='line_1_17' title="bbox 298 1298 1860 1360; baseline 0.005 -20"><span class='ocrx_word' id='word_1_136' title='bbox 298 1298 415 1341; x_wconf 87' lang='lat' dir='ltr'>aliud</span> <span class='ocrx_word' id='word_1_137' title='bbox 453 1301 528 1351; x_wconf 90' lang='lat' dir='ltr'>est,</span> <span class='ocrx_word' id='word_1_138' title='bbox 565 1302 740 1353; x_wconf 88' lang='lat' dir='ltr'>tropum</span> <span class='ocrx_word' id='word_1_139' title='bbox 779 1315 868 1341; x_wconf 87' lang='lat' dir='ltr'>esse</span> <span class='ocrx_word' id='word_1_140' title='bbox 904 1301 949 1343; x_wconf 90' lang='lat' dir='ltr'>in</span> <span class='ocrx_word' id='word_1_141' title='bbox 986 1316 1089 1343; x_wconf 84' lang='lat' dir='ltr'>voce</span> <span class='ocrx_word' id='word_1_142' title='bbox 1118 1303 1323 1356; x_wconf 88' lang='lat' dir='ltr'>corporis,</span> <span class='ocrx_word' id='word_1_143' title='bbox 1354 1305 1396 1344; x_wconf 91' lang='lat' dir='ltr'>et</span> <span class='ocrx_word' id='word_1_144' title='bbox 1425 1303 1553 1357; x_wconf 84' lang='lat' dir='ltr'>aliud,</span> <span class='ocrx_word' id='word_1_145' title='bbox 1583 1319 1736 1360; x_wconf 89' lang='lat' dir='ltr'>corpus</span> <span class='ocrx_word' id='word_1_146' title='bbox 1770 1321 1860 1349; x_wconf 88' lang='lat' dir='ltr'>esse</span> 
     </span>
     <span class='ocr_line' id='line_1_18' title="bbox 296 1371 1859 1430; baseline 0.004 -18"><span class='ocrx_word' id='word_1_147' title='bbox 296 1371 534 1424; x_wconf 82' lang='lat' dir='ltr'>tropicum3</span> <span class='ocrx_word' id='word_1_148' title='bbox 573 1372 687 1413; x_wconf 81' lang='lat' dir='ltr'>aliud</span> <span class='ocrx_word' id='word_1_149' title='bbox 725 1372 967 1425; x_wconf 82' lang='lat' dir='ltr'>symbolum</span> <span class='ocrx_word' id='word_1_150' title='bbox 1006 1373 1210 1426; x_wconf 88' lang='lat' dir='ltr'>corporis,</span> <span class='ocrx_word' id='word_1_151' title='bbox 1250 1376 1291 1415; x_wconf 90' lang='lat' dir='ltr'>et</span> <span class='ocrx_word' id='word_1_152' title='bbox 1328 1374 1441 1416; x_wconf 83' lang='lat' dir='ltr'>aliud</span> <span class='ocrx_word' id='word_1_153' title='bbox 1473 1390 1625 1429; x_wconf 87' lang='lat' dir='ltr'>corpus</span> <span class='ocrx_word' id='word_1_154' title='bbox 1656 1377 1859 1430; x_wconf 90' lang='lat' dir='ltr'>symboli-</span> 
     </span>
     <span class='ocr_line' id='line_1_19' title="bbox 297 1440 1858 1497; baseline 0.005 -15"><span class='ocrx_word' id='word_1_155' title='bbox 297 1457 403 1483; x_wconf 89' lang='lat' dir='ltr'>cum.</span> <span class='ocrx_word' id='word_1_156' title='bbox 457 1440 567 1484; x_wconf 81' lang='lat' dir='ltr'>Illud</span> <span class='ocrx_word' id='word_1_157' title='bbox 608 1442 832 1485; x_wconf 84' lang='lat' dir='ltr'>veritatem</span> <span class='ocrx_word' id='word_1_158' title='bbox 875 1444 1064 1497; x_wconf 85' lang='lat' dir='ltr'>corporis</span> <span class='ocrx_word' id='word_1_159' title='bbox 1105 1444 1322 1497; x_wconf 78' lang='lat' dir='ltr'>relinquit,</span> <span class='ocrx_word' id='word_1_160' title='bbox 1365 1445 1447 1488; x_wconf 90' lang='lat' dir='ltr'>hoc</span> <span class='ocrx_word' id='word_1_161' title='bbox 1488 1446 1615 1489; x_wconf 89' lang='lat' dir='ltr'>tollit.</span> <span class='ocrx_word' id='word_1_162' title='bbox 1657 1447 1716 1489; x_wconf 86' lang='lat' dir='ltr'>Et</span> <span class='ocrx_word' id='word_1_163' title='bbox 1759 1464 1858 1491; x_wconf 89' lang='lat' dir='ltr'>sane</span> 
     </span>
     <span class='ocr_line' id='line_1_20' title="bbox 294 1512 1860 1572; baseline 0.005 -18"><span class='ocrx_word' id='word_1_164' title='bbox 294 1512 540 1566; x_wconf 86' lang='lat' dir='ltr'>hujusmodi</span> <span class='ocrx_word' id='word_1_165' title='bbox 575 1516 703 1567; x_wconf 90' lang='lat' dir='ltr'>tropo</span> <span class='ocrx_word' id='word_1_166' title='bbox 738 1529 824 1556; x_wconf 92' lang='lat' dir='ltr'>non</span> <span class='ocrx_word' id='word_1_167' title='bbox 852 1518 1047 1570; x_wconf 90' lang='lat' dir='ltr'>negatur,</span> <span class='ocrx_word' id='word_1_168' title='bbox 1079 1516 1193 1569; x_wconf 84' lang='lat' dir='ltr'>quod</span> <span class='ocrx_word' id='word_1_169' title='bbox 1222 1519 1296 1566; x_wconf 87' lang='lat' dir='ltr'>est,</span> <span class='ocrx_word' id='word_1_170' title='bbox 1327 1518 1399 1559; x_wconf 85' lang='lat' dir='ltr'>sed</span> <span class='ocrx_word' id='word_1_171' title='bbox 1430 1518 1468 1560; x_wconf 88' lang='lat' dir='ltr'>ei</span> <span class='ocrx_word' id='word_1_172' title='bbox 1497 1518 1611 1560; x_wconf 83' lang='lat' dir='ltr'>aliud</span> <span class='ocrx_word' id='word_1_173' title='bbox 1639 1522 1860 1572; x_wconf 88' lang='lat' dir='ltr'>praeterea</span> 
     </span>
     <span class='ocr_line' id='line_1_21' title="bbox 295 1584 1859 1643; baseline 0.005 -18"><span class='ocrx_word' id='word_1_174' title='bbox 295 1584 627 1638; x_wconf 84' lang='lat' dir='ltr'>adsignificatur,</span> <span class='ocrx_word' id='word_1_175' title='bbox 657 1588 785 1639; x_wconf 82' lang='lat' dir='ltr'>atque</span> <span class='ocrx_word' id='word_1_176' title='bbox 813 1588 1043 1640; x_wconf 87' lang='lat' dir='ltr'>utrumque</span> <span class='ocrx_word' id='word_1_177' title='bbox 1071 1588 1382 1642; x_wconf 79' lang='lat' dir='ltr'>complectitur.</span> <span class='ocrx_word' id='word_1_178' title='bbox 1411 1589 1534 1632; x_wconf 84' lang='lat' dir='ltr'>Unde</span> <span class='ocrx_word' id='word_1_179' title='bbox 1566 1589 1791 1643; x_wconf 85' lang='lat' dir='ltr'>Cajetanus</span> <span class='ocrx_word' id='word_1_180' title='bbox 1814 1592 1859 1634; x_wconf 90' lang='lat' dir='ltr'>in</span> 
     </span>
     <span class='ocr_line' id='line_1_22' title="bbox 295 1655 1858 1716; baseline 0.004 -19"><span class='ocrx_word' id='word_1_181' title='bbox 295 1655 505 1698; x_wconf 88' lang='lat' dir='ltr'>Thomam</span> <span class='ocrx_word' id='word_1_182' title='bbox 543 1658 596 1699; x_wconf 81' lang='lat' dir='ltr'>ad</span> <span class='ocrx_word' id='word_1_183' title='bbox 633 1656 752 1700; x_wconf 79' lang='lat' dir='ltr'>Sooti</span> <span class='ocrx_word' id='word_1_184' title='bbox 781 1661 1082 1712; x_wconf 82' lang='lat' dir='ltr'>argumentum</span> <span class='ocrx_word' id='word_1_185' title='bbox 1110 1662 1224 1701; x_wconf 90' lang='lat' dir='ltr'>recte</span> <span class='ocrx_word' id='word_1_186' title='bbox 1253 1660 1496 1714; x_wconf 85' lang='lat' dir='ltr'>respondet,</span> <span class='ocrx_word' id='word_1_187' title='bbox 1528 1676 1673 1703; x_wconf 89' lang='lat' dir='ltr'>verum</span> <span class='ocrx_word' id='word_1_188' title='bbox 1704 1677 1858 1716; x_wconf 88' lang='lat' dir='ltr'>corpus</span> 
     </span>
     <span class='ocr_line' id='line_1_23' title="bbox 294 1728 1859 1785; baseline 0.004 -16"><span class='ocrx_word' id='word_1_189' title='bbox 294 1742 381 1769; x_wconf 91' lang='lat' dir='ltr'>non</span> <span class='ocrx_word' id='word_1_190' title='bbox 396 1728 503 1780; x_wconf 92' lang='lat' dir='ltr'>tolli,</span> <span class='ocrx_word' id='word_1_191' title='bbox 521 1729 688 1771; x_wconf 88' lang='lat' dir='ltr'>etiamsi</span> <span class='ocrx_word' id='word_1_192' title='bbox 701 1732 851 1784; x_wconf 89' lang='lat' dir='ltr'>tropus</span> <span class='ocrx_word' id='word_1_193' title='bbox 868 1731 1094 1783; x_wconf 81' lang='lat' dir='ltr'>statuatur,</span> <span class='ocrx_word' id='word_1_194' title='bbox 1106 1733 1165 1784; x_wconf 90' lang='lat' dir='ltr'>ut,</span> <span class='ocrx_word' id='word_1_195' title='bbox 1180 1745 1274 1773; x_wconf 90' lang='lat' dir='ltr'>cum</span> <span class='ocrx_word' id='word_1_196' title='bbox 1290 1731 1454 1785; x_wconf 85' lang='lat' dir='ltr'>dicitur,</span> <span class='ocrx_word' id='word_1_197' title='bbox 1467 1732 1596 1775; x_wconf 86' lang='lat' dir='ltr'>Petra</span> <span class='ocrx_word' id='word_1_198' title='bbox 1613 1736 1703 1775; x_wconf 90' lang='lat' dir='ltr'>erat</span> <span class='ocrx_word' id='word_1_199' title='bbox 1718 1733 1859 1776; x_wconf 81' lang='lat' dir='ltr'>Chris-</span> 
     </span>
     <span class='ocr_line' id='line_1_24' title="bbox 294 1799 1857 1859; baseline 0.004 -18"><span class='ocrx_word' id='word_1_200' title='bbox 294 1801 376 1851; x_wconf 85' lang='lat' dir='ltr'>tus,</span> <span class='ocrx_word' id='word_1_201' title='bbox 415 1799 459 1841; x_wconf 88' lang='lat' dir='ltr'>id</span> <span class='ocrx_word' id='word_1_202' title='bbox 497 1803 571 1852; x_wconf 90' lang='lat' dir='ltr'>est,</span> <span class='ocrx_word' id='word_1_203' title='bbox 602 1801 843 1855; x_wconf 86' lang='lat' dir='ltr'>symbolum</span> <span class='ocrx_word' id='word_1_204' title='bbox 873 1803 963 1844; x_wconf 86' lang='lat' dir='ltr'>veri</span> <span class='ocrx_word' id='word_1_205' title='bbox 994 1801 1166 1855; x_wconf 83' lang='lat' dir='ltr'>Christi,</span> <span class='ocrx_word' id='word_1_206' title='bbox 1196 1803 1402 1845; x_wconf 87' lang='lat' dir='ltr'>nascituri</span> <span class='ocrx_word' id='word_1_207' title='bbox 1431 1819 1482 1845; x_wconf 84' lang='lat' dir='ltr'>ex</span> <span class='ocrx_word' id='word_1_208' title='bbox 1511 1804 1649 1847; x_wconf 89' lang='lat' dir='ltr'>Maria</span> <span class='ocrx_word' id='word_1_209' title='bbox 1678 1805 1857 1859; x_wconf 87' lang='lat' dir='ltr'>virgine,</span> 
     </span>
     <span class='ocr_line' id='line_1_25' title="bbox 295 1871 1858 1929; baseline 0.004 -16"><span class='ocrx_word' id='word_1_210' title='bbox 295 1871 581 1924; x_wconf 86' lang='lat' dir='ltr'>crucifigendi,</span> <span class='ocrx_word' id='word_1_211' title='bbox 621 1873 851 1925; x_wconf 83' lang='lat' dir='ltr'>occidendi,</span> <span class='ocrx_word' id='word_1_212' title='bbox 882 1875 959 1915; x_wconf 86' lang='lat' dir='ltr'>etc.</span> <span class='ocrx_word' id='word_1_213' title='bbox 988 1873 1056 1915; x_wconf 87' lang='lat' dir='ltr'>Ita</span> <span class='ocrx_word' id='word_1_214' title='bbox 1085 1876 1126 1915; x_wconf 92' lang='lat' dir='ltr'>et</span> <span class='ocrx_word' id='word_1_215' title='bbox 1154 1873 1244 1924; x_wconf 79' lang='lat' dir='ltr'>hi03</span> <span class='ocrx_word' id='word_1_216' title='bbox 1277 1874 1389 1916; x_wconf 83' lang='lat' dir='ltr'>aliud</span> <span class='ocrx_word' id='word_1_217' title='bbox 1420 1875 1531 1916; x_wconf 90' lang='lat' dir='ltr'>enim</span> <span class='ocrx_word' id='word_1_218' title='bbox 1561 1878 1626 1918; x_wconf 90' lang='lat' dir='ltr'>est</span> <span class='ocrx_word' id='word_1_219' title='bbox 1656 1891 1858 1929; x_wconf 83' lang='lat' dir='ltr'>quaerere</span> 
     </span>
     <span class='ocr_line' id='line_1_26' title="bbox 295 1942 1796 2000; baseline 0.004 -16"><span class='ocrx_word' id='word_1_220' title='bbox 295 1942 418 1995; x_wconf 90' lang='lat' dir='ltr'>quale</span> <span class='ocrx_word' id='word_1_221' title='bbox 447 1943 502 1984; x_wconf 91' lang='lat' dir='ltr'>sit</span> <span class='ocrx_word' id='word_1_222' title='bbox 530 1944 836 1997; x_wconf 80' lang='lat' dir='ltr'>praedicatum,</span> <span class='ocrx_word' id='word_1_223' title='bbox 868 1946 910 1986; x_wconf 90' lang='lat' dir='ltr'>et</span> <span class='ocrx_word' id='word_1_224' title='bbox 940 1944 1055 1986; x_wconf 88' lang='lat' dir='ltr'>aliud</span> <span class='ocrx_word' id='word_1_225' title='bbox 1086 1945 1299 1997; x_wconf 88' lang='lat' dir='ltr'>quomodo</span> <span class='ocrx_word' id='word_1_226' title='bbox 1328 1946 1434 1988; x_wconf 83' lang='lat' dir='ltr'>illud</span> <span class='ocrx_word' id='word_1_227' title='bbox 1463 1947 1652 2000; x_wconf 82' lang='lat' dir='ltr'>subjecto</span> <span class='ocrx_word' id='word_1_228' title='bbox 1681 1948 1796 1991; x_wconf 86' lang='lat' dir='ltr'>insit.</span> 
     </span>
     <span class='ocr_line' id='line_1_27' title="bbox 346 2013 1857 2071; baseline 0.005 -16"><span class='ocrx_word' id='word_1_229' title='bbox 346 2013 539 2056; x_wconf 88' lang='lat' dir='ltr'>LXXIII.</span> <span class='ocrx_word' id='word_1_230' title='bbox 571 2014 739 2068; x_wconf 89' lang='lat' dir='ltr'>Tropi</span> <span class='ocrx_word' id='word_1_231' title='bbox 768 2017 911 2057; x_wconf 88' lang='lat' dir='ltr'>autem</span> <span class='ocrx_word' id='word_1_232' title='bbox 940 2030 1041 2069; x_wconf 87' lang='lat' dir='ltr'>gen</span> <span class='ocrx_word' id='word_1_233' title='bbox 1052 2030 1129 2068; x_wconf 80' lang='lat' dir='ltr'>US,</span> <span class='ocrx_word' id='word_1_234' title='bbox 1159 2015 1259 2058; x_wconf 87' lang='lat' dir='ltr'>hinc</span> <span class='ocrx_word' id='word_1_235' title='bbox 1288 2031 1457 2070; x_wconf 89' lang='lat' dir='ltr'>quoque</span> <span class='ocrx_word' id='word_1_236' title='bbox 1483 2017 1644 2060; x_wconf 87' lang='lat' dir='ltr'>clarum</span> <span class='ocrx_word' id='word_1_237' title='bbox 1668 2021 1742 2071; x_wconf 89' lang='lat' dir='ltr'>est,</span> <span class='ocrx_word' id='word_1_238' title='bbox 1770 2034 1857 2062; x_wconf 89' lang='lat' dir='ltr'>esse</span> 
     </span>
     <span class='ocr_line' id='line_1_28' title="bbox 292 2085 1855 2144; baseline 0.004 -18"><span class='ocrx_word' id='word_1_239' title='bbox 292 2085 488 2127; x_wconf 86' lang='lat' dir='ltr'>videlicet</span> <span class='ocrx_word' id='word_1_240' title='bbox 530 2086 849 2140; x_wconf 83' lang='lat' dir='ltr'>metonymiam,</span> <span class='ocrx_word' id='word_1_241' title='bbox 890 2102 1018 2140; x_wconf 90' lang='lat' dir='ltr'>quam</span> <span class='ocrx_word' id='word_1_242' title='bbox 1057 2089 1098 2129; x_wconf 92' lang='lat' dir='ltr'>et</span> <span class='ocrx_word' id='word_1_243' title='bbox 1136 2088 1402 2141; x_wconf 85' lang='lat' dir='ltr'>Augustinus</span> <span class='ocrx_word' id='word_1_244' title='bbox 1441 2090 1646 2142; x_wconf 84' lang='lat' dir='ltr'>agnoscit,</span> <span class='ocrx_word' id='word_1_245' title='bbox 1686 2090 1855 2144; x_wconf 88' lang='lat' dir='ltr'>signato</span> 
     </span>
     <span class='ocr_line' id='line_1_29' title="bbox 292 2157 1855 2215; baseline 0.004 -18"><span class='ocrx_word' id='word_1_246' title='bbox 292 2170 370 2210; x_wconf 89' lang='lat' dir='ltr'>pro</span> <span class='ocrx_word' id='word_1_247' title='bbox 410 2157 533 2210; x_wconf 88' lang='lat' dir='ltr'>signo</span> <span class='ocrx_word' id='word_1_248' title='bbox 563 2157 738 2211; x_wconf 90' lang='lat' dir='ltr'>insuper</span> <span class='ocrx_word' id='word_1_249' title='bbox 765 2158 922 2211; x_wconf 88' lang='lat' dir='ltr'>posito,</span> <span class='ocrx_word' id='word_1_250' title='bbox 955 2161 996 2200; x_wconf 93' lang='lat' dir='ltr'>et</span> <span class='ocrx_word' id='word_1_251' title='bbox 1027 2159 1197 2211; x_wconf 84' lang='lat' dir='ltr'>quidem</span> <span class='ocrx_word' id='word_1_252' title='bbox 1227 2160 1464 2213; x_wconf 86' lang='lat' dir='ltr'>analogico,</span> <span class='ocrx_word' id='word_1_253' title='bbox 1494 2160 1537 2201; x_wconf 83' lang='lat' dir='ltr'>id</span> <span class='ocrx_word' id='word_1_254' title='bbox 1567 2163 1642 2212; x_wconf 86' lang='lat' dir='ltr'>est,</span> <span class='ocrx_word' id='word_1_255' title='bbox 1673 2176 1855 2215; x_wconf 89' lang='lat' dir='ltr'>propor-</span> 
     </span>
     <span class='ocr_line' id='line_1_30' title="bbox 291 2227 1856 2284; baseline 0.004 -16"><span class='ocrx_word' id='word_1_256' title='bbox 291 2227 502 2269; x_wconf 90' lang='lat' dir='ltr'>tionatam</span> <span class='ocrx_word' id='word_1_257' title='bbox 539 2228 862 2271; x_wconf 85' lang='lat' dir='ltr'>similitudinem</span> <span class='ocrx_word' id='word_1_258' title='bbox 902 2232 1074 2283; x_wconf 87' lang='lat' dir='ltr'>gerente</span> <span class='ocrx_word' id='word_1_259' title='bbox 1104 2230 1156 2271; x_wconf 84' lang='lat' dir='ltr'>ad</span> <span class='ocrx_word' id='word_1_260' title='bbox 1184 2245 1273 2272; x_wconf 88' lang='lat' dir='ltr'>rem</span> <span class='ocrx_word' id='word_1_261' title='bbox 1302 2230 1596 2284; x_wconf 85' lang='lat' dir='ltr'>significatam.</span> <span class='ocrx_word' id='word_1_262' title='bbox 1626 2230 1778 2282; x_wconf 84' lang='lat' dir='ltr'>Nam,</span> <span class='ocrx_word' id='word_1_263' title='bbox 1808 2234 1856 2274; x_wconf 86' lang='lat' dir='ltr'>ut</span> 
     </span>
     <span class='ocr_line' id='line_1_31' title="bbox 290 2298 1854 2353; baseline 0.004 -14"><span class='ocrx_word' id='word_1_264' title='bbox 290 2298 432 2351; x_wconf 88' lang='lat' dir='ltr'>inquit</span> <span class='ocrx_word' id='word_1_265' title='bbox 470 2298 750 2353; x_wconf 86' lang='lat' dir='ltr'>Augustinus,</span> <span class='ocrx_word' id='word_1_266' title='bbox 790 2301 897 2343; x_wconf 89' lang='lat' dir='ltr'>nisi</span> <span class='ocrx_word' id='word_1_267' title='bbox 936 2304 1278 2343; x_wconf 87' lang='lat' dir='ltr'>sacramenta</span> <span class='ocrx_word' id='word_1_268' title='bbox 1316 2302 1741 2345; x_wconf 83' lang='lat' dir='ltr'>similitudinem</span> <span class='ocrx_word' id='word_1_269' title='bbox 1770 2303 1854 2346; x_wconf 88' lang='lat' dir='ltr'>ha-</span> 
     </span>
     <span class='ocr_line' id='line_1_32' title="bbox 290 2369 1854 2427; baseline 0.004 -16"><span class='ocrx_word' id='word_1_270' title='bbox 290 2369 485 2412; x_wconf 88' lang='lat' dir='ltr'>berent</span> <span class='ocrx_word' id='word_1_271' title='bbox 524 2385 703 2412; x_wconf 87' lang='lat' dir='ltr'>earum</span> <span class='ocrx_word' id='word_1_272' title='bbox 738 2387 917 2414; x_wconf 90' lang='lat' dir='ltr'>rerum</span> <span class='ocrx_word' id='word_1_273' title='bbox 957 2387 1183 2425; x_wconf 85' lang='lat' dir='ltr'>quarum</span> <span class='ocrx_word' id='word_1_274' title='bbox 1222 2375 1345 2415; x_wconf 86' lang='lat' dir='ltr'>sunt</span> <span class='ocrx_word' id='word_1_275' title='bbox 1382 2373 1755 2427; x_wconf 83' lang='lat' dir='ltr'>Sacramenta,</span> <span class='ocrx_word' id='word_1_276' title='bbox 1793 2390 1854 2417; x_wconf 89' lang='lat' dir='ltr'>ne</span> 
     </span>
     <span class='ocr_line' id='line_1_33' title="bbox 292 2443 1854 2498; baseline 0.003 -14"><span class='ocrx_word' id='word_1_277' title='bbox 292 2445 640 2485; x_wconf 84' lang='lat' dir='ltr'>sacramenta</span> <span class='ocrx_word' id='word_1_278' title='bbox 683 2443 898 2496; x_wconf 84' lang='lat' dir='ltr'>quidem</span> <span class='ocrx_word' id='word_1_279' title='bbox 941 2447 1136 2486; x_wconf 88' lang='lat' dir='ltr'>essent.</span> <span class='ocrx_word' id='word_1_280' title='bbox 1179 2444 1331 2498; x_wconf 88' lang='lat' dir='ltr'>Neque</span> <span class='ocrx_word' id='word_1_281' title='bbox 1374 2444 1417 2486; x_wconf 86' lang='lat' dir='ltr'>id.</span> <span class='ocrx_word' id='word_1_282' title='bbox 1455 2445 1606 2498; x_wconf 88' lang='lat' dir='ltr'>solum,</span> <span class='ocrx_word' id='word_1_283' title='bbox 1646 2446 1718 2489; x_wconf 82' lang='lat' dir='ltr'>sed</span> <span class='ocrx_word' id='word_1_284' title='bbox 1755 2450 1854 2489; x_wconf 89' lang='lat' dir='ltr'>sunt</span> 
     </span>
     <span class='ocr_line' id='line_1_34' title="bbox 291 2514 1853 2569; baseline 0.003 -14"><span class='ocrx_word' id='word_1_285' title='bbox 291 2514 414 2567; x_wconf 90' lang='lat' dir='ltr'>signa</span> <span class='ocrx_word' id='word_1_286' title='bbox 463 2514 721 2568; x_wconf 87' lang='lat' dir='ltr'>hujusmodi,</span> <span class='ocrx_word' id='word_1_287' title='bbox 767 2515 919 2568; x_wconf 87' lang='lat' dir='ltr'>quibus</span> <span class='ocrx_word' id='word_1_288' title='bbox 962 2517 1216 2569; x_wconf 86' lang='lat' dir='ltr'>praesentia,</span> <span class='ocrx_word' id='word_1_289' title='bbox 1261 2517 1488 2569; x_wconf 86' lang='lat' dir='ltr'>conjuncta</span> <span class='ocrx_word' id='word_1_290' title='bbox 1530 2519 1572 2558; x_wconf 92' lang='lat' dir='ltr'>et</span> <span class='ocrx_word' id='word_1_291' title='bbox 1613 2518 1735 2560; x_wconf 86' lang='lat' dir='ltr'>unita</span> <span class='ocrx_word' id='word_1_292' title='bbox 1778 2533 1853 2561; x_wconf 91' lang='lat' dir='ltr'>suo</span> 
     </span>
     <span class='ocr_line' id='line_1_35' title="bbox 290 2585 1854 2643; baseline 0.004 -17"><span class='ocrx_word' id='word_1_293' title='bbox 290 2585 417 2627; x_wconf 86' lang='lat' dir='ltr'>modo</span> <span class='ocrx_word' id='word_1_294' title='bbox 449 2587 547 2627; x_wconf 88' lang='lat' dir='ltr'>sunt</span> <span class='ocrx_word' id='word_1_295' title='bbox 577 2585 748 2640; x_wconf 88' lang='lat' dir='ltr'>(nempe</span> <span class='ocrx_word' id='word_1_296' title='bbox 777 2588 1152 2641; x_wconf 78' lang='lat' dir='ltr'>sacramentaliter,</span> <span class='ocrx_word' id='word_1_297' title='bbox 1175 2589 1219 2631; x_wconf 86' lang='lat' dir='ltr'>id</span> <span class='ocrx_word' id='word_1_298' title='bbox 1245 2590 1319 2640; x_wconf 89' lang='lat' dir='ltr'>est,</span> <span class='ocrx_word' id='word_1_299' title='bbox 1346 2589 1517 2631; x_wconf 89' lang='lat' dir='ltr'>realiter</span> <span class='ocrx_word' id='word_1_300' title='bbox 1541 2589 1722 2643; x_wconf 85' lang='lat' dir='ltr'>quidem,</span> <span class='ocrx_word' id='word_1_301' title='bbox 1749 2592 1854 2643; x_wconf 86' lang='lat' dir='ltr'>puta</span> 
     </span>
     <span class='ocr_line' id='line_1_36' title="bbox 291 2659 1853 2715; baseline 0.002 -14"><span class='ocrx_word' id='word_1_302' title='bbox 291 2661 503 2712; x_wconf 77' lang='grc' dir='ltr'><em>σχετικῶς,</em></span> <span class='ocrx_word' id='word_1_303' title='bbox 545 2659 874 2713; x_wconf 84' lang='lat' dir='ltr'>respective,</span> <span class='ocrx_word' id='word_1_304' title='bbox 913 2674 999 2701; x_wconf 91' lang='lat' dir='ltr'>non</span> <span class='ocrx_word' id='word_1_305' title='bbox 1039 2663 1182 2703; x_wconf 88' lang='lat' dir='ltr'>autem</span> <span class='ocrx_word' id='word_1_306' title='bbox 1210 2661 1565 2714; x_wconf 85' lang='lat' dir='ltr'>substantialiter)</span> <span class='ocrx_word' id='word_1_307' title='bbox 1594 2676 1660 2703; x_wconf 85' lang='lat' dir='ltr'>res</span> <span class='ocrx_word' id='word_1_308' title='bbox 1689 2662 1853 2715; x_wconf 83' lang='lat' dir='ltr'>signifi-</span> 
     </span>
     <span class='ocr_line' id='line_1_37' title="bbox 291 2731 1852 2785; baseline 0.003 -14"><span class='ocrx_word' id='word_1_309' title='bbox 291 2732 422 2780; x_wconf 87' lang='lat' dir='ltr'>catae,</span> <span class='ocrx_word' id='word_1_310' title='bbox 460 2745 613 2785; x_wconf 90' lang='lat' dir='ltr'>corpus</span> <span class='ocrx_word' id='word_1_311' title='bbox 648 2733 690 2773; x_wconf 89' lang='lat' dir='ltr'>et</span> <span class='ocrx_word' id='word_1_312' title='bbox 726 2732 898 2785; x_wconf 88' lang='lat' dir='ltr'>sanguis</span> <span class='ocrx_word' id='word_1_313' title='bbox 934 2731 1130 2783; x_wconf 90' lang='lat' dir='ltr'>Domini;</span> <span class='ocrx_word' id='word_1_314' title='bbox 1160 2733 1245 2775; x_wconf 91' lang='lat' dir='ltr'>imo</span> <span class='ocrx_word' id='word_1_315' title='bbox 1275 2735 1508 2785; x_wconf 87' lang='lat' dir='ltr'>mutantur,</span> <span class='ocrx_word' id='word_1_316' title='bbox 1537 2736 1584 2775; x_wconf 88' lang='lat' dir='ltr'>ut</span> <span class='ocrx_word' id='word_1_317' title='bbox 1612 2732 1760 2775; x_wconf 88' lang='lat' dir='ltr'>Patres</span> <span class='ocrx_word' id='word_1_318' title='bbox 1789 2734 1852 2776; x_wconf 89' lang='lat' dir='ltr'>lo-</span> 
     </span>
     <span class='ocr_line' id='line_1_38' title="bbox 291 2803 1852 2856; baseline 0.002 -13"><span class='ocrx_word' id='word_1_319' title='bbox 291 2804 492 2855; x_wconf 87' lang='lat' dir='ltr'>quuntur,</span> <span class='ocrx_word' id='word_1_320' title='bbox 530 2817 617 2844; x_wconf 91' lang='lat' dir='ltr'>non</span> <span class='ocrx_word' id='word_1_321' title='bbox 654 2803 747 2856; x_wconf 86' lang='lat' dir='ltr'>ipsa</span> <span class='ocrx_word' id='word_1_322' title='bbox 784 2803 1022 2845; x_wconf 84' lang='lat' dir='ltr'>substantia</span> <span class='ocrx_word' id='word_1_323' title='bbox 1053 2805 1094 2846; x_wconf 88' lang='lat' dir='ltr'>et</span> <span class='ocrx_word' id='word_1_324' title='bbox 1122 2806 1288 2856; x_wconf 84' lang='lat' dir='ltr'>natura,</span> <span class='ocrx_word' id='word_1_325' title='bbox 1319 2804 1391 2846; x_wconf 86' lang='lat' dir='ltr'>sed</span> <span class='ocrx_word' id='word_1_326' title='bbox 1418 2803 1672 2855; x_wconf 84' lang='lat' dir='ltr'>conditione,</span> <span class='ocrx_word' id='word_1_327' title='bbox 1702 2818 1781 2845; x_wconf 91' lang='lat' dir='ltr'>usu</span> <span class='ocrx_word' id='word_1_328' title='bbox 1811 2806 1852 2846; x_wconf 88' lang='lat' dir='ltr'>et</span> 
     </span>
     <span class='ocr_line' id='line_1_39' title="bbox 291 2872 1850 2929; baseline 0.002 -16"><span class='ocrx_word' id='word_1_329' title='bbox 291 2872 447 2915; x_wconf 87' lang='lat' dir='ltr'>officio.</span> <span class='ocrx_word' id='word_1_330' title='bbox 500 2872 698 2923; x_wconf 85' lang='lat' dir='ltr'>Quinimo</span> <span class='ocrx_word' id='word_1_331' title='bbox 742 2876 840 2915; x_wconf 87' lang='lat' dir='ltr'>sunt</span> <span class='ocrx_word' id='word_1_332' title='bbox 883 2874 1003 2927; x_wconf 88' lang='lat' dir='ltr'>quasi</span> <span class='ocrx_word' id='word_1_333' title='bbox 1044 2874 1248 2924; x_wconf 88' lang='lat' dir='ltr'>vehicula,</span> <span class='ocrx_word' id='word_1_334' title='bbox 1290 2874 1581 2924; x_wconf 89' lang='lat' dir='ltr'>instrumenta,</span> <span class='ocrx_word' id='word_1_335' title='bbox 1624 2890 1699 2929; x_wconf 86' lang='lat' dir='ltr'>per</span> <span class='ocrx_word' id='word_1_336' title='bbox 1743 2890 1850 2929; x_wconf 88' lang='lat' dir='ltr'>quae</span> 
     </span>
     <span class='ocr_line' id='line_1_40' title="bbox 291 2942 1850 2998; baseline 0.003 -14"><span class='ocrx_word' id='word_1_337' title='bbox 291 2942 516 2986; x_wconf 85' lang='lat' dir='ltr'>exhibetur</span> <span class='ocrx_word' id='word_1_338' title='bbox 542 2959 615 2986; x_wconf 89' lang='lat' dir='ltr'>seu</span> <span class='ocrx_word' id='word_1_339' title='bbox 641 2945 818 2987; x_wconf 87' lang='lat' dir='ltr'>offertur</span> <span class='ocrx_word' id='word_1_340' title='bbox 842 2945 1051 2998; x_wconf 90' lang='lat' dir='ltr'>omnibus,</span> <span class='ocrx_word' id='word_1_341' title='bbox 1069 2946 1334 2988; x_wconf 83' lang='lat' dir='ltr'>credentibus</span> <span class='ocrx_word' id='word_1_342' title='bbox 1351 2960 1449 2988; x_wconf 88' lang='lat' dir='ltr'>vero</span> <span class='ocrx_word' id='word_1_343' title='bbox 1467 2945 1696 2998; x_wconf 86' lang='lat' dir='ltr'>confertur,</span> <span class='ocrx_word' id='word_1_344' title='bbox 1714 2946 1850 2998; x_wconf 83' lang='lat' dir='ltr'>datur,</span> 
     </span>
    </p>
   </div>
  </div>
 </body>
</html>
