1931 3224
1067 19 1077 35 Χ

545 146 608 189 ΒΕ
637 145 869 189 ΒΙ801ΡΜΝΑ
896 144 1214 189 EocLEsmsncA.
1578 150 1653 192 581

95 270 375 323 Magistratus
400 270 672 326 inspectione,
697 273 916 324 tamquam
940 271 1162 324 utriusque
1186 272 1357 315 tabulae
1382 273 1556 315 custode
1570 288 1657 316 non

96 342 331 394 eximimus,
373 357 578 397 negamus
613 345 756 384 tamen
787 357 890 395 eam,
923 345 996 384 aut
1025 344 1114 396 ejus
1143 343 1297 396 praxin
1326 359 1350 385 a
1377 343 1656 398 Magistratus

95 429 291 468 suprema
331 414 584 456 auctoritate
613 414 808 467 pendere,
840 414 964 456 sicuti
995 415 1167 467 quidam
1196 416 1452 458 recentiores
1482 419 1656 459 conten-

95 485 212 537 dunt,
251 500 346 527 cum
382 500 406 526 a
444 484 613 527 Christo
651 486 741 528 solo
779 486 975 540 pendeat,
1015 488 1056 527 et
1086 486 1138 527 ab
1176 486 1271 539 ipso
1301 487 1544 529 immediate
1574 488 1656 530 Ec-

94 556 245 598 clesiae
288 557 343 597 sit
386 570 595 608 concessa,
639 559 686 598 ut
727 557 808 599 loci
852 560 977 599 antea
1018 557 1215 611 producti
1255 558 1561 601 demonstrant.
1592 559 1657 601 Ac

91 625 269 681 proinde
306 641 383 668 nec
411 642 489 680 per
516 628 858 681 appellationem,
888 632 961 671 aut
989 630 1339 682 provocationem
1367 631 1540 685 proprie
1570 632 1657 673 dic-

91 700 193 750 tam,
230 700 421 751 potestas
458 698 564 741 haec
601 699 654 741 ad
682 699 961 754 Magistratus
991 703 1064 742 aut
1092 700 1340 754 Principum
1368 702 1557 744 tribunal
1584 702 1655 744 de-

91 769 194 810 ferri
230 771 386 822 potest,
427 784 558 822 quum
597 758 685 822 eju-s
720 771 933 812 exsecutio
964 785 1092 823 penes
1121 771 1238 824 ipsos
1267 786 1353 813 non
1382 772 1447 813 sit.
1477 771 1655 814 Interim

89 842 233 881 tamen
266 855 352 882 non
382 840 613 883 diffitemur
642 856 789 883 verum
819 856 907 883 esse
937 842 1050 894 quod
1080 841 1193 884 Beza
1224 842 1423 884 adversus
1452 843 1655 886 Erastum

90 909 261 962 fatetur,
306 926 464 963 quum
506 913 671 954 etiam
713 927 738 953 a
776 915 924 954 recte
964 914 1276 955 constituto
1315 914 1653 958 consistorio

90 982 271 1035 possit
313 983 423 1025 reis
465 983 665 1025 delatis
700 984 910 1037 injuria
947 985 1100 1036 fieri,
1138 986 1192 1026 in
1230 987 1653 1039 angustioribus

89 1054 430 1106 territoriis,
462 1054 603 1096 citra
630 1055 798 1097 ullam
824 1056 1036 1097 ordinis
1065 1056 1456 1100 Ecclesiastici
1486 1058 1652 1100 viola-

89 1126 314 1177 tionem,
345 1124 696 1167 Christianus
720 1127 1104 1180 magistratus,
1129 1130 1185 1169 ut
1208 1128 1430 1171 tabulae
1454 1130 1655 1171 utrius-

90 1212 188 1250 que
217 1199 267 1239 et
295 1197 732 1239 Ecclesiasticae
763 1197 956 1249 εὐταξίας
987 1202 1171 1241 custos
1203 1202 1253 1241 et
1282 1200 1498 1253 vindex,
1526 1216 1653 1256 pro-

89 1269 304 1322 spicere
332 1271 518 1321 potest
547 1270 1024 1323 conquerentibus.

140 1339 233 1382 XX.
274 1340 531 1389 Quaestione
568 1340 648 1383 hac
683 1356 785 1394 ergo
813 1342 952 1396 prima
982 1345 1103 1384 extra
1133 1345 1465 1387 controversiam
1494 1346 1652 1388 consti-

86 1414 194 1465 tuta,
222 1412 431 1466 reliquum
458 1414 548 1466 jam
577 1415 652 1464 est,
682 1416 729 1454 ut
757 1429 832 1468 per
861 1429 980 1467 quos,
1004 1414 1049 1455 in
1073 1429 1191 1468 quos,
1218 1418 1260 1457 et
1285 1430 1368 1469 quo
1393 1417 1520 1460 modo
1547 1417 1653 1460 haec

88 1484 312 1538 disciplina
341 1484 397 1525 sit
426 1485 669 1536 exercenda,
699 1484 894 1540 deinceps
924 1500 1198 1539 exponamus.

139 1555 255 1597 XXI.
285 1555 522 1599 Statuimus
553 1571 652 1609 ergo
682 1556 794 1598 hanc
821 1559 1083 1610 potestatem
1110 1558 1292 1600 residere
1321 1559 1365 1600 in
1388 1562 1481 1602 tota
1504 1560 1651 1604 Eccle-

86 1627 160 1679 sia,
200 1627 273 1669 sed
312 1642 443 1679 quum
478 1624 595 1669 Deus
626 1627 681 1668 sit
709 1627 824 1669 Deus
856 1628 1016 1670 ordinis
1048 1631 1090 1670 et
1117 1644 1203 1671 non
1233 1630 1505 1684 confusionis,
1537 1635 1579 1674 et
1606 1633 1650 1675 in

84 1698 276 1740 Ecclesia
318 1698 373 1740 sit
417 1698 520 1740 ordo
564 1698 806 1740 docentium
848 1714 896 1741 ac
937 1700 1199 1752 discentium,
1242 1702 1344 1744 item
1388 1718 1533 1745 eor-um
1576 1706 1650 1758 qui

87 1771 290 1823 praesunt
336 1772 378 1811 et
415 1769 488 1822 qui
525 1769 714 1822 subsunt,
752 1773 800 1811 ut
835 1771 977 1812 onmia
1013 1771 1057 1812 in
1086 1772 1167 1814 hoc
1195 1775 1283 1814 tam
1313 1774 1443 1815 arduo
1472 1775 1647 1829 negotio

87 1841 140 1882 ad
177 1840 514 1882 aedificationem
552 1841 804 1894 dirigantur,
842 1843 1125 1885 necessarium
1163 1846 1225 1886 est
1254 1847 1301 1887 ut
1331 1845 1509 1899 singulis
1535 1847 1648 1890 ordi-

85 1912 209 1954 nibus
238 1927 337 1954 suae
367 1913 590 1955 distinctae
618 1916 763 1967 partes
794 1915 1074 1968 assignentur.

137 1983 276 2026 XXII.
314 1984 548 2026 Potestatis
574 1985 702 2039 liujus
729 1986 1045 2028 exsecutionem
1072 2001 1201 2040 penes
1231 1987 1502 2031 administros
1531 1990 1647 2032 verbi

87 2070 176 2098 esse
204 2055 442 2108 asserimus,
472 2055 599 2109 idque
627 2070 711 2097 non
741 2058 910 2098 tantum
940 2057 1038 2109 quia
1067 2057 1170 2100 haec
1199 2059 1370 2111 publica
1400 2060 1646 2114 disciplinae

83 2127 210 2181 hujus
248 2127 560 2169 administratio
591 2130 653 2169 est
682 2128 895 2182 appendix
925 2129 1253 2182 praedicationis
1282 2131 1412 2184 Verbi,
1443 2134 1484 2173 et
1514 2133 1647 2175 admi-

82 2199 350 2241 nistrationis
401 2198 792 2251 Sacramentorum3
837 2200 909 2241 sed
952 2201 1080 2242 etiam
1123 2201 1224 2253 quia
1267 2202 1410 2243 omnia
1453 2205 1646 2258 exempla

85 2284 192 2322 quae
222 2285 246 2311 a
272 2270 396 2311 nobis
425 2272 514 2311 tam
544 2285 593 2311 ex
622 2269 768 2312 Veteri
798 2285 925 2323 quam
953 2270 1078 2313 Novo
1108 2271 1381 2315 Testamento
1407 2274 1496 2327 jam
1520 2278 1646 2318 antea

82 2341 292 2394 producta
330 2343 440 2393 sunt,
477 2340 604 2394 hujus
633 2342 861 2395 potestatis
890 2342 1104 2396 publicam
1132 2345 1458 2398 exsecutionem,
1488 2347 1541 2388 ad
1569 2346 1645 2390 Sa-

82 2412 286 2464 cerdotes,
329 2412 576 2466 Apostolos,
617 2412 927 2467 EvangelistaS,
966 2416 1094 2467 atque
1131 2414 1417 2458 Ecclesiarum
1453 2416 1643 2470 Angelos

81 2498 155 2525 seu
181 2483 382 2525 Pastores
411 2483 612 2525 referunt.

133 2554 291 2597 XXIII.
330 2554 422 2597 Nec
460 2557 602 2598 tamen
630 2558 858 2610 propterea
889 2557 1169 2610 concedimus,
1199 2573 1223 2599 a
1252 2559 1343 2601 solo
1370 2559 1512 2612 aliquo
1537 2560 1643 2614 Epi-

81 2642 224 2681 scopo,
266 2627 352 2669 sive
389 2626 598 2680 Romano,
632 2628 711 2670 sivi
740 2627 983 2682 Eugubino,
1015 2645 1066 2672 ex
1095 2633 1215 2672 motu
1245 2631 1420 2685 proprio
1452 2634 1524 2673 aut
1551 2631 1642 2685 ple-

80 2698 199 2740 naria
223 2698 490 2751 auctoritate,
516 2701 565 2740 ut
588 2699 831 2753 loquuntur,
855 2701 965 2743 hanc
988 2703 1247 2755 potestatem
1270 2717 1394 2756 posse
1417 2705 1643 2755 vendicari,

80 2770 153 2812 sed
189 2770 423 2813 Rectorum
461 2787 508 2813 ac
536 2770 889 2826 Presbyterorum
916 2773 1131 2816 Ecclesiae
1161 2774 1394 2828 consilium,
1424 2775 1641 2830 totiusque

80 2843 184 2885 adeo
221 2843 437 2886 Ecclesiae
475 2846 547 2885 aut
577 2847 773 2898 apertum
801 2847 875 2887 aut
902 2846 1082 2888 tacitum
1111 2846 1260 2889 saltem
1289 2862 1539 2891 consensum
1567 2851 1640 2893 ad-

78 2914 310 2957 hibendum
348 2930 450 2967 esse,
492 2930 542 2957 ex
570 2916 836 2970 praescripto
865 2916 1022 2959 Christi
1052 2920 1180 2972 atque
1208 2920 1394 2973 purioris
1423 2920 1639 2966 Ecclesiae

78 2985 200 3040 praxi
229 2986 464 3028 asserimus.
