1931 3224
564 87 627 129 DE
656 86 809 130 SACRAE
838 86 993 129 ScmPT.
1022 87 1214 131 PERFECT.
1622 95 1672 136 37

162 209 360 254 XXXVI.
390 211 457 254 Ex
486 211 633 254 eadem
664 211 897 253 assertione
928 213 1131 265 sequitur,
1162 214 1374 256 neminem
1404 230 1529 269 posse
1556 219 1671 259 certo

108 284 227 336 scire,
268 297 477 336 quaenam
516 284 602 324 sint
631 297 809 325 arcanae
838 283 936 325 illae
964 284 1229 338 traditiones,
1261 288 1303 327 et
1332 287 1484 339 quibus
1514 289 1674 342 regulis

106 355 174 396 vel
201 355 315 396 notis
346 368 470 396 verae
500 369 524 395 a
554 353 673 396 falsis
703 354 1034 408 distinguantur.

160 424 382 468 XXXVII.
410 423 524 467 Nam
554 425 726 478 regulae
756 440 804 468 ac
832 428 973 480 notae,
1005 442 1111 480 quae
1139 429 1258 470 extra
1282 427 1456 472 Sacram
1481 429 1672 485 Scriptu-

108 513 210 550 ram,
241 497 525 540 certissimum
554 497 620 538 sui
650 499 692 538 et
721 496 885 550 obliqui
914 498 957 539 in
990 499 1186 541 omnibus
1216 500 1434 542 credendis
1461 504 1504 543 et
1529 503 1673 545 obser·-

106 569 254 612 vandis
283 569 477 621 indicem,
511 583 535 610 a
563 568 824 611 Bellarmino
855 569 1142 623 proferuntur,
1171 571 1261 613 Lib.
1287 572 1324 613 4.
1349 572 1398 614 de
1423 573 1566 615 Verbo
1592 574 1674 616 Dei

104 656 193 683 non
230 641 391 694 scripto
422 655 454 682 c.
485 640 521 682 9,
551 640 738 682 incertae
769 642 878 693 sunt,
911 641 1114 683 obscurae
1145 645 1187 684 et
1215 642 1401 685 fallaces.
1431 644 1532 687 Non
1562 647 1674 688 enim

107 712 250 755 onmia
288 713 503 766 dogmata,
543 726 651 765 quae
689 712 885 754 universa
922 713 1115 756 Ecclesia
1155 715 1264 757 circa
1292 715 1556 770 Scripturam
1585 733 1672 760 am-

106 785 320 839 plectitur,
360 799 408 826 ac
439 786 580 825 servat
608 799 632 825 a
662 785 858 837 proximo
890 785 942 826 ab
974 787 1198 840 Apostolis
1228 802 1344 840 aeVO,
1377 791 1673 844 communique

105 855 343 898 Doctorum
381 855 470 908 ejus
509 869 717 897 consensu
755 856 1061 909 approbantur,
1101 858 1153 899 ab
1185 859 1290 911 ipsis
1320 859 1544 913 Apostolis
1573 876 1672 915 pro-

105 927 244 979 diisse,
288 926 528 969 necessario
572 926 826 968 credendum
870 930 956 977 est3
1001 929 1074 970 sed
1113 944 1133 969 e
1174 931 1401 984 contrario,
1444 935 1674 985 propterea

105 999 218 1053 quod
242 999 295 1040 ab
322 1013 371 1040 ea
396 999 571 1051 ejusque
596 998 868 1051 Doctoribus,
896 999 986 1041 sine
1012 999 1260 1053 Scripturae
1285 1003 1540 1044 auctoritate
1567 1004 1672 1045 reci-

103 1070 290 1124 piantur,
331 1084 380 1112 ac
412 1069 689 1123 retineantur,
719 1084 798 1123 pro
828 1069 1131 1112 traditionibus
1161 1087 1244 1114 non
1277 1072 1542 1126 Apostolicis
1575 1077 1673 1116 sunt

102 1141 310 1184 habenda.

157 1211 398 1255 XXXVIII.
438 1212 687 1266 Quicunque
727 1214 840 1256 enim
875 1215 920 1256 in
961 1229 1010 1257 eo
1052 1218 1194 1257 errant
1232 1231 1327 1258 cinn
1365 1217 1556 1261 Ecclesia
1585 1218 1672 1261 Ro-

102 1300 240 1337 mana,
259 1299 375 1338 ,quae
400 1285 693 1327 continuatam
717 1286 770 1327 ab
793 1286 1017 1340 Apostolis
1043 1289 1354 1331 successionem
1379 1291 1460 1333 sibi
1486 1295 1670 1345 arrogat,

103 1359 152 1399 ut
190 1356 435 1399 existiment
471 1371 558 1399 non
596 1357 739 1399 omnia
774 1358 818 1399 in
852 1357 981 1400 Sacra
1013 1358 1235 1413 Scriptura
1273 1362 1482 1404 contineri
1521 1364 1573 1405 ad
1602 1379 1666 1405 sa-

103 1428 236 1470 lutem
266 1429 524 1480 necessaria;
554 1429 598 1470 in
626 1429 708 1471 hoc
738 1429 872 1472 altero
902 1430 1026 1473 facile
1053 1431 1191 1486 decipi
1215 1436 1408 1487 possunt,
1434 1437 1482 1476 ut
1505 1438 1669 1489 putent,

104 1500 293 1554 aliquam
330 1500 569 1543 doctrinam
607 1515 697 1544 esse
736 1502 1047 1557 Apostolicam,
1089 1518 1196 1557 quae
1226 1508 1369 1547 tamen
1397 1521 1483 1549 non
1510 1508 1671 1561 profiu-

103 1573 214 1614 xerit
244 1572 297 1614 ab
326 1572 564 1627 Apostolis.

157 1643 355 1686 XXXIX.
395 1643 470 1686 Cui
507 1644 569 1686 rei
604 1644 852 1687 testimonio
886 1647 950 1687 est
978 1645 1171 1688 Ecclesia
1201 1648 1420 1701 primitiva
1449 1650 1671 1704 Apostoli-

105 1731 177 1758 cae
220 1716 428 1770 proxima.
471 1715 695 1769 Papias
740 1717 852 1759 enim
890 1732 1077 1759 errorem
1106 1717 1407 1762 Chiliastarum
1437 1721 1514 1762 sub
1544 1722 1671 1764 titulo

104 1788 348 1831 traditionis
387 1787 666 1841 Apostolicae
703 1789 747 1830 in
789 1803 881 1830 eam
918 1789 1092 1841 invexit,
1133 1791 1242 1831 teste
1282 1790 1482 1843 Eusebio,
1513 1791 1602 1833 Lib.
1632 1793 1668 1834 3.

106 1875 196 1915 cap.
238 1861 302 1903 39.
346 1862 389 1902 et
432 1858 643 1912 Irenaeus,
687 1860 803 1902 velut
846 1875 897 1902 ex
938 1860 1169 1902 traditione
1208 1861 1410 1915 Apostoli
1447 1862 1668 1916 -Johannis,

106 1933 250 1976 docuit
288 1931 505 1974 Christum
540 1946 715 1985 passum
753 1931 883 1974 fuisse
913 1947 1023 1974 anno
1054 1932 1140 1974 fere
1170 1934 1324 1975 aetatis
1355 1949 1454 1976 suae
1483 1935 1545 1976 50.
1576 1934 1665 1977 Lib.

105 2006 143 2047 2.
175 2020 208 2047 c.
237 2005 300 2046 39.
329 2004 392 2046 40.
424 2003 473 2047 In
503 2004 656 2057 quibus
684 2004 803 2046 illam
831 2004 1067 2046 Ecclesiam
1091 2020 1115 2046 a
1140 2005 1226 2046 suis
1243 2004 1501 2048 Doctoribus
1518 2005 1670 2059 decep-

105 2079 197 2119 tam
225 2075 368 2129 fuisse,
399 2076 484 2130 ipsi
513 2091 682 2130 quoque
711 2076 928 2119 Pontificii
958 2076 1225 2119 confitentur.
