1931 3224
288 138 366 179 566
848 134 1091 176 DISPUTATIO
1121 133 1293 177 XLVII.

288 262 340 304 ab
369 260 474 314 ipsis
503 257 741 301 Pontificiis
770 258 1011 310 requisitas,
1040 257 1139 299 huic
1167 257 1269 300 ritui
1298 259 1462 310 deesse3
1492 258 1678 300 divinam
1700 273 1854 313 nempe

288 331 614 381 institutionem,
645 329 833 371 divinam
860 328 1202 382 promissionem,
1233 331 1275 371 et
1305 329 1469 383 gratiae
1499 329 1665 371 divinae
1695 331 1736 371 et
1766 329 1853 383 spi-

287 403 453 445 ritualis
494 403 701 453 effectum,
741 401 969 454 praecipue
1004 401 1230 453 intentum,
1270 403 1312 443 et
1350 401 1403 443 ad
1441 401 1706 454 spiritualem
1734 401 1854 442 illum

289 475 485 517 effectum
523 473 777 525 analogiam.
816 472 1054 525 Praeterea,
1092 487 1180 515 non
1219 487 1308 515 esse
1344 474 1501 515 statam
1531 475 1573 515 et
1602 475 1856 526 perpetuam

289 545 583 595 ceremoniam,
621 543 850 585 universali
889 544 1104 585 Ecclesiae
1143 544 1298 596 datam,
1338 544 1452 597 quod
1489 544 1533 585 in
1564 545 1679 586 omni
1711 544 1855 587 Sacra-

287 619 430 658 mento
464 616 639 669 proprie
669 615 781 657 dicto
810 616 1095 657 necessarium
1124 617 1198 657 est.
1229 614 1343 657 Nam
1371 616 1485 669 quod
1515 615 1701 657 divinam
1730 616 1854 658 insti-

287 689 498 731 tutionem
526 687 719 729 nonnulli
749 687 956 740 colligunt
985 702 1034 728 ex
1065 701 1155 740 cap.
1184 688 1221 728 6.
1251 686 1380 729 Μ310.
1410 702 1448 729 v.
1476 688 1538 730 16.
1563 687 1637 728 ubi
1661 688 1711 729 de
1735 687 1855 741 Apo-

288 759 408 802 stolis
448 759 615 810 dicitur,
653 759 876 800 unxisse
909 758 1041 800 illos
1070 758 1270 799 multos
1299 772 1497 811 aegros
1527 758 1671 810 oleo,
1704 760 1751 799 et
1780 773 1856 800 sa-

287 846 467 882 nasse,
496 830 694 872 viderunt
721 829 863 871 nasuti
891 829 1064 882 quidam
1092 829 1204 870 inter
1232 828 1499 880 Pontificios,
1529 829 1582 870 ad
1611 829 1856 871 unctionem
1887 847 1890 851 ’

289 917 417 955 quam
455 901 814 944 Sacramentalem
852 903 1037 952 censent,
1077 915 1163 942 non
1202 914 1327 954 posse
1365 900 1592 953 pertinere,
1631 902 1678 942 ut
1706 899 1857 942 Domi-

288 975 406 1016 nicus
446 973 550 1015 Soto
591 973 644 1014 in
672 973 709 1014 4.
741 972 861 1014 dist.
893 973 957 1015 24.
989 987 1028 1025 q.
1059 972 1095 1013 1.
1128 986 1253 1025 quem
1282 972 1474 1024 sequitur
1503 971 1658 1014 Bellar.
1689 971 1748 1013 de
1777 986 1857 1013 ex-

289 1048 462 1086 trema
498 1046 639 1086 unct.
680 1059 790 1097 cap.
820 1045 857 1085 2.
888 1043 970 1086 Sed
999 1043 1051 1085 ad
1082 1043 1240 1085 donum
1271 1046 1314 1085 et
1342 1044 1526 1096 gratiam
1555 1043 1858 1085 miraculorum

290 1119 496 1169 spectare,
535 1116 645 1157 circa
684 1130 865 1168 corpora
894 1115 1176 1168 potissimum.
1207 1114 1329 1163 Quod
1359 1117 1502 1156 autem
1532 1115 1691 1167 dicunt,
1720 1114 1859 1156 uncti-

291 1202 415 1229 onem
452 1187 569 1228 illam
608 1187 723 1241 apud
760 1185 965 1238 Marcum,
1001 1186 1358 1239 Sacramentalem
1386 1201 1507 1228 suam
1534 1186 1857 1239 praefigurasse,

291 1260 437 1301 eadem
477 1257 683 1300 facilitate
725 1258 929 1311 rejicitur,
973 1273 1056 1310 qua
1097 1258 1375 1311 proponitur:
1418 1257 1499 1299 nisi
1541 1257 1674 1299 velint
1716 1257 1859 1299 omnia

290 1330 495 1372 miracula
524 1330 576 1371 ab
606 1330 828 1384 Apostolis
856 1330 982 1380 facta,
1015 1329 1278 1372 Sacramenti
1304 1329 1480 1382 alicujus
1505 1329 1581 1370 sub
1606 1327 1718 1370 Nov.
1743 1327 1858 1370 Test.

291 1401 420 1443 fuisse
449 1402 622 1454 figuras,
653 1403 768 1455 quod
798 1401 1147 1443 absurdissimum
1177 1403 1298 1443 esset.

343 1472 543 1515 XXXIII.
574 1473 697 1522 Quod
728 1488 778 1515 ex
807 1472 970 1515 ξ1300110
1002 1473 1199 1524 afferunt,
1228 1487 1317 1526 cap.
1347 1472 1383 1521 5,
1414 1471 1476 1513 14.
1507 1473 1550 1512 et
1580 1471 1642 1513 15.
1672 1472 1859 1514 ostendit

293 1545 476 1598 quidem,
514 1544 558 1585 in
587 1545 807 1598 primitiva
834 1544 1037 1598 Ecclesia,
1066 1545 1245 1586 durante
1279 1543 1416 1585 adhuc
1445 1543 1716 1585 sanationum
1746 1544 1857 1585 dono

292 1615 645 1668 extraordinario,
685 1615 906 1657 consilium
944 1615 1027 1657 hoc
1066 1615 1213 1657 datum
1250 1614 1380 1656 fuisse
1410 1614 1464 1655 ab
1493 1613 1725 1668 Apostolo:
1755 1614 1858 1656 fide-

289 1688 415 1739 libus,
457 1701 544 1729 11011
586 1687 639 1728 111
679 1686 939 1728 extremis
978 1686 1292 1740 agentibus,
1332 1686 1404 1728 sed
1441 1685 1635 1739 quovis
1672 1686 1857 1728 morbo

290 1758 700 1810 laborantibus,
741 1761 787 1800 ut
826 1758 1108 1812 Presbyteros
1139 1758 1355 1800 Ecclesiae
1385 1758 1439 1799 ad
1467 1773 1511 1800 se
1538 1759 1754 1809 vocarent,
1785 1757 1858 1810 qui

289 1832 333 1872 in
374 1831 547 1873 nomine
588 1829 777 1882 Domini,
821 1829 913 1871 oleo
958 1829 1027 1882 (de
1070 1830 1188 1882 cujus
1232 1830 1549 1871 consecratione
1590 1844 1643 1871 ne
1682 1828 1859 1870 verbum

292 1903 464 1956 quidem
502 1901 702 1954 habetur)
741 1916 918 1955 aegrum
953 1901 1222 1954 inungerent,
1253 1916 1349 1942 cum
1378 1915 1453 1954 spe
1482 1900 1715 1942 sanationis
1746 1900 1858 1942 obti-

289 1975 464 2027 nendae,
505 1975 699 2016 oratione
736 1973 847 2025 fidei,
886 1976 928 2015 et
957 1972 1217 2015 remissionis
1247 1974 1521 2026 peccatorum
1550 1971 1857 2025 impetrandae,

290 2046 500 2098 siquidem
544 2060 671 2099 aeger
713 2045 758 2086 in
799 2044 984 2099 peccatis
1028 2046 1139 2086 esset
1180 2059 1204 2085 a
1247 2043 1397 2085 morbo
1437 2043 1736 2096 deprehensus.
1776 2042 1858 2085 Sed

293 2118 398 2159 haec
436 2118 489 2159 ad
528 2116 792 2159 Sacramenti
821 2116 1000 2169 alicujus
1029 2116 1346 2157 institutionem
1376 2130 1462 2157 11011
1489 2115 1716 2169 pertinere,
1745 2117 1858 2157 recte

293 2189 471 2242 agnovit
501 2188 734 2230 Oardinalis
766 2187 1005 2241 cajetanus,
1035 2187 1224 2229 scribens
1251 2187 1296 2228 in
1327 2176 1505 2229 eundem
1533 2188 1686 2230 locum.
1715 2187 1858 2241 Atque

291 2260 408 2311 adeo,
446 2274 523 2301 nec
553 2274 603 2300 ex
634 2258 786 2310 verb-is,
815 2273 893 2301 nec
918 2274 968 2300 ex
998 2259 1161 2310 effectu,
1192 2259 1322 2300 verba
1348 2259 1454 2301 haec
1481 2259 1601 2312 loqui
1629 2260 1680 2301 (10
1709 2259 1857 2302 Sacra-

291 2330 469 2372 mentali
496 2330 710 2382 unctione,
741 2330 814 2371 sed
845 2330 894 2372 de
924 2344 973 2372 03
1004 2345 1133 2383 quam
1162 2332 1439 2372 exercuerunt
1465 2330 1660 2384 discipuli
1684 2329 1859 2372 Domini

291 2402 333 2443 in
377 2402 577 2456 aegrotis.
621 2401 781 2443 Textus
825 2401 937 2443 enim
979 2416 1065 2444 non
1108 2402 1222 2455 dicit,
1265 2403 1589 2445 infirmatur
1631 2402 1752 2455 quis
1796 2402 1858 2444 ad

292 2475 541 2525 mortem,
580 2473 653 2515 sed
691 2473 897 2524 absolute,
925 2473 1247 2515 infirmatur
1276 2474 1416 2527 quis,
1448 2476 1490 2516 et
1519 2474 1714 2516 effectum
1742 2473 1857 2525 dicit,

290 2544 504 2586 infirmi
543 2544 957 2596 allevationem,
998 2547 1040 2586 et
1078 2545 1129 2587 de
1166 2545 1414 2588 remissione
1441 2547 1726 2599 peccatorum,
1754 2559 1858 2586 non

292 2615 402 2657 nisi
432 2615 900 2658 conditionaliter
930 2616 1191 2669 loquitur.
1220 2616 1342 2659 Adde
1371 2616 1485 2669 quod
1514 2616 1709 2658 effectum
1737 2615 1859 2669 illum

291 2701 377 2728 non
416 2678 897 2740 tribuafisacramenm,
931 2688 1044 2740 quod
1072 2688 1221 2730 volunt
1249 2687 1478 2739 Pontificii,
1509 2687 1580 2729 sed
1610 2686 1858 2729 orationi

292 2757 448 2809 fidei3
477 2757 667 2811 proinde,
698 2759 928 2800 secundum
958 2773 1041 2811 eos,
1072 2760 1226 2812 operi
1256 2758 1534 2813 operanti3
1565 2760 1607 2800 et
1634 2758 1743 2810 fidei,
1769 2760 1858 2799 tam

294 2828 479 2871 ministri
509 2845 636 2883 quam
664 2830 947 2884 suscipientis,
976 2845 1079 2872 non
1109 2831 1264 2884 operi
1295 2832 1539 2884 operato.

348 2899 546 2942 XXXIV.
577 2901 754 2953 Deinde,
784 2916 860 2944 nec
888 2901 1086 2954 Jacobus,
1116 2916 1192 2944 nec
1220 2901 1327 2943 alius
1356 2901 1582 2955 quisquam
1608 2901 1856 2954 Apostolus,

296 2970 439 3022 potuit
490 2971 811 3015 Sacramentum
861 2988 1020 3015 novum
1068 2973 1302 3016 instituere.
1355 2972 1606 3015 Institutum
1649 2974 1792 3014 autem
1832 2987 1856 3013 a
