1931 3224
476 99 541 141 DE
575 100 617 143 S.
647 99 802 143 Scmr'r.
831 100 1002 144 Nacnss.
1031 116 1078 143 ΕΤ
1107 102 1284 143 AUCTOR.
1605 101 1655 141 13

157 224 313 267 XXIII.
352 224 515 266 Deinde
553 224 664 266 idem
703 225 917 267 evidenter
947 226 1131 268 ostendit
1158 226 1200 267 S.
1231 225 1475 278 Scripturae
1503 226 1666 266 mate-

105 296 210 339 ria:
250 297 302 338 ad
341 311 469 349 quam
505 296 726 339 referimus
754 300 933 353 tempus,
965 300 1006 340 et
1035 298 1226 340 ordinem
1254 296 1478 339 creationis
1506 295 1665 347 mundi,

105 368 429 422 propagationis
467 368 689 411 hominum
726 371 767 412 et
807 370 999 423 gentium
1033 369 1078 411 in
1115 368 1296 419 mundo;
1335 367 1589 421 dogmata
1616 366 1666 408 de

106 439 198 483 Deo
227 455 312 483 uno
343 443 385 482 et
412 440 538 493 trino,
566 439 733 483 Christo
763 439 1022 495 θεοινθρώπῳ,
1062 439 1367 483 resurrectione
1407 439 1555 490 carnis,
1595 452 1666 479 ex-

105 513 241 554 tremo
268 512 461 565 «judicio,
504 515 546 554 et
587 513 761 564 similia;
803 527 911 567 quae
949 513 1054 554 nulli
1091 512 1331 566 sapientum
1372 511 1498 563 hujus
1540 509 1668 552 seculi

105 598 294 637 unquam
330 583 375 625 in
410 586 595 626 mentem
632 587 849 636 venerunt,
888 599 935 626 ac
972 584 1150 638 proinde
1188 599 1213 625 a
1250 584 1340 626 solo
1370 582 1462 625 Deo
1490 581 1668 624 revelari

105 657 358 709 potuerunt3
401 656 505 698 item
548 657 691 698 decem
729 655 868 698 verbis
910 655 1127 710 Decalogi,
1170 670 1338 697 omnem
1379 654 1583 708 pietatem
1627 654 1668 694 et

101 727 335 780 justitiam3
375 742 448 769 sex
481 727 760 781 petitionibus
788 741 962 781 precum
991 726 1323 778 Dominicaruni,
1354 724 1497 767 omnia
1524 724 1576 765 ad
1604 738 1670 765 sa-

105 799 238 841 lutem
264 799 512 851 necessaria,
542 799 685 841 divina
715 799 840 852 plane
868 799 1070 841 methodo
1102 798 1419 852 comprehensa.
1444 796 1540 838 Huc
1564 809 1669 849 quo-

107 885 189 924 que
238 871 458 913 referimus
508 871 840 924 prophetias
892 873 942 912 et
994 870 1411 924 praedictiones
1468 881 1669 919 sacras,

106 941 270 995 aliquot
310 956 518 984 annorum
559 942 783 994 centurias,
826 941 912 983 imo
958 944 999 983 et
1037 941 1251 989 chiliades,
1292 942 1490 982 eventum
1529 939 1670 993 ipsum

106 1015 381 1067 antegressas
426 1013 577 1063 Quales
618 1013 847 1069 praecipue
889 1016 999 1065 sunt,
1043 1013 1352 1066 praedictiones
1395 1012 1446 1054 de
1488 1013 1667 1053 venturo

106 1083 272 1138 Messia,
310 1088 449 1127 stante
488 1085 625 1128 adhuc
662 1086 824 1140 republ.
857 1084 1055 1135 Judaica;
1085 1083 1343 1138 Prophetiae
1373 1083 1422 1125 de
1450 1083 1671 1125 vocatione

106 1156 298 1210 gentium
326 1157 378 1199 ad
406 1157 621 1199 Ecclesiae
651 1157 1012 1207 eommunionem3
1042 1155 1300 1210 Prophetiae
1327 1156 1377 1197 de
1400 1154 1671 1197 Idololatriae

106 1228 313 1271 Ethnicae
352 1229 583 1271 abolitione
612 1244 689 1284 per
716 1229 944 1271 adventum
974 1228 1144 1280 Christi,
1175 1228 1225 1270 de
1253 1227 1503 1270 liberatione
1533 1226 1671 1281 gentis

106 1299 309 1343 Judaicae
348 1316 400 1343 ex
438 1301 640 1343 servitute
677 1300 955 1356 Aegyptiaca,
994 1302 1036 1342 et
1063 1300 1346 1354 Babylonica;
1377 1300 1427 1341 de
1457 1298 1671 1341 eversione

109 1372 260 1414 ultima
282 1373 399 1415 urbis
429 1375 470 1414 et
500 1373 639 1427 gentis
663 1371 887 1423 Judaicae;
914 1372 964 1413 de
988 1371 1226 1413 haeresium
1251 1371 1482 1413 multarum
1499 1373 1670 1421 exortu3

111 1444 160 1486 de
198 1443 407 1486 erectione
446 1447 488 1486 et
527 1444 741 1486 eversione
778 1443 901 1497 regni
933 1443 1202 1495 Antichristi,
1242 1445 1319 1485 etc.
1359 1442 1454 1484 Huc
1492 1442 1671 1495 denique

109 1515 329 1558 referimus
366 1515 772 1570 promissiones
802 1515 1135 1569 spirituales
1165 1514 1430 1557 credentibus
1457 1513 1502 1555 in
1530 1512 1672 1555 Chris-

109 1589 202 1629 tum
237 1587 384 1638 factas,
420 1602 573 1641 nempe
608 1587 868 1629 remissionis
906 1589 1189 1640 peccatorum,
1226 1586 1342 1640 pacis
1379 1584 1670 1636 conscientiae,

112 1658 439 1701 circumcisionis
477 1658 627 1711 cordis,
658 1658 834 1712 spiritus
862 1672 1037 1712 precum
1065 1660 1106 1700 et
1136 1657 1392 1710 adoptionis,
1421 1656 1671 1698 tolerantiae

111 1729 156 1771 in
194 1744 327 1783 cruce,
366 1733 407 1772 et
436 1731 614 1781 similes;
646 1745 826 1784 quarum
855 1730 1050 1772 effectum
1077 1729 1166 1771 veri
1195 1729 1338 1771 fideles
1367 1728 1576 1779 sentiunt;
1606 1728 1671 1771 in·-

112 1801 270 1846 creduli
310 1816 409 1844 vero
450 1802 494 1844 in
532 1802 636 1854 aliis,
674 1802 806 1844 velint
843 1801 992 1853 nolint,
1032 1802 1243 1854 coguntur
1282 1800 1591 1854 obstupescere,
1630 1802 1672 1841 et

113 1871 347 1914 contrarias
382 1873 518 1915 minas
553 1888 788 1927 poenarum
824 1872 1106 1928 spiritualium
1144 1871 1189 1913 in
1227 1886 1271 1913 se
1298 1871 1402 1925 ipsis
1429 1870 1673 1924 frequenter

112 1943 306 1999 experiri.

164 2014 321 2057 XXIV.
359 2014 401 2057 S.
440 2015 684 2069 Scripturae
721 2015 893 2057 forma
929 2018 979 2057 et
1017 2014 1153 2056 finis
1188 2013 1301 2056 idem
1338 2013 1512 2056 evincit:
1542 2015 1672 2066 atque

112 2085 322 2140 imprimis
358 2087 403 2128 in
440 2087 585 2129 eadem
619 2087 760 2129 divina
789 2087 1002 2141 dogmata,
1031 2101 1220 2128 summus
1248 2085 1406 2138 ubique
1435 2099 1672 2137 consensus,

113 2157 157 2199 in
184 2158 369 2199 maxima
398 2158 498 2212 styli
527 2158 799 2212 simplicitate
827 2158 1014 2200 maxima
1042 2158 1241 2210 majestas
1270 2158 1311 2198 et
1337 2156 1534 2207 efficacia,
1557 2155 1672 2209 leges

115 2229 284 2271 eaedem
322 2229 434 2271 latae
460 2229 634 2284 regibus
663 2232 705 2271 et
734 2229 926 2281 subditis,
955 2228 1258 2283 promissiones
1286 2230 1328 2270 et
1355 2242 1517 2281 poenae
1544 2226 1672 2268 utris-

115 2314 197 2353 que
230 2314 471 2343 communes
500 2301 784 2353 denuntiatae,
813 2301 941 2354 idque
969 2315 1054 2343 non
1082 2303 1251 2342 tantum
1281 2299 1466 2341 externis
1494 2297 1672 2340 actioni-

114 2371 205 2423 bus,
242 2371 316 2413 sed
355 2372 483 2413 etiam
520 2372 704 2414 consiliis
744 2375 785 2415 et
824 2372 1157 2426 cogitationibus
1187 2385 1334 2413 eorum
1362 2357 1671 2419 secretissimis,

114 2442 249 2484 finis
285 2442 442 2496 ubique
475 2442 557 2485 Dei
584 2444 732 2498 gloria,
763 2446 804 2486 et
831 2443 1052 2485 hominum
1080 2443 1203 2495 salus,
1232 2441 1543 2483 misericordiae
1572 2454 1673 2494 erga

114 2513 308 2566 humiles,
338 2517 379 2556 et
403 2514 660 2567 judiciorum
688 2515 886 2557 adversus
914 2518 1183 2557 contumaces
1212 2511 1529 2555 demonstratio.

168 2583 302 2627 XXV.
339 2585 461 2628 Adde
497 2586 580 2628 huc
618 2586 820 2629 effecta
856 2587 1017 2640 plane
1055 2586 1248 2628 divina.
1287 2583 1400 2626 Nam
1433 2583 1673 2636 ubicunque

115 2657 291 2699 verbum
328 2657 409 2700 Dei
447 2660 488 2700 et
525 2657 565 2700 S.
605 2657 825 2712 Scriptura
861 2659 1002 2700 locum
1038 2657 1211 2709 invenit,
1248 2656 1309 2698 ibi
1346 2655 1528 2698 Satanae
1564 2654 1672 2696 ludi-

73 2726 77 2733 ’
115 2728 221 2781 bria,
258 2731 300 2771 et
337 2729 568 2784 spiritualis
605 2731 693 2784 ejus
719 2733 909 2784 potestas
938 2731 1210 2779 evanescunt3
1241 2726 1364 2769 sicuti
1391 2728 1489 2780 post
1518 2725 1675 2768 Christi

117 2815 336 2843 ascensum
361 2801 406 2842 in
430 2801 531 2843 orbe
555 2801 727 2855 cognito
751 2801 910 2843 factum
932 2801 1133 2852 videmus,
1157 2798 1426 2852 stupentibus
1452 2800 1493 2840 et
1516 2797 1674 2840 miran-

115 2871 231 2914 tibus
258 2872 465 2924 Ethnicis,
496 2888 569 2915 cur
594 2873 846 2915 daemonum
870 2872 1040 2915 oracula
1064 2873 1295 2921 cessarent3
1320 2873 1362 2912 et
1386 2872 1532 2912 nostro
1557 2883 1672 2921 aevo,

116 2943 191 2985 ubi
227 2943 269 2987 S.
307 2943 528 2997 Scriptura
565 2945 609 2986 in
645 2944 865 2987 hominum
902 2943 1097 2986 manibus
1124 2942 1283 2985 versari
1311 2941 1464 2995 coepit,
1493 2940 1673 2984 Satanae
