1931 3224
245 160 323 201 256
812 155 1054 197 DISPUTA'rxo
1082 151 1238 195 XXVI.

242 282 483 334 destinavit,
524 281 669 322 eadem
705 280 749 321 in
790 294 864 321 sua
902 293 1025 320 carne
1053 280 1246 330 tempore
1274 277 1531 330 praestituto
1563 292 1655 320 eam
1685 278 1798 331 apud

242 353 514 406 semetipsum
552 366 720 404 quoque
759 351 875 392 obire
913 350 1062 400 voluit,
1099 348 1301 390 nimirum
1339 348 1570 402 analogice,
1601 351 1643 391 et
1673 349 1725 390 ad
1753 363 1798 391 se

241 423 466 474 reductive,
504 423 547 464 id
584 424 658 474 est,
700 421 914 463 Deitatem
953 420 1033 462 sibi
1073 435 1168 462 cum
1204 418 1333 461 Patre
1375 422 1417 461 et
1447 418 1612 473 Spiritu
1641 418 1796 462 Sancto

242 509 506 538 communem
535 494 663 535 etiam
692 493 743 534 ad
773 507 816 533 se
844 491 1065 533 referendo
1097 505 1144 532 ex
1171 491 1266 543 jure
1296 491 1628 533 communitatis.

293 565 446 607 XXXI.
501 563 862 614 Quemadmodum
912 562 1045 615 igitur
1096 561 1288 603 Christus
1332 562 1560 604 secundum
1600 564 1798 605 naturam

239 637 423 678 Deitatis
460 636 596 677 tribus
634 633 828 687 personis
869 648 1147 685 communem,
1186 634 1415 676 secundum
1450 649 1579 687 quam
1605 633 1726 676 Patri
1755 637 1798 677 et

239 707 418 761 Spiritui
441 706 596 748 Sancto
620 708 682 747 est
698 704 911 756 ὁμοούσιος,
937 705 1001 746 sui
1027 704 1162 758 ipsius
1188 706 1317 746 etiam
1341 708 1404 747 est
1418 705 1641 758 mediator,
1658 705 1717 748 sic
1733 720 1797 748 se-

239 778 420 820 cundum
458 776 714 830 singularem
752 791 800 818 ac
829 776 909 817 sibi
938 776 1158 829 propriam
1186 777 1548 830 personalitatem,
1581 779 1622 819 et
1650 792 1797 819 secun-

239 850 337 890 dum
376 848 539 902 gratiae
580 847 942 902 dispensationem
979 863 1062 900 qua
1100 847 1238 890 factus
1278 850 1341 890 est
1372 847 1654 901 Θεάνθρωπος,
1684 849 1798 902 apud

237 919 409 960 Patrem
448 922 489 961 et
526 919 734 972 Spiritum
771 918 973 960 Sanctum
1003 918 1253 961 Mediatoris
1281 935 1455 962 munere
1482 920 1688 973 fungitur,
1719 919 1796 961 eti-

239 990 343 1032 amsi
380 990 424 1031 in
462 990 591 1032 sacris
630 990 764 1031 literis
793 990 959 1032 ratione
990 990 1150 1032 ordinis
1181 991 1442 1033 oeconomici
1470 991 1634 1034 functio
1663 991 1795 1046 ipsius

238 1062 291 1103 ad
327 1061 499 1103 Patrem
535 1062 831 1103 tantummodo
860 1061 1000 1103 verbis
1031 1062 1241 1114 expressis
1269 1062 1496 1113 referatur3
1525 1063 1570 1104 in
1599 1077 1682 1116 qua
1710 1076 1796 1104 non

237 1135 405 1174 tantum
441 1132 573 1186 legati
611 1135 652 1174 et
689 1132 958 1184 internuncii,
998 1133 1070 1174 sed
1109 1133 1236 1174 etiam
1274 1133 1433 1176 obsidis
1461 1135 1598 1176 nostri
1627 1134 1796 1188 culpam

237 1206 373 1246 morte
416 1220 490 1246 sua
521 1205 733 1257 expiantis
763 1204 950 1246 officium
979 1206 1038 1246 sic
1066 1204 1296 1258 praestitit,
1325 1207 1373 1247 ut
1400 1207 1444 1247 in
1472 1206 1565 1259 ipsa
1596 1220 1717 1248 cruce
1745 1205 1795 1247 de

236 1278 374 1317 morte
418 1276 596 1329 aliisque
638 1276 834 1318 hostibus
877 1277 962 1318 suis
1005 1278 1232 1331 prostratis
1270 1278 1414 1331 palam
1451 1276 1794 1331 triumphaverit,

237 1346 324 1389 Col.
355 1348 389 1399 1,
421 1348 481 1389 15.

290 1418 466 1460 XXXII.
492 1419 686 1461 Aliorum
710 1420 1075 1462 internunciorum
1097 1423 1225 1473 atque
1252 1421 1446 1463 obsidum
1471 1420 1664 1474 exempla
1688 1432 1795 1473 quae

237 1490 289 1531 ad
325 1490 450 1541 hujus
485 1491 667 1544 exempli
694 1491 1025 1534 illustrationem
1054 1507 1104 1534 ex
1128 1492 1256 1534 variis
1283 1492 1477 1534 historiis
1505 1491 1793 1546 proferuntur,

235 1561 331 1613 plus
362 1576 486 1613 quam
516 1564 609 1604 toto
639 1561 792 1616 genere
816 1564 869 1605 ab
900 1578 948 1606 eo
974 1563 1186 1616 differunt,
1213 1579 1308 1606 cum
1334 1566 1407 1605 aut
1430 1563 1628 1605 insontes
1644 1562 1795 1605 mortis

235 1646 416 1684 poenam
453 1647 532 1685 pro
572 1634 665 1675 aliis
694 1634 887 1676 sontibus
916 1649 1002 1676 non
1030 1635 1252 1687 subierint,
1282 1637 1355 1676 aut
1385 1649 1478 1677 eam
1506 1649 1584 1688 pro
1615 1635 1796 1676 aliorum

235 1701 407 1744 crimine
436 1703 676 1757 subeuntes,
708 1720 757 1746 ex
789 1706 877 1758 ejus
908 1705 1148 1747 discrimine
1176 1706 1358 1748 victores
1387 1721 1474 1748 non
1503 1706 1725 1748 evaserint.

287 1771 485 1814 XXXIII.
514 1773 578 1816 De
607 1775 876 1817 mediationis
906 1776 1094 1829 subjecto
1125 1776 1228 1818 Jesu
1257 1776 1439 1829 Christo,
1470 1778 1644 1830 ejusque
1669 1791 1794 1819 causa

237 1843 444 1886 efficiente
487 1860 534 1887 ac
572 1850 781 1898 movente,
824 1847 926 1889 satis
971 1847 1155 1901 egimus3
1197 1848 1410 1901 objectum
1448 1849 1537 1901 ejus
1577 1851 1642 1890 est
1679 1847 1794 1890 Deus

236 1914 431 1968 offensus,
475 1919 515 1958 et
556 1916 685 1959 homo
732 1918 916 1960 offensae
961 1933 1069 1960 reus.
1116 1918 1239 1968 Quod
1281 1919 1518 1972 Apostolus
1562 1918 1794 1961 clarissime

234 1986 428 2037 testatur,
468 2001 562 2028 cum
599 1988 671 2040 ait,
701 1987 848 2030 Unus
878 1992 958 2031 est
986 1989 1262 2032 Mediator
1290 1990 1390 2032 Dei
1420 1993 1469 2032 et
1497 1990 1791 2042 hominum,

234 2055 388 2098 homo
419 2056 671 2101 Christus
701 2060 879 2114 Jesus,
910 2062 931 2102 1
963 2061 1088 2103 Tim.
1117 2062 1153 2114 2,
1184 2061 1221 2103 5.

287 2126 482 2171 XXXIV.
522 2130 704 2172 Exsistit
743 2131 825 2174 hoc
853 2132 948 2175 loco
979 2133 1172 2185 quaestio
1203 2133 1252 2175 de
1281 2133 1400 2175 bonis
1429 2132 1620 2187 Angelis,
1649 2134 1793 2174 utrum

235 2197 425 2241 Christus
475 2201 667 2254 ipsorum
711 2218 880 2256 quoque
921 2204 1135 2246 Mediator
1177 2204 1233 2246 sit
1274 2204 1565 2259 appellandus.
1607 2203 1699 2246 Nos
1740 2203 1793 2245 iis

235 2270 525 2323 astipulamur,
555 2273 628 2325 qui
657 2273 874 2316 Christum
904 2275 1075 2328 quidem
1104 2276 1440 2317 conservationis
1468 2275 1679 2316 bonorum
1703 2274 1793 2316 An-

234 2341 426 2393 gelorum
477 2358 644 2385 causam
687 2345 869 2387 mediam
911 2346 977 2388 vel
1017 2346 1275 2388 mediantem
1317 2360 1407 2388 esse
1450 2345 1677 2398 affirmant,
1721 2344 1793 2387 sed

233 2412 446 2455 Christum
475 2417 704 2468 propterea
733 2417 961 2458 eorundem
1001 2417 1284 2459 Mediatorem
1313 2417 1552 2459 vocandum
1582 2431 1672 2458 esse
1696 2430 1794 2470 per-

235 2488 406 2538 negant.

287 2554 462 2598 XXXV.
491 2556 722 2610 Nunquam
752 2559 863 2600 enim
892 2559 1086 2602 Christus
1116 2562 1315 2614 respectu
1344 2559 1690 2610 conservationis,
1721 2556 1793 2599 sed

236 2640 402 2679 semper
443 2631 638 2681 respectu
679 2630 1037 2672 reconciliationis
1082 2646 1177 2673 cum
1213 2631 1306 2673 Deo
1347 2631 1520 2682 offenso,
1561 2630 1793 2671 electorum

236 2711 407 2739 suorum
458 2697 669 2741 Mediator
716 2700 761 2741 in
803 2699 844 2742 S.
888 2699 1108 2755 Scriptura
1149 2704 1432 2756 nuncupatur.
1474 2700 1608 2743 Nulla
1650 2701 1792 2742 autem

236 2766 328 2818 fuit,
377 2784 453 2810 nec
499 2770 579 2811 erit
623 2770 735 2812 inter
775 2770 914 2812 Deum
953 2774 994 2813 et
1028 2772 1164 2815 bonos
1200 2772 1392 2826 Angelos
1431 2771 1653 2813 discordia.
1691 2768 1791 2811 Ideo

237 2836 428 2881 Christus
466 2841 585 2893 ipsos
626 2856 712 2883 non
755 2843 999 2895 assumpsit,
1043 2844 1114 2885 sed
1157 2859 1299 2886 semen
1339 2843 1553 2894 Abrahae,
1595 2844 1643 2883 ut
1680 2842 1792 2883 inter

236 2906 373 2949 Deum
410 2909 582 2953 Patrem
620 2927 753 2964 suum,
794 2913 1023 2955 secundum
1051 2914 1239 2956 divinam
1265 2916 1475 2967 naturam,
1507 2915 1549 2956 et
1576 2913 1688 2955 inter
1713 2926 1791 2954 nos

235 2977 387 3020 fratres
428 2994 524 3021 suos
562 2983 790 3024 secundum
819 2998 988 3025 carnem
1017 2999 1067 3026 ex
1096 2986 1254 3028 semine
1283 2985 1483 3029 Abrahae
1514 2987 1789 3037 assumptam,
