1931 3224
568 113 632 155 Di:
661 112 932 157 SACRAMENris
961 127 1001 157 IN
1033 129 1193 157 GENERE.
1582 118 1661 160 485

93 238 237 282 Verbo
267 241 308 280 et
337 237 624 281 Sacramentis
654 238 716 280 ita
743 238 988 291 loquuntur,
1021 241 1068 280 ut
1096 239 1200 292 ipsis
1230 240 1360 282 etiam
1390 240 1662 283 collationem

96 310 260 365 gratiae
296 312 337 351 et
370 309 688 362 justificationis
725 309 941 359 tribuant;
982 312 1023 352 et
1054 325 1187 364 opus
1218 314 1503 364 operatum
1531 313 1660 355 verbo

94 380 344 434 rejicientes,
384 394 470 421 non
505 379 643 420 minus
682 381 825 420 tamen
863 379 1087 432 efficaciae,
1119 382 1277 423 actioni
1308 384 1505 424 externae
1533 383 1661 425 ascri-

94 452 214 502 bunt,
254 465 381 503 quam
411 450 484 503 qui
512 449 789 492 Sacramenta
820 464 1012 492 causas
1041 451 1259 504 gratiae
1288 454 1546 507 proprias
1575 456 1662 496 sta-

94 524 242 573 tuunt3
295 523 336 563 et
388 520 469 562 Dei
511 521 724 563 actionem
767 521 999 574 propriam,
1043 524 1084 563 et
1126 522 1579 577 incommunicabilem,
1617 525 1662 566 111

91 594 376 636 instrumenta
405 592 651 634 immediate
680 592 952 634 transferunt.

143 664 299 706 XXIX.
341 664 410 705 Ab
453 665 648 717 utrisque
688 664 941 706 calumniam
979 665 1179 718 patimur,
1219 667 1340 718 quasi
1377 667 1500 721 signa
1535 668 1660 720 nuda,

20 744 33 754 ‘
91 750 233 787 vacua,
272 737 314 777 et
354 750 531 789 prorsus
569 735 804 776 inefficacia
845 738 1142 788 statueremus,
1173 752 1269 778 cum
1298 741 1467 791 praeter
1497 739 1660 792 signifi-

6 803 7 806 *
36 836 38 838 -
90 807 302 849 cationem
332 821 383 848 ex
413 806 612 848 instituto
642 805 736 857 Dei,
766 821 887 847 suam
919 806 1047 848 etiam
1077 807 1384 850 exhibitionem
1413 809 1504 861 (sed
1531 811 1658 853 modo

88 876 375 919 Sacramentis
413 876 534 930 apto)
579 878 620 918 et
659 877 1005 930 obsignationem
1045 879 1377 932 promissionum
1408 881 1658 935 divinarum,

2 949 26 974 “⁴
87 948 192 1002 ipsis
230 948 525 1000 attribuamus,
566 964 616 990 ex
656 949 809 1002 quibus
853 952 1077 991 sumuntur
1116 951 1256 992 variae
1295 951 1392 994 illae
1422 953 1659 996 locutiones

87 1019 308 1073 figuratae,
349 1022 438 1061 tam
475 1019 519 1060 in
557 1018 780 1071 Scriptura
820 1033 948 1072 quam
985 1020 1029 1061 in
1071 1021 1283 1062 communi
1313 1022 1529 1065 Ecclesiae
1558 1039 1657 1074 usu;

88 1106 183 1133 cum
219 1105 374 1132 nomen
411 1090 473 1132 rei
514 1090 709 1143 signatae
739 1089 860 1143 signo
891 1090 1108 1141 tribuitur,
1138 1094 1185 1132 ut
1215 1091 1316 1134 Gen.
1349 1094 1410 1145 17,
1442 1095 1502 1136 13.
1534 1094 1657 1137 Pac-

88 1164 197 1204 tum
225 1176 394 1204 meum
423 1161 533 1202 erit
562 1161 615 1201 in
646 1175 809 1203 carne
836 1163 1043 1214 vestra,
1075 1165 1116 1203 et
1144 1162 1234 1205 vice
1263 1178 1395 1216 versa,
1428 1167 1476 1206 ut
1506 1167 1526 1207 1
1563 1166 1656 1209 Cor.

88 1234 125 1285 5,
169 1234 205 1275 7.
247 1232 455 1274 Pascha
498 1235 747 1274 nostrum
784 1232 1102 1274 immolatus
1146 1236 1228 1275 est
1271 1234 1538 1278 Christus.
1577 1237 1658 1280 Vel

88 1319 182 1347 cum
219 1304 341 1357 signo
379 1303 584 1345 tribuitur
623 1303 865 1357 proprietas
903 1303 976 1353 rei,
1013 1306 1061 1345 ut
1088 1304 1201 1358 Eph.
1231 1307 1269 1358 5,
1300 1308 1363 1349 26.
1394 1307 1653 1351 Mundans

89 1391 199 1418 eam
226 1376 449 1418 lavacro
480 1389 653 1427 aquae
682 1375 736 1416 in
765 1375 952 1427 verbo,
978 1376 1045 1417 vel
1071 1378 1219 1418 contra
1242 1376 1341 1419 Joh.
1368 1379 1405 1430 6,
1429 1379 1491 1421 55.
1519 1379 1652 1423 Caro

84 1463 197 1490 mea
227 1450 305 1489 est
333 1461 458 1488 vere
490 1446 668 1498 cibus,
698 1448 748 1488 et
777 1448 1007 1500 sanguis
1036 1463 1179 1490 meus
1211 1451 1294 1491 est
1321 1464 1448 1492 vere
1475 1454 1652 1504 potus.

141 1517 275 1560 XXX.
305 1517 422 1559 Finis
452 1517 825 1560 Sacramentorum
853 1518 1053 1571 proprius
1086 1521 1160 1571 est,
1190 1522 1238 1561 ut
1268 1520 1495 1575 obsignent
1518 1523 1654 1565 fideli-

83 1590 194 1631 libus
223 1589 550 1643 promissionem
577 1589 816 1643 Evangelii,
848 1592 889 1631 et
916 1590 1042 1632 fidem
1074 1591 1336 1643 confirment,
1366 1593 1579 1646 quoniam,
1605 1597 1654 1636 ut

85 1661 272 1714 verbum,
316 1661 376 1703 ita
418 1660 692 1703 Sacramenta
734 1663 832 1703 sunt
862 1676 1035 1715 organa,
1066 1678 1142 1716 per
1172 1678 1279 1716 quae
1307 1663 1422 1706 Deus
1452 1669 1653 1719 operatur

85 1735 128 1774 et
163 1735 306 1774 movet
344 1733 471 1774 corda
507 1732 780 1774 credentium.
819 1733 1106 1776 Accidentalis
1147 1738 1289 1777 autem
1318 1736 1412 1777 finis
1443 1740 1485 1779 et
1513 1739 1652 1781 minus

83 1804 284 1858 proprius
323 1807 398 1856 est,
440 1806 488 1845 ut
526 1804 611 1845 sint
648 1803 892 1846 testificatio
932 1805 1107 1858 pietatis
1135 1806 1179 1847 in
1207 1806 1358 1859 Deum,
1389 1809 1579 1852 caritatis
1607 1811 1652 1852 in

84 1875 339 1929 proximum,
376 1878 417 1917 et
447 1875 644 1928 publicae
674 1875 952 1928 professionis
983 1879 1180 1930 tesserae,
1209 1877 1444 1921 Ecclesiam
1473 1881 1526 1922 ab
1555 1881 1650 1923 infi-

58 1967 61 1972 1
84 1946 244 1989 delibus
275 1948 573 1990 discernentes

137 2017 292 2060 XXXI.
331 2018 397 2060 Ex
434 2019 514 2061 hac
550 2019 795 2061 definitione
831 2035 918 2061 non
956 2020 1036 2061 erit
1075 2021 1245 2064 difficile
1284 2022 1483 2077 colligere
1522 2039 1650 2078 quae-

83 2105 182 2132 nam
216 2090 375 2132 fuerint
411 2104 489 2143 pro
527 2090 645 2131 vario
688 2090 911 2132 hominum
940 2093 1068 2143 statu,
1098 2107 1123 2133 a
1152 2091 1244 2134 Deo
1274 2093 1472 2136 instituta
1501 2095 1649 2139 Sacra-

82 2164 237 2214 menta,
276 2162 345 2204 vel
383 2164 482 2203 ante
520 2161 688 2215 lapsum
726 2161 803 2203 sub
841 2161 1011 2204 foedere
1041 2177 1231 2216 operum,
1259 2165 1326 2206 vel
1355 2168 1454 2218 post
1482 2166 1650 2220 lapsum

84 2233 161 2275 sub
198 2233 368 2275 foedere
406 2232 581 2286 gratiae,
613 2233 666 2274 ad
696 2248 803 2286 quae
833 2234 1086 2286 praesertim
1114 2235 1158 2275 in
1187 2235 1432 2278 definitione
1461 2240 1649 2292 respexi-

82 2319 188 2346 mus.
230 2303 335 2345 Cum
366 2306 507 2346 autem
536 2304 738 2345 nonnulla
767 2304 916 2346 foedus
947 2306 1112 2358 gratiae
1141 2307 1400 2359 promissum
1430 2312 1648 2362 spectave-

81 2375 179 2427 rint,
209 2376 401 2418 Ecclesia
430 2375 567 2417 adhuc
587 2375 749 2417 infante
775 2378 817 2417 et
841 2376 918 2417 sub
943 2377 1210 2430 paedagogia
1235 2379 1480 2431 constituta,
1505 2381 1648 2432 qualia

81 2446 252 2488 fuerunt
292 2446 565 2488 Circumcisio
605 2449 646 2488 et
675 2446 851 2498 Pascha,
881 2447 963 2488 alia
990 2462 1091 2489 vero
1123 2449 1175 2490 ad
1202 2449 1350 2492 foedus
1374 2452 1464 2504 jam
1494 2452 1645 2494 confir-

82 2520 246 2559 matum
273 2518 526 2570 pertineant,
558 2518 702 2571 qualia
731 2520 829 2559 sunt
858 2518 1102 2573 Baptismus
1129 2522 1170 2562 et
1197 2520 1358 2572 Coena;
1387 2523 1488 2564 satis
1512 2526 1644 2576 patet,

80 2589 192 2631 inter
220 2588 496 2632 Sacramenta
523 2589 692 2632 Veteris
723 2591 763 2631 et
792 2588 906 2632 Novi
936 2589 1211 2644 Testamenti,
1237 2591 1424 2646 aliquam
1450 2609 1540 2637 esse
1565 2595 1645 2638 dif-

78 2659 303 2702 ferentiam
332 2661 683 2703 constituendam.

133 2730 310 2774 XXXII.
353 2731 454 2773 Non
497 2734 638 2773 autem
676 2731 871 2774 consistit
903 2732 989 2784 illa,
1028 2733 1072 2774 in
1110 2747 1234 2777 causa
1275 2735 1496 2791 efficiente,
1536 2754 1644 2792 quae

81 2803 227 2845 eadem
265 2805 328 2845 est
366 2803 619 2856 utrobique:
657 2818 794 2856 neque
822 2805 868 2846 in
897 2804 1040 2857 σχέσει
1064 2809 1106 2847 et
1129 2807 1336 2850 relatione
1356 2809 1422 2851 vel
1447 2811 1643 2865 analogia

80 2874 192 2927 signi
231 2877 273 2917 et
310 2875 372 2917 rei
401 2875 677 2928 significatae,
710 2891 816 2929 quae
844 2891 930 2919 non
960 2878 1044 2920 alia
1071 2878 1153 2920 fuit
1182 2879 1258 2921 sub
1288 2881 1569 2933 promissione
1599 2886 1640 2926 et

78 2943 245 2987 foedere
273 2946 420 2999 veteri,
451 2961 578 2999 quam
607 2947 685 2989 sub
716 2949 977 3002 confirmato,
1016 2952 1063 2993 ut
1087 2965 1164 2993 nec
1187 2951 1271 2993 alia
1294 2967 1360 2995 res
1386 2953 1639 3007 significata.
