1931 3224
458 149 521 191 DE
549 149 869 191 JUSTIFICATIONE
900 148 1074 190 Homms
1105 163 1230 190 comit
1261 148 1362 190 ΒΕΘ.
1610 152 1685 192 331

132 274 450 330 peccatoris
493 289 671 316 coram
709 273 837 324 Deo,
869 273 941 326 qui
969 273 1088 315 locus
1118 272 1162 314 in
1191 272 1427 327 Theologia
1456 273 1578 315 facile
1606 275 1694 328 pri-

132 347 300 398 marius,
338 345 545 398 nobisque
583 345 767 386 maxime
796 345 992 386 salutaris
1024 347 1107 394 est;
1139 359 1223 397 quo
1256 345 1498 396 obscurato,
1529 345 1691 388 adulte-

133 421 226 460 rato
265 419 333 460 vel
372 432 531 469 everso,
570 417 660 458 fieri
699 417 847 469 nequit
876 419 923 457 ut
951 416 1116 470 puritas
1147 416 1363 458 doctrinae
1393 416 1437 457 in
1466 417 1558 458 aliis
1587 418 1691 459 locis

133 491 377 542 retineatur,
410 492 483 530 aut
511 503 610 530 vera
638 488 828 530 Ecclesia
858 488 1083 539 consistat,
1111 489 1228 541 cujus
1252 488 1354 530 haec
1380 504 1543 530 summa
1567 491 1695 541 atque

133 561 245 603 basis
275 564 351 611 est,
381 561 494 613 quod
521 560 760 601 misericors
793 562 834 601 et
858 561 999 612 justus
1028 559 1156 610 Deus,
1186 558 1289 600 Filii
1318 559 1382 601 sui
1409 560 1580 613 justitia
1606 575 1694 601 cre-

133 632 330 674 dentibus
359 632 569 673 condonet
597 634 783 684 peccata,
815 633 857 672 et
887 630 1025 672 salvos
1053 630 1195 672 faciat.

185 702 239 744 Π.
270 701 366 743 Vox
391 701 766 754 justificandi,
796 702 966 743 δικκισῦν
999 702 1065 744 nx)
1098 700 1367 749 δικκιοῦσθοιι,
1398 704 1439 743 et
1464 702 1559 743 inde
1588 703 1695 755 jus-

133 777 151 816 t
161 775 176 816 i
186 774 207 815 f
212 775 227 815 i
240 788 262 815 c
272 773 384 815 atio
396 772 480 814 nis
493 806 502 823 ,
524 773 796 824 δικαιώματος
814 773 881 814 ny.)
899 773 1145 821 δικκιώσεως,
1160 773 1346 825 qualiter
1361 773 1553 814 redditur
1564 773 1695 815 Hebr.

134 848 285 904 β’ἾϊῖἿ
321 856 371 885 ex
401 845 666 897 proprietate
696 847 738 886 et
765 859 843 885 usu
871 844 1042 897 linguae
1073 843 1304 896 Hebraeae,
1335 844 1509 898 proprie
1539 846 1581 886 et
1609 845 1695 887 fere

134 933 298 972 semper
326 917 537 958 forinseca
567 918 608 957 et
636 916 817 958 forensis
846 916 956 957 actio
987 917 1061 967 est,
1087 916 1242 968 judicis
1274 918 1316 957 et
1340 916 1502 968 judicii,
1534 916 1695 958 scilicet

132 989 177 1030 in
214 988 274 1029 rei
314 987 593 1040 absolutione,
635 987 978 1029 condemnationi
1015 988 1226 1040 opposita,
1253 986 1380 1028 Deut.
1409 988 1472 1039 25,
1504 988 1539 1029 1.
1569 987 1694 1030 Prov.

135 1059 196 1111 17,
237 1059 298 1100 15.
344 1058 534 1111 quamvis
572 1061 613 1100 et
652 1058 959 1109 antecedentes,
1000 1057 1273 1100 cohaerentes
1309 1061 1351 1099 et
1389 1061 1694 1111 consequentes

135 1133 266 1183 actus,
306 1129 435 1171 etiam
473 1130 675 1183 privatim
720 1129 953 1178 institutos,
992 1129 1145 1181 quibus
1176 1129 1270 1181 quis
1299 1129 1548 1182 declaratur,
1580 1130 1694 1171 evin-

134 1202 255 1254 citur,
285 1201 550 1255 approbatur
579 1203 620 1242 et
650 1203 843 1243 censetur
865 1201 1020 1253 justus,
1050 1201 1234 1242 denotet.

185 1272 260 1314 III.
290 1272 354 1314 Ac
384 1272 606 1326 speciatim
634 1272 707 1314 illo
737 1287 862 1313 sensu
907 1272 1127 1325 accipitur,
1158 1272 1258 1313 dum
1288 1273 1430 1326 agitur
1461 1273 1510 1314 de
1535 1272 1695 1324 judicio

135 1344 216 1386 Dei
253 1344 510 1386 absolventis
549 1344 767 1386 hominem
804 1347 1070 1398 peccatorem
1102 1359 1244 1386 coram
1273 1359 1348 1386 suo
1378 1343 1595 1395 tribunali,
1626 1344 1694 1385 Ps.

135 1416 224 1467 143,
263 1416 299 1457 3.
337 1415 459 1457 Rom.
498 1417 534 1466 5,
574 1417 635 1457 16.
676 1418 717 1457 et
754 1416 790 1467 8,
829 1416 893 1457 33.
933 1416 996 1457 34.
1026 1415 1150 1458 Unde
1180 1416 1308 1457 etiam
1335 1417 1451 1457 totus
1480 1415 1550 1457 hic
1579 1418 1696 1457 actus

132 1486 462 1529 Justificationis
498 1486 657 1528 forensi
696 1502 897 1540 processu
937 1487 1202 1529 describitur.
1233 1486 1383 1540 Neque
1412 1489 1556 1529 tamen
1586 1486 1696 1528 diffi-

133 1561 283 1610 temur,
315 1561 493 1612 propter
523 1573 732 1600 summam
765 1560 807 1600 et
837 1558 1119 1600 arctissimam
1146 1558 1465 1608 connexionem,
1487 1558 1696 1611 justifica-

133 1630 295 1671 tionem
326 1644 494 1682 quoque
524 1630 905 1672 sanctificationem
933 1630 1084 1683 ipsam,
1114 1633 1162 1671 ut
1192 1632 1533 1682 consequentem,
1563 1630 1697 1671 videri

133 1716 438 1754 nonnunquam
470 1701 708 1755 complecti,
737 1701 861 1744 Rom.
892 1703 928 1753 8,
958 1703 1021 1743 30.
1052 1701 1135 1743 Tit.
1164 1702 1201 1752 3,
1233 1702 1269 1743 7.
1302 1704 1378 1742 etc.

187 1772 260 1814 IV.
290 1773 345 1814 Ei
373 1788 611 1826 synonyma
643 1775 684 1814 et
706 1773 828 1826 paria
853 1775 964 1824 sunt,
985 1774 1194 1826 justum
1220 1787 1336 1813 esse
1363 1786 1540 1813 coram
1566 1772 1697 1824 Deo,

134 1843 257 1885 Rom.
309 1845 345 1895 2,
398 1845 458 1886 13.
508 1845 715 1896 justum
767 1844 1134 1895 constituere,
1183 1843 1307 1885 Rom.
1351 1844 1386 1885 5.
1433 1843 1495 1885 19.
1534 1844 1697 1895 justi-

134 1916 266 1957 tiam
294 1917 586 1968 imputare,
611 1915 734 1957 Rom.
759 1915 797 1966 4,
822 1916 859 1957 3.
886 1914 1222 1957 beatificare
1248 1916 1290 1955 et
1314 1913 1696 1965 beatificatio,

135 1987 257 2029 Rom.
286 1988 324 2038 4,
354 1988 391 2029 6.

188 2057 240 2099 V.
291 2058 550 2100 Justificatio
602 2072 744 2111 porro,
797 2060 926 2112 prout
969 2060 1010 2099 et
1044 2057 1275 2111 justitia
1318 2072 1603 2111 personae,
1651 2060 1699 2099 ut

135 2129 263 2183 vulgo
305 2130 544 2184 appellatur
587 2128 688 2182 (qua
730 2144 912 2182 persona
954 2129 1195 2175 universim.
1237 2143 1324 2183 non
1367 2144 1461 2170 cum
1503 2131 1699 2182 respectu

136 2201 406 2254 particularis
445 2216 606 2253 causae,
646 2216 753 2254 quae
784 2201 952 2253 justitia
981 2216 1130 2243 causae
1160 2201 1242 2242 dici
1272 2200 1393 2251 solet,
1419 2200 1698 2252 justificatur3

137 2288 186 2314 ac
212 2272 320 2314 nihil
349 2272 462 2314 aliud
492 2275 555 2314 est
580 2287 707 2325 quam
732 2273 1006 2314 conformitas
1032 2272 1179 2314 totalis
1203 2272 1389 2314 hominis
1415 2274 1457 2313 et
1482 2271 1699 2313 actionum

138 2345 226 2396 ejus
271 2344 324 2385 ad
358 2343 516 2397 Legem
552 2343 650 2397 Dei)
690 2344 846 2397 duplex
885 2347 960 2386 est:
997 2343 1218 2397 Legalis
1257 2346 1298 2384 et
1336 2343 1697 2396 Evangelica,

137 2414 210 2456 illa
248 2429 298 2456 ex
336 2413 448 2467 Lege
487 2416 529 2455 et
568 2415 656 2466 ejus
701 2415 913 2468 operibus,
952 2415 1057 2457 haec
1096 2430 1146 2457 ex
1174 2414 1291 2467 Fide,
1321 2415 1417 2457 Act.
1450 2415 1511 2467 13,
1540 2415 1602 2456 38.
1633 2415 1697 2456 39.

137 2485 261 2528 Rom.
298 2486 335 2536 3,
374 2486 436 2526 20.
467 2486 530 2527 21.
561 2486 624 2526 28.
654 2484 745 2527 Gal.
775 2487 813 2538 3,
845 2487 908 2528 11.
940 2488 1000 2528 12.
1031 2486 1109 2528 Illa
1138 2487 1377 2537 inhaerens,
1406 2486 1510 2528 haec
1540 2501 1590 2527 ex
1620 2486 1699 2527 im-

137 2557 361 2610 putatione
394 2555 585 2609 justitiae
624 2557 797 2609 alienae,
836 2557 959 2600 Rom.
987 2558 1024 2610 4,
1054 2558 1092 2599 4.
1122 2558 1158 2599 5.
1189 2559 1225 2609 6,
1256 2561 1297 2599 et
1328 2558 1390 2609 10,
1420 2558 1456 2598 3.
1480 2558 1525 2599 -5.
1555 2558 1590 2598 6.
1621 2555 1699 2598 Illa

138 2630 238 2683 'post
267 2629 433 2682 lapsum
461 2643 585 2670 nemo
607 2629 877 2682 justificatur,
901 2629 983 2672 hac
1006 2645 1105 2672 vero
1133 2630 1269 2672 omnis
1294 2644 1394 2671 Vera
1418 2629 1462 2670 in
1486 2628 1699 2671 Christum
1741 2633 1743 2635 ’

138 2702 220 2745 fide
246 2700 478 2755 praeditus,
508 2699 630 2742 Rom.
659 2700 697 2751 3,
727 2701 790 2742 20.
820 2701 883 2742 26.
913 2702 978 2742 30.

191 2772 266 2814 VI.
295 2771 414 2813 Haec
450 2786 562 2823 vero,
602 2774 644 2813 et
673 2772 1162 2814 reconciliationis
1191 2774 1233 2813 et
1261 2771 1697 2824 benedictionis,

140 2847 182 2886 et
219 2843 416 2885 salutis
454 2842 624 2884 nomine
660 2843 787 2894 venit,
827 2842 950 2884 Rom.
988 2843 1024 2894 5,
1064 2843 1127 2884 10.
1167 2843 1229 2884 11.
1269 2841 1360 2884 Gal.
1389 2843 1426 2894 3,
1453 2842 1489 2884 8.
1520 2842 1582 2884 14.
1613 2842 1697 2885 Tit.

139 2915 177 2966 3,
214 2915 251 2955 4.
290 2914 326 2955 5.
365 2913 566 2963 Quamvis
605 2914 896 2956 reconciliatio
935 2914 1079 2966 potius
1119 2913 1320 2965 quiddam
1357 2927 1617 2966 consequens
1658 2915 1698 2955 et

135 2984 452 3038 justificationis
484 2984 654 3026 effectus
683 2985 750 3037 sit,
782 2988 823 3026 et
851 2985 963 3026 salus
992 2985 1119 3026 latius
1148 2999 1274 3038 saepe
1303 2987 1460 3038 pateat.
