1931 3224
241 176 320 217 380
794 173 1034 216 D1sruTAT10
1063 173 1260 215 XXXVI.

243 300 383 353 cipere
420 298 551 340 cuivis
591 297 831 340 Christiano
872 297 1018 338 datum
1054 311 1140 339 non
1170 300 1244 351 est,
1277 301 1318 340 et
1349 299 1530 341 attentio
1563 299 1807 342 auditorum

241 373 286 414 in
323 370 490 424 magnis
529 369 805 411 conventibus
842 383 918 422 per
946 369 1127 410 usitatas
1157 369 1362 411 formulas
1390 385 1477 412 non
1506 386 1658 425 parum
1683 372 1807 424 juva-

241 446 322 484 tur.
361 441 486 484 Unde
516 442 558 481 et
586 439 702 481 Deus
731 439 821 492 ipse
850 439 1195 482 benedictionum
1224 440 1406 483 formam
1434 440 1734 484 Sacerdotibus
1762 442 1807 483 in

242 512 388 555 Veteri
432 511 706 553 Testamento
749 510 1037 565 praescripsit,
1082 510 1210 553 Num.
1254 512 1291 564 6,
1335 512 1398 554 24.
1443 515 1484 554 et
1524 513 1807 566 sequentibus.

241 586 332 627 Imo
372 583 564 625 Christus
603 583 647 625 in
685 598 806 625 cruce
844 583 1032 637 pendens
1071 583 1383 636 deprecationis
1427 584 1565 626 forma
1596 600 1619 626 a
1647 584 1808 627 Davide

241 661 462 709 tamquam
493 657 600 709 typo
630 656 755 696 antea
785 654 1009 696 observata
1037 669 1137 696 usus
1167 657 1240 707 est,
1271 654 1394 697 Matt.
1426 657 1491 708 27,
1521 656 1584 697 46.
1615 659 1657 697 et
1685 656 1809 697 disci-

241 729 333 783 puli
370 727 541 779 Christi,
579 725 678 768 Luc.
710 726 772 778 11,
802 727 838 767 2.
869 728 1128 779 rogaverunt
1159 725 1386 779 Christum,
1417 729 1465 768 ut
1494 727 1664 769 doceret
1692 727 1808 781 ipsos

242 799 419 854 precari,
472 799 601 852 prout
643 797 863 839 Johannes
906 797 1108 839 docuerat
1151 797 1382 851 discipulos
1426 812 1546 850 suos3
1590 799 1743 850 quibus
1786 814 1810 840 a

244 871 414 913 Christo
458 884 708 924 responsum
751 871 827 921 est,
870 868 1037 918 Quum
1074 869 1395 923 precamini,
1430 869 1616 922 dicite,
1646 870 1810 912 Pater

242 944 429 983 noster
467 941 558 994 qui
596 956 647 982 es
683 942 737 982 in
765 941 956 993 coelis,
988 943 1065 982 etc.
1097 940 1163 982 Ex
1193 941 1345 993 quibus
1376 941 1604 983 verborum
1633 941 1810 984 circum-

243 1012 411 1054 stantiis
452 1012 724 1054 manifestum
767 1015 841 1064 est,
886 1012 1177 1066 precationem
1218 1012 1330 1053 hanc
1374 1011 1545 1065 Christi,
1589 1027 1676 1055 non
1720 1028 1809 1055 esse

242 1086 411 1126 tantum
449 1086 562 1126 recte
600 1084 801 1137 precandi
839 1098 1046 1135 normam,
1085 1083 1158 1125 sed
1194 1083 1369 1137 insuper
1407 1099 1576 1137 quoque
1605 1084 1686 1126 rite
1713 1100 1810 1138 pre-

244 1155 366 1198 candi
408 1155 611 1206 formam3
654 1155 780 1197 sicuti
818 1170 987 1208 quoque
1024 1157 1118 1197 tota
1155 1156 1325 1203 vetusta
1353 1154 1544 1198 Ecclesia
1573 1155 1617 1197 id
1645 1170 1811 1210 semper

245 1231 365 1271 extra
395 1227 729 1270 controversiam
757 1226 921 1268 habuit.

297 1299 494 1342 XXXIV.
537 1299 716 1342 Interim
757 1301 905 1341 tamen
946 1298 1142 1350 fatemur,
1184 1298 1305 1340 valde
1348 1313 1436 1340 esse
1479 1299 1596 1351 utile,
1639 1299 1725 1342 imo
1770 1302 1812 1342 et

243 1387 352 1426 pene
392 1371 689 1423 necessarium,
733 1373 780 1412 ut
824 1385 968 1412 omnes
1004 1370 1146 1412 fideles
1182 1371 1484 1424 provectiores,
1524 1373 1566 1413 et
1602 1371 1811 1425 imprimis

244 1443 533 1485 Ecclesiarum
562 1442 772 1494 Pastores,
803 1442 961 1484 donum
990 1444 1137 1496 aperte
1166 1442 1380 1495 precandi,
1411 1443 1539 1484 etiam
1571 1444 1660 1485 sine
1689 1459 1813 1497 prae-

244 1515 324 1556 viis
361 1514 566 1566 formulis,
605 1514 649 1555 in
678 1528 721 1555 se
752 1513 1032 1563 exsuscitent3
1063 1515 1111 1554 ut
1138 1528 1217 1567 pro
1251 1513 1542 1556 occasionibus
1574 1515 1741 1568 oblatis,
1772 1518 1813 1558 et

243 1586 569 1629 necessitatibus
607 1584 916 1638 ingruentibus,
955 1585 1223 1638 precationes
1261 1599 1308 1626 ac
1348 1584 1584 1638 gratiarum
1624 1587 1811 1629 actiones

244 1657 410 1713 possint
438 1656 671 1698 instituere.
703 1655 1067 1705 Quemadmodum
1095 1655 1208 1697 viros
1238 1658 1419 1708 sanctos,
1444 1656 1548 1698 item
1573 1657 1813 1712 Prophetas

247 1733 288 1773 et
325 1729 560 1784 Apostolos
598 1728 643 1770 in
680 1727 828 1769 Veteri
858 1729 900 1769 et
928 1727 1054 1770 Novo
1085 1727 1360 1770 Testamento
1391 1727 1635 1782 frequenter
1665 1729 1812 1772 fecisse

243 1802 446 1855 legimus3
487 1800 600 1853 quod
639 1799 864 1841 observata
901 1798 1117 1851 methodo,
1157 1813 1240 1852 qua
1272 1799 1401 1842 iidem
1429 1799 1472 1841 in
1502 1801 1699 1854 precibus
1728 1801 1813 1843 suis

245 1875 437 1925 utuntur,
468 1874 510 1914 et
539 1872 763 1913 accedente
792 1870 935 1912 debita
965 1870 1269 1913 exercitatione
1298 1871 1469 1913 difficile
1497 1887 1584 1914 non
1613 1873 1704 1915 erit.

298 1944 476 1986 XXXV.
515 1943 710 1985 Gestus
739 1943 783 1984 in
812 1941 1067 1984 Sanctorum
1096 1943 1291 1996 precibus
1320 1944 1461 1985 varius
1490 1944 1707 1986 observari
1736 1959 1814 1998 po-

245 2018 343 2058 test.
381 2015 522 2057 Moses
560 2015 604 2057 in
640 2014 792 2057 faciem
831 2029 949 2056 suam
983 2014 1180 2068 procidit,
1209 2014 1334 2056 Deut.
1365 2016 1401 2068 9,
1432 2016 1492 2057 18.
1524 2014 1666 2057 David
1694 2015 1814 2058 humi

245 2089 485 2142 prostratus
529 2089 571 2128 et
613 2086 791 2128 amictus
836 2086 974 2128 cilicio
1013 2101 1091 2139 pro
1130 2085 1293 2127 infante
1333 2100 1408 2128 suo
1449 2086 1699 2140 deprecatus
1739 2090 1814 2139 est,

246 2161 270 2201 2
301 2159 413 2202 Sam.
444 2160 506 2211 12,
536 2159 599 2200 16.
629 2158 797 2200 Hiobus
827 2158 975 2200 sedens
1004 2158 1049 2199 in
1079 2157 1217 2199 cinere
1248 2160 1290 2199 et
1319 2158 1504 2211 pulvere,
1534 2157 1664 2200 Hiob.
1695 2158 1759 2210 42,
1776 2160 1813 2200 6.

246 2230 464 2273 Israelitae
493 2232 666 2282 stantes,
694 2228 804 2271 Neh.
835 2229 871 2281 5,
903 2230 939 2270 9.
970 2229 1078 2270 Esra
1108 2231 1149 2270 et
1177 2228 1334 2270 Paulus
1360 2229 1459 2271 flexi
1483 2229 1527 2270 in
1553 2244 1703 2282 genua,
1720 2229 1815 2271 Esr.

248 2304 285 2355 9,
323 2303 359 2344 5.
400 2304 441 2343 et
478 2302 574 2343 Act.
613 2302 677 2353 20,
715 2301 778 2342 36.
809 2300 979 2342 Salomo
1009 2300 1129 2342 flexis
1159 2300 1350 2353 genibus,
1383 2302 1424 2341 et
1454 2299 1649 2354 expansis
1679 2300 1816 2341 mani-

247 2374 337 2426 bus,
383 2375 406 2414 2
449 2372 604 2415 Chron.
648 2373 684 2423 6,
728 2372 788 2413 13.
830 2370 1021 2413 Christus
1059 2371 1236 2413 sublatis
1269 2371 1313 2413 in
1342 2371 1506 2413 coelum
1537 2371 1684 2424 oeulis,
1714 2370 1814 2414 Joh.

248 2446 311 2497 17,
355 2445 390 2486 1.
433 2443 690 2485 Publicanus
734 2457 834 2485 vero
878 2443 921 2484 in
965 2445 1121 2484 terram
1160 2442 1366 2495 demissis,
1404 2441 1503 2484 Luc.
1544 2442 1604 2492 18,
1644 2442 1706 2484 13.
1737 2441 1816 2484 Vir

248 2518 397 2570 aperto
415 2515 566 2570 capite,
582 2515 739 2556 femina
753 2528 852 2556 vero
869 2516 996 2566 tecto,
1017 2529 1066 2556 ex
1082 2516 1311 2568 praecepto
1328 2514 1541 2568 Apostoli,
1559 2514 1580 2555 1
1595 2512 1688 2556 Cor.
1704 2513 1815 2566 11‚4.

300 2587 498 2630 XXXVI.
542 2587 608 2629 Ex
651 2586 806 2639 quibus
850 2586 1044 2627 omnibus
1088 2585 1199 2628 inter
1236 2600 1279 2627 se
1318 2585 1482 2628 collatis
1512 2585 1658 2638 liquet,
1687 2585 1816 2627 liber-

247 2664 382 2704 tatem
429 2659 599 2714 quidem
646 2659 833 2711 aliquam
869 2658 913 2700 in
959 2660 1157 2712 gestuum
1199 2657 1435 2700 variatione
1474 2672 1563 2699 esse
1600 2656 1815 2708 relictam3

247 2733 420 2777 interim
447 2735 590 2774 tamen
621 2730 829 2785 ejusmodi
858 2732 1002 2784 gestus
1033 2745 1124 2772 esse
1152 2729 1428 2782 adhibendos,
1459 2729 1532 2782 qui
1557 2743 1651 2770 cum
1678 2729 1816 2782 cujus-

250 2822 331 2860 que
373 2804 525 2859 populi
568 2802 872 2846 consuetudine
916 2801 1078 2854 optime
1118 2802 1384 2853 conveniant,
1423 2803 1464 2843 et
1504 2799 1578 2854 qui
1605 2800 1818 2842 internam

250 2877 381 2919 animi
421 2876 704 2918 attentionem
736 2876 899 2928 juvent,
937 2887 1023 2915 non
1060 2873 1319 2926 impediant3
1349 2888 1373 2914 a
1404 2872 1556 2926 quibus
1585 2872 1698 2913 absit
1727 2886 1816 2913 om-

249 2948 315 2990 nis
356 2947 534 2999 vanitas,
575 2946 841 3000 negligentia
884 2948 925 2987 et
963 2945 1222 2998 arrogantia,
1261 2947 1303 2986 et
1342 2944 1414 2997 qui
1450 2943 1662 2985 internam
1692 2957 1816 2984 oran-

250 3020 359 3062 tium
390 3019 737 3061 constitutionem
767 3020 809 3060 et
838 3017 987 3059 ardens
1013 3016 1266 3059 desiderium
1293 3015 1382 3057 sine
1408 3013 1677 3056 affectatione
1702 3028 1816 3055 com-
