1931 3224
678 115 741 158 DE
770 115 930 158 omem
959 114 1134 157 Cnmsm.
1606 118 1681 159 261

122 241 249 283 modo
278 243 407 294 atque
434 240 602 283 infinito
634 241 802 291 eminet,
833 240 955 283 Rom.
986 241 1022 292 8,
1052 241 1115 282 29.
1148 240 1234 282 Col.
1266 241 1300 293 1,
1331 242 1393 283 18.
1423 240 1521 284 Joh.
1551 242 1587 293 3,
1618 243 1681 284 34.

122 314 170 354 ut
197 312 280 354 hoc
308 312 361 354 in
387 311 772 365 disputatione
794 312 859 353 41.
887 312 945 353 (10
971 311 1192 353 Christo
1217 312 1376 353 unico
1402 312 1685 355 Ecclesiae

124 385 327 438 capite,
355 383 555 425 adversus
580 383 831 426 Pontificios
849 397 1046 437 expresse
1062 383 1434 435 demonstrabitur,
1452 384 1525 436 qui
1541 383 1685 426 Chris—

122 458 215 497 tum
252 455 534 497 universalem
571 454 784 497 Ecclesiae
823 469 923 496 suae
962 455 1325 508 gubernationem,
1364 455 1408 496 in
1445 470 1577 497 unum
1605 455 1685 498 Pe-

122 529 248 578 trum,
287 529 507 579 tamquam
544 526 589 567 in
625 525 831 567 vicarium
859 540 992 577 suum,
1025 526 1173 568 deinde
1204 525 1379 568 Petrum
1408 527 1583 568 eandem
1612 541 1686 582 gu-

122 597 428 649 bernationem,
466 597 511 638 in
546 612 679 638 unum
707 597 961 639 Pontificem
991 597 1243 650 Romanum,
1271 600 1491 651 tamquam
1519 598 1563 640 in
1593 612 1685 640 suc-

123 682 331 710 cessorem
359 683 482 709 suum
511 668 762 721 legitimum,
794 668 1023 710 contulisse
1051 668 1157 710 falso
1188 668 1416 711 affirmant.

174 738 263 782 LII.
307 738 503 781 Ceterum
542 742 591 781 ut
631 739 846 782 Ecclesiae
888 739 1047 781 Christi
1090 740 1246 793 duplex
1284 743 1349 782 est
1387 743 1537 793 status,
1577 757 1684 785 unus

122 811 288 865 gratiae
322 811 368 852 in
405 811 487 852 hoc
508 811 667 862 seculo,
698 811 805 853 alter
834 811 996 864 gloriae
1023 811 1067 852 in
1096 811 1255 862 futuro,
1284 813 1345 853 ita
1373 827 1572 866 praesens
1602 814 1683 856 Ec-

123 883 273 925 clesiae
310 882 563 936 gubernatio
602 897 626 924 a
653 881 797 924 futura
828 885 891 923 est
921 882 1234 937 distinguenda.
1263 882 1313 924 In
1342 883 1422 925 hac
1452 885 1564 926 enim
1593 886 1682 927 vita

123 954 314 996 Christus
344 953 579 996 Ecclesiam
606 968 725 995 suam
754 953 937 996 mediate
966 952 1078 1006 regit
1106 968 1183 1006 per
1211 953 1554 997 Ecclesiasticam
1582 957 1684 998 fide-

120 1027 228 1069 lium
255 1028 490 1080 pastorum,
522 1040 570 1067 ac
598 1025 789 1079 protegit
812 1040 889 1078 per
912 1024 1134 1077 politicam
1158 1024 1327 1077 piorum
1349 1025 1683 1080 Magistratuum

121 1097 555 1147 administrationem3
595 1097 638 1138 in
679 1097 812 1138 altera
849 1097 939 1137 vita
978 1111 1071 1138 eam
1108 1096 1354 1139 immediate
1384 1099 1544 1151 absque
1574 1101 1684 1153 ejus-

121 1169 235 1211 modi
274 1169 458 1210 externis
497 1167 762 1209 adminiculis
799 1170 920 1221 reget
955 1168 1186 1210 secundum
1223 1168 1437 1212 Deitatem
1478 1171 1559 1212 sibi
1589 1187 1683 1213 cum

121 1240 248 1282 Patre
286 1242 328 1281 et
356 1238 521 1293 Spiritu
551 1238 707 1280 Sancto
737 1253 1015 1290 communem,
1045 1242 1092 1280 ut
1121 1254 1217 1281 cum
1245 1243 1428 1293 utroque
1457 1241 1511 1282 sit
1542 1242 1683 1284 omnia

120 1313 164 1353 in
205 1311 400 1354 omnibus
427 1311 525 1353 fidei
556 1311 809 1363 domesticiS,
844 1325 949 1363 quos
978 1311 1175 1364 proxima
1199 1312 1589 1366 jucundissimaque
1619 1315 1684 1355 sui

120 1383 282 1425 visione
319 1397 368 1425 ac
402 1383 706 1425 communitate
745 1382 790 1424 in
829 1382 956 1425 coelis
993 1383 1151 1435 beabit,
1184 1384 1204 1424 1
1237 1382 1329 1425 Cor.
1362 1384 1423 1435 15,
1455 1385 1516 1426 28.
1549 1385 1682 1438 Apoc.

122 1455 185 1506 21,
215 1455 279 1496 22.
309 1455 373 1496 23.

174 1524 284 1567 LIII.
313 1525 426 1567 Hinc
454 1525 660 1577 Christus,
691 1525 764 1566 ubi
795 1539 939 1567 omnes
968 1539 1066 1567 suos
1096 1525 1251 1568 electos
1281 1525 1362 1567 sibi
1387 1526 1551 1569 unitate
1582 1543 1681 1569 con-

121 1598 356 1638 summatae
381 1596 479 1638 fidei
505 1596 811 1649 agglutinatos,
838 1598 880 1637 et
906 1596 958 1637 ab
982 1596 1173 1638 hostium
1197 1599 1313 1638 metu
1333 1597 1456 1651 plene
1477 1598 1681 1641 liberatos

120 1667 355 1719 tradiderit,
394 1667 478 1721 ipsi
516 1682 639 1708 suum
678 1681 847 1720 quoque
886 1670 1100 1721 sceptrum
1127 1668 1426 1710 mediatorium
1454 1684 1527 1712 seu
1558 1685 1680 1712 oeco-

119 1739 334 1781 nomicum
372 1739 608 1780 traditurus
647 1738 813 1790 dicitur,
842 1741 890 1780 ut
919 1739 1146 1793 imperium
1174 1754 1288 1781 mere
1317 1739 1506 1782 divinum
1535 1742 1681 1784 eadem

121 1811 260 1864 gloria
297 1825 345 1852 ac
380 1811 604 1863 majestate
642 1825 737 1851 cum
777 1809 915 1862 Patre,
945 1826 1046 1864 erga
1074 1825 1171 1853 suos
1202 1811 1360 1853 electos
1388 1813 1432 1853 in
1462 1816 1680 1856 aeternum

122 1883 326 1933 exerceat,
354 1896 482 1934 quam
505 1881 557 1922 ab
583 1883 756 1923 aeterno
782 1896 877 1923 cum
901 1882 995 1936 ipso
1020 1882 1182 1934 habuit,
1211 1884 1230 1924 1
1251 1882 1344 1925 Cor.
1363 1883 1424 1936 15,
1442 1884 1504 1926 24.
1521 1886 1584 1927 26.
1602 1887 1679 1927 etc.

172 1951 282 1995 LIV.
312 1952 480 2007 Sceptri
507 1952 620 1995 illius
648 1953 889 1995 mediatorii
917 1954 1092 1996 traditio
1123 1954 1196 1996 fiet
1226 1955 1403 1996 extremi
1429 1955 1577 2009 judicii
1601 1956 1678 2008 die,

121 2026 351 2078 postquam
387 2023 593 2077 Christus,
625 2024 854 2066 secundum
879 2025 1096 2078 judicandi
1125 2027 1385 2078 potestatem
1412 2027 1680 2080 personalem

121 2096 204 2138 sibi
240 2110 265 2137 a
301 2082 431 2138 Patre
471 2097 626 2148 datam,
657 2096 804 2139 amicis
832 2097 917 2138 suis
948 2112 998 2139 ex
1029 2097 1169 2150 gratia
1198 2097 1411 2139 immerita
1441 2099 1680 2152 praemium

119 2167 246 2218 vitae,
268 2167 465 2210 hostibus
489 2182 590 2210 vero
616 2183 666 2211 ex
690 2167 853 2210 ultione
876 2168 1029 2210 merita
1045 2168 1302 2222 supplicium
1316 2169 1467 2211 mortis
1483 2172 1678 2212 aeternae

121 2237 436 2290 adjudicaverit.
