1931 3224
244 153 323 195 498
812 151 1056 194 ΒΙεΡυΤΑΤΙο
1085 150 1235 194 XLIV.

244 277 516 330 Baptismum
548 276 801 327 commissa,
843 290 930 318 non
972 276 1054 318 nisi
1094 275 1411 330 poenitentibus
1454 278 1497 318 et
1538 275 1804 317 credentibus

244 348 418 399 remitti,
457 347 581 388 sicuti
618 362 666 389 ea
695 362 803 400 quae
832 349 931 389 ante
959 346 1231 400 Baptismum
1259 347 1485 389 commissa
1512 346 1693 399 fuerant,
1720 361 1807 389 non

244 420 368 461 aliter
405 418 580 460 remissa
618 421 735 469 sunt,
773 421 917 460 tamen
954 418 1111 461 idcirco
1149 434 1260 461 novo
1286 419 1429 472 aliquo
1455 418 1729 461 Sacramento
1754 419 1829 460 ad.

243 490 369 544 hujus
405 490 600 531 beneficii
635 489 951 543 reparationem
979 505 1184 543 negamus
1214 505 1302 532 esse
1330 504 1451 544 opus,
1481 505 1612 542 quum
1640 490 1684 531 in
1712 492 1806 531 toto

243 561 369 603 Novo
412 561 688 602 Testamento
732 560 955 614 Scriptura
996 560 1124 603 Sacra
1166 562 1330 603 nullum
1367 562 1482 603 aliud
1519 561 1808 615 poenitentiae

243 635 317 674 aut
352 632 613 674 remissionis
650 635 925 686 peccatorum
962 631 1283 675 Sacramentum
1313 633 1492 685 noverit,
1522 647 1650 686 quam
1678 632 1809 675 solius

240 703 464 757 Baptismi.

295 774 515 817 XXXVII.
555 775 637 817 Sed
675 776 783 817 sicut
818 776 900 829 ipsi
938 775 1139 827 fatentur,
1179 776 1231 817 ad
1258 779 1433 830 peccata
1460 776 1708 829 quotidiana
1737 789 1810 817 seu

242 846 435 897 venialia,
465 849 512 887 ut
540 849 707 897 vocant,
738 847 930 889 sufficere
960 847 1270 901 poenitentiam
1301 847 1570 900 ordinariam,
1598 849 1640 889 et
1663 861 1810 902 preca-

242 918 404 960 tionem
456 917 739 970 Dominicam,
793 933 887 961 cum
931 918 1147 972 Baptismi
1189 919 1416 969 memoria3
1458 919 1520 960 ita
1560 933 1638 960 nos
1682 918 1811 960 etiam

245 990 482 1039 asserimus,
524 990 568 1031 in
610 990 797 1043 peccatis
841 990 1108 1044 gravioribus
1152 993 1194 1032 et
1231 990 1579 1032 extraordinariis
1618 989 1810 1032 sufficere

244 1062 624 1105 extraordinariam
654 1061 943 1115 poenitentiae
972 1076 1020 1103 ac
1047 1061 1145 1104 fidei
1174 1061 1487 1113 excitationem,
1517 1076 1612 1103 cum
1640 1076 1813 1103 recursu

247 1134 299 1176 ad
327 1133 475 1176 foedus
505 1133 611 1175 illud
641 1133 755 1186 quod
783 1147 861 1187 per
889 1132 1160 1187 Baptismum
1189 1132 1312 1175 initio
1344 1133 1468 1175 nobis
1496 1132 1579 1174 fuit
1611 1132 1811 1186 obsigna-

245 1208 357 1247 tum:
402 1205 771 1258 quemadmodum,
817 1205 851 1246 si
892 1220 1001 1247 uxor
1044 1205 1169 1247 fidem
1214 1205 1403 1258 conjugii
1439 1204 1627 1255 violavit,
1665 1207 1713 1246 ut
1748 1204 1813 1245 vir

247 1292 343 1319 cum
369 1291 502 1318 uxore
531 1276 840 1328 reconcilietur,
868 1291 955 1318 non
984 1292 1090 1330 opus
1120 1279 1182 1318 est
1211 1291 1323 1318 novo
1355 1276 1567 1329 conjugio,
1593 1278 1666 1317 aut
1690 1275 1812 1317 novis

246 1348 434 1402 conjugii
471 1348 623 1399 arrhis,
663 1349 735 1390 sed
773 1348 930 1390 sufficit
966 1349 1070 1390 facti
1100 1350 1209 1391 seria
1236 1348 1504 1402 poenitentia
1530 1351 1629 1389 ¹cum
1658 1346 1813 1389 veteris

247 1420 434 1473 conjugii
474 1420 808 1462 confirmatione.

298 1491 541 1533 XXXVIII.
581 1491 706 1533 Hanc
743 1490 957 1545 Baptismi
985 1494 1234 1546 perpetuam
1264 1490 1497 1534 efficaciam
1525 1492 1710 1533 testatur
1736 1504 1814 1531 no-

245 1564 310 1613 bis
348 1578 434 1605 non
471 1566 640 1605 tantum
677 1563 777 1605 novi
814 1562 998 1605 foederis
1038 1578 1115 1616 per
1152 1562 1420 1617 Baptismum
1460 1562 1610 1604 sanciti
1648 1564 1812 1613 natura,

247 1650 295 1678 ac
319 1635 596 1689 perpetuitas,
626 1649 733 1687 quae
761 1634 885 1675 nobis
915 1634 1169 1675 describitur
1197 1634 1310 1676 Esai.
1336 1634 1400 1686 54,
1432 1635 1493 1676 10.
1523 1634 1654 1675 Hebr.
1683 1633 1719 1684 8,
1751 1633 1812 1673 12.

248 1710 290 1748 et
328 1706 486 1760 passim
525 1705 639 1756 alibi,
678 1705 750 1747 sed
784 1705 913 1746 etiam
944 1705 1276 1746 circumcisionis
1307 1705 1560 1758 exemplum,
1591 1719 1674 1757 qua
1702 1704 1815 1746 idem

245 1778 407 1828 foedus,
444 1777 479 1818 si
508 1777 793 1818 substantiam
823 1779 1000 1830 spectes,
1029 1776 1112 1817 fuit
1142 1776 1451 1828 confirmatum,
1482 1779 1523 1818 et
1551 1778 1695 1817 tamen
1723 1778 1815 1817 tum

245 1849 452 1902 temporis
490 1848 756 1902 poenitentia
793 1848 1056 1890 remissionis
1085 1850 1358 1901 peccatorum
1388 1850 1538 1901 postea
1568 1847 1815 1889 subsecuto-

246 1936 354 1971 rum,
395 1920 461 1961 vel
493 1919 731 1962 Pontificiis
759 1919 1008 1970 fatentibus,
1039 1923 1348 1961 sacramentum
1380 1934 1466 1961 non
1496 1919 1589 1971 fuit,
1620 1919 1693 1960 sed
1720 1921 1815 1960 tan-

246 1993 338 2032 tum
366 1991 539 2033 unicum
568 1991 899 2033 circumcisionis
925 1991 1112 2044 sigillum
1138 1992 1191 2033 ad
1215 1993 1470 2045 perpetuam
1491 1990 1589 2032 fidei
1601 1989 1814 2043 justitiam

248 2065 289 2103 et
319 2063 457 2104 cordis
488 2063 852 2106 circumcisionem
880 2063 1199 2117 poenitentibus
1231 2063 1540 2117 obsignandam
1570 2061 1747 2103 suffecit.

301 2134 498 2177 XXXIX.
538 2135 739 2177 Testatur
776 2135 859 2176 hoc
885 2134 998 2176 idem
1026 2134 1226 2187 frequens
1257 2133 1410 2176 Sacrae
1440 2133 1687 2186 Scripturae
1716 2146 1816 2174 con-

248 2207 438 2257 suetudo,
483 2221 613 2259 quum
650 2222 674 2248 a
712 2206 925 2260 Baptismi
962 2222 1040 2248 usu
1079 2209 1120 2248 et
1157 2206 1362 2248 memoria
1399 2207 1652 2259 argumenta
1688 2203 1814 2255 ducit,

249 2277 403 2330 quibus
437 2278 527 2330 jam
564 2280 689 2319 antea
726 2277 938 2331 baptizati
977 2278 1030 2319 ad
1059 2278 1214 2320 veteris
1243 2277 1430 2320 hominis
1461 2279 1502 2319 et
1532 2276 1815 2329 cupiditatum

250 2350 339 2401 ejus
378 2348 555 2390 subinde
592 2349 907 2402 resurgentium
947 2364 995 2391 ac
1025 2364 1114 2391 sese
1144 2349 1417 2402 prodentium
1448 2347 1737 2397 abolitionem,
1768 2361 1816 2388 ac

249 2420 349 2462 novi
387 2420 572 2462 hominis
599 2423 853 2474 perpetuam
880 2420 1212 2462 vivificationem
1243 2420 1409 2462 assidue
1438 2420 1677 2468 monentur,
1707 2417 1817 2458 sicut

248 2492 389 2533 videre
431 2494 505 2542 est,
544 2490 667 2533 Rom.
705 2492 742 2542 6,
779 2492 815 2533 2.
857 2492 878 2533 1
919 2491 1011 2534 Cor.
1051 2493 1114 2542 12,
1157 2493 1218 2533 12.
1260 2490 1352 2533 Gal.
1383 2491 1419 2541 3,
1448 2490 1511 2531 27.
1542 2489 1654 2542 Eph.
1685 2489 1722 2538 5,
1752 2487 1815 2529 25.

250 2561 337 2604 Col.
376 2564 412 2614 2,
453 2564 513 2604 12.
552 2565 630 2605 etc.
666 2565 794 2615 atque
832 2563 926 2604 ideo
952 2578 1035 2605 non
1063 2565 1232 2604 tantum
1258 2562 1405 2603 salutis
1429 2561 1600 2603 initium
1625 2559 1676 2601 ad
1701 2558 1816 2612 Bap-

248 2634 420 2676 tismum
465 2633 659 2684 refertur,
702 2635 774 2676 sed
818 2635 946 2676 etiam
984 2635 1078 2689 ipsa
1117 2634 1229 2676 salus
1269 2636 1310 2675 et
1347 2633 1435 2674 vita
1473 2634 1657 2681 aeterna,
1685 2629 1815 2671 Marc.

251 2706 313 2753 16,
344 2706 406 2746 16.
438 2706 459 2746 1
489 2705 580 2747 Pet.
610 2706 648 2756 3,
678 2706 741 2747 21.
773 2708 814 2747 et
843 2705 958 2746 alibi.
1264 2746 1267 2750 ,

303 2775 389 2817 XL.
430 2775 520 2817 Imo
551 2778 650 2817 vero
680 2776 910 2818 absurdum
940 2778 1003 2817 est
1034 2778 1076 2818 et
1103 2775 1296 2829 impium,
1324 2775 1489 2817 homini
1513 2774 1602 2826 jam
1630 2771 1745 2814 fideli
1775 2774 1816 2814 et

250 2847 483 2901 baptizato,
528 2848 655 2889 aliam
698 2847 1047 2898 satisfactionem,
1087 2850 1160 2888 aut
1199 2846 1313 2888 aliud
1349 2845 1548 2887 meritum
1587 2843 1639 2884 ad
1667 2842 1817 2884 remis-

253 2918 414 2960 sionem
453 2919 578 2960 ullius
618 2919 782 2972 peccati
819 2933 1072 2972 proponere,
1103 2933 1228 2971 quam
1260 2916 1429 2968 Christi,
1460 2917 1534 2958 aut
1562 2914 1686 2956 aliam
1716 2928 1816 2968 pro-

251 2990 533 3046 pitiationem,
563 2992 636 3032 aut
664 2989 1055 3032 reconciliationem
1084 3004 1178 3031 cum
1208 2988 1312 3041 Deo,
1343 3002 1471 3042 quam
1499 3001 1575 3040 per
1604 3000 1700 3028 eum
1721 2999 1817 3026 san-
