1931 3224
264 156 343 197 384
357 137 359 139 Γ
805 152 1047 195 D1spum1o
1075 151 1272 194 XXXVI.

263 279 445 321 centiam
482 293 602 320 suam
641 277 894 328 testandam,
934 292 1030 319 cum
1069 276 1323 328 conditione,
1354 275 1389 317 si
1417 275 1498 317 hoc
1528 277 1601 317 aut
1630 275 1734 317 illud
1760 276 1822 318 fe-

263 351 408 401 cerint,
448 365 472 391 a
509 349 601 391 Deo
640 364 824 403 poenam
861 350 1080 402 exoptant,
1119 347 1357 401 cujusmodi
1395 347 1530 390 multa
1559 347 1751 401 exempla
1777 346 1823 388 in

262 420 443 462 historia
472 434 590 462 sacra
620 421 864 471 occurrunt3
894 433 1111 472 nunquam
1140 422 1284 461 tamen
1313 435 1337 461 a
1366 418 1524 461 Satana
1547 421 1620 460 aut
1643 418 1821 470 inferno,

261 495 309 533 ut
346 491 534 534 Gentiles
576 493 617 533 et
645 490 971 533 Pontificiorum
1000 490 1226 532 sacrificuli
1256 505 1299 532 se
1329 489 1430 532 diris
1461 490 1665 532 devovere
1692 490 1823 543 impie

263 562 420 613 solent3
471 565 563 604 tum
616 562 796 615 denique
846 563 898 604 ad
938 562 1182 604 testandum
1224 562 1438 615 singulare
1479 576 1600 604 suum
1637 561 1824 603 studium

264 637 306 676 et
334 634 470 676 zelum
500 649 600 687 erga
626 633 707 675 Dei
737 633 932 687 gloriam,
958 636 999 675 et
1024 633 1205 676 aliorum
1230 633 1607 685 conservationem,
1634 632 1700 675 cui
1724 646 1825 686 pro-

263 705 403 759 priam
440 706 694 758 quandoque
733 705 914 747 salutem
951 708 1231 759 postponunt,
1263 705 1371 748 sicut
1398 705 1589 748 videmus
1618 704 1663 747 in
1691 702 1824 756 Mose,

263 776 341 819 Ex,
371 777 435 829 32,
463 777 527 818 32.
560 778 601 818 et
627 776 672 817 in
700 775 848 828 Paulo,
878 776 1002 818 Rom.
1031 777 1067 829 9,
1098 778 1136 819 3.

317 847 384 890 LI.
422 847 784 902 Imprecationum
812 862 912 890 vero
941 849 986 890 in
1016 849 1136 900 alios,
1167 848 1331 890 diversa
1361 862 1530 901 quoque
1559 849 1656 889 sunt
1687 862 1826 889 exem-

264 920 348 974 pla,
372 935 525 974 nempe
548 920 614 961 vel
637 920 834 962 adversus
857 920 1030 973 probos,
1054 920 1121 962 vel
1145 920 1344 962 adversus
1368 920 1590 973 improbos
1602 935 1611 970 ;
1627 919 1826 961 adversus

264 991 437 1045 probos,
467 991 502 1033 si
530 991 837 1033 monitionibus
861 1006 949 1033 non
975 991 1137 1044 cedant,
1163 994 1211 1033 ut
1236 1006 1313 1046 per
1337 991 1663 1045 castigationem
1687 1005 1827 1033 0111011-

267 1064 430 1115 dentur,
468 1062 824 1117 quemadmodum
860 1063 987 1116 hujus
1025 1063 1086 1105 rei
1125 1063 1367 1117 exemplum
1405 1066 1468 1105 est
1505 1063 1632 1105 Hiob.
1670 1063 1735 1115 34,
1763 1063 1826 1104 36.

266 1135 481 1178 Adversus
525 1149 625 1177 vero
662 1134 895 1188 improbos,
933 1134 1079 1177 hostes
1116 1135 1333 1177 Ecclesiae
1371 1150 1419 1178 ac
1456 1135 1618 1188 gloriae
1654 1133 1748 1186 Dei,
1787 1136 1830 1176 et

265 1205 609 1258 inemendabiles,
648 1206 832 1260 plurima
868 1206 1222 1260 imprecationum
1253 1206 1447 1260 exempla
1473 1221 1560 1249 non
1587 1209 1757 1249 tantum
1785 1207 1830 1248 in

267 1276 414 1319 Veteri
443 1278 515 1320 sed
545 1281 587 1319 et
614 1278 658 1319 in
686 1277 811 1320 Novo
841 1278 1114 1321 Testamento
1145 1281 1325 1331 exstant,
1354 1281 1402 1320 ut
1430 1279 1571 1321 videre
1601 1282 1665 1321 est
1680 1279 1704 1320 2
1720 1277 1829 1320 Tim.

267 1349 398 1400 4,14.
426 1348 738 1391 Alexander
765 1349 920 1392 faber
950 1350 1198 1392 aerarius
1227 1351 1395 1392 multa
1424 1351 1561 1392 mala
1589 1350 1832 1392 1111111οΧ-

267 1420 473 1473 hibuit,
512 1421 704 1463 reddat
743 1421 789 1463 ei
827 1421 1090 1464 Dominus
1128 1422 1419 1464 secundum
1455 1422 1603 1464 facta
1638 1422 1829 1476 ipsius.

271 1494 312 1533 et
350 1492 487 1546 Apoc.
527 1493 565 1544 6,
605 1493 667 1534 10.
706 1492 888 1546 Usque
918 1509 1040 1547 quo,
1071 1494 1297 1536 Domine
1328 1495 1418 1547 qui
1449 1496 1674 1536 sanctus
1704 1507 1755 1535 es
1781 1495 1832 1535 et

269 1578 451 1617 verax,
489 1579 593 1605 non
619 1564 838 1617 judicas
869 1580 927 1607 ac
955 1566 1205 1608 vindicas
1235 1565 1555 1620 sanguinem
1583 1567 1831 1608 nostrum

269 1634 328 1676 de
356 1634 425 1676 iis
455 1635 545 1688 qui
574 1635 832 1678 habitant
860 1637 913 1678 in
942 1640 1124 1680 terra?

321 1705 410 1748 LII.
439 1705 522 1749 Sed
548 1707 654 1750 haec
682 1708 877 1750 fidelibus
907 1711 1066 1751 temere
1098 1709 1306 1752 imitanda
1338 1724 1424 1751 11011
1458 1712 1569 1761 sunt,
1602 1708 1685 1751 nisi
1719 1710 1833 1751 certa

269 1778 397 1831 hujus
434 1778 687 1821 hostilitatis
724 1781 956 1833 pertinacis
995 1784 1037 1823 et
1073 1782 1395 1824 inemendabilis
1425 1783 1659 1836 appareant
1687 1781 1809 1835 signa
1821 1798 1830 1833 3

271 1849 462 1902 alioquin
487 1850 722 1893 admonitio
746 1851 948 1905 Apostoli
971 1851 1000 1893 J
1002 1852 1137 1904 acobi,
1164 1867 1253 1907 cap.
1278 1853 1314 1906 5,
1339 1854 1376 1895 9.
1402 1868 1567 1907 semper
1588 1853 1634 1894 in
1651 1852 1831 1907 privatis

272 1920 441 1962 offensis
479 1923 541 1962 est
580 1922 854 1975 observanda,
895 1922 970 1965 Ne
1007 1924 1148 1966 alius
1189 1940 1212 1965 a
1225 1925 1451 1966 dversus
1490 1924 1563 1966 ali
1576 1939 1656 1965 um
1685 1923 1831 1976 inge-

270 1992 508 2044 miscite,
540 1995 581 2035 et
611 1992 784 2047 Christi,
812 1994 936 2037 Matt.
966 1995 1004 2047 5,
1032 1996 1096 2036 44.
1121 1994 1157 2036 Β
1172 2010 1264 2037 0110
1278 1995 1448 2037 dicite
1471 1995 1541 2036 iis
1564 1994 1653 2048 qui
1678 1994 1830 2036 devo-

270 2067 396 2105 vent
433 2080 550 2118 vos,
589 2065 905 2108 benefacite
944 2066 1014 2108 iis
1045 2067 1136 2120 qui
1165 2067 1397 2109 oderunt
1425 2082 1542 2120 vos,
1573 2069 1623 2109 et
1650 2081 1830 2121 preca-

271 2137 401 2178 mini
429 2151 525 2190 pro
548 2136 642 2189 iis,
669 2138 759 2190 qui
782 2152 874 2180 vos
897 2138 1193 2192 infestant,
1220 2142 1270 2181 et
1294 2141 1701 2194 persequuntur
1716 2153 1829 2191 vos,

270 2209 326 2248 ut
364 2207 491 2250 sitis
529 2208 644 2250 filii
681 2208 867 2251 Patris
904 2210 1081 2252 vestri
1120 2211 1211 2264 qui
1251 2213 1330 2253 est
1366 2211 1421 2255 in
1454 2211 1639 2254 coelis.
1670 2210 1746 2253 Oui
1776 2211 1832 2253 sit

272 2278 412 2332 gloria
441 2281 483 2321 et
513 2279 752 2323 benedictio
780 2281 825 2323 in
855 2282 1006 2335 secula,
1038 2281 1187 2325 Amen.
