1931 3224
279 138 354 180 468
859 138 1103 179 Dmnmm
1131 137 1261 179 XLII.

277 261 484 304 Gentibus
521 262 725 315 mysteria
762 262 866 304 ζ16611
905 261 1064 303 Christi
1099 261 1367 314 praedicasse
1406 261 1615 313 dicuntur,
1649 261 1744 303 Act.
1774 261 1837 302 11.

278 336 319 374 et
349 333 409 374 18.
441 332 612 373 tametsi
642 334 715 374 aut
745 347 768 373 a
796 332 982 384 Judaeis‚
1015 335 1088 374 ant
1119 347 1142 373 a
1171 331 1391 384 Gentibus,
1422 334 1496 373 aut
1526 331 1578 373 ab
1603 331 1837 385 Apostolis,

276 407 349 445 aut
374 404 661 457 Evangelistis
686 404 738 445 ad
752 404 857 446 illud
873 419 1025 446 munus
1040 404 1170 446 fuisse
1187 405 1418 455 ordinatos,
1432 419 1643 457 nusquam
1655 403 1838 457 legatur.

328 474 479 516 XLIII.
518 473 696 516 Interim
733 475 858 517 sicuti
891 475 967 526 illi,
997 475 1221 517 accedente
1250 479 1400 529 postea
1428 475 1737 528 Apostolorum
1764 489 1840 527 ap-

274 545 540 601 probatione,
583 561 659 599 per
700 545 943 587 Barnabam
987 546 1176 599 aliosque
1216 546 1374 588 Christi
1411 546 1639 600 discipulos
1676 546 1720 587 in
1756 545 1839 587 isto

274 632 446 659 munere
474 617 676 659 inchoato
707 616 878 659 fuerunt
907 617 1141 660 solenniter
1170 618 1427 668 confirmabi,
1456 621 1565 660 teste
1593 618 1718 669 Luca,
1742 617 1839 659 Act.

276 689 337 739 11,
376 689 439 730 23.
481 691 523 730 et
561 689 623 740 18,
662 690 723 731 27.
767 690 828 731 sic
861 689 1130 743 Origenes
1160 689 1285 731 alicui
1311 690 1356 731 in
1384 690 1489 731 urbe
1516 690 1560 731 in
1590 704 1673 742 qua
1699 689 1840 730 nullus

275 763 339 802 est
382 759 662 812 Christianus,
704 761 1032 815 Evangelizanti
1076 761 1322 815 contingere
1365 776 1491 814 posse
1529 762 1755 812 asseverat,
1793 762 1841 801 ut

274 832 549 884 postmodum
593 833 807 874 communi
850 833 1093 874 auditorum
1131 847 1236 885 quos
1275 833 1327 873 ad
1365 831 1580 873 Christum
1618 831 1840 883 convertit,

274 903 491 956 suffragio,
523 903 764 958 Episcopus
796 905 1028 956 ordinetur,
1057 903 1251 945 Homil.
1283 904 1343 945 11.
1375 903 1429 944 111
1460 904 1521 945 18.
1551 902 1698 945 Ν11111.

326 974 476 1016 XLIV.
520 975 578 1016 Et
617 991 717 1017 sane
756 975 829 1017 ubi
866 976 983 1018 nulla
1022 978 1084 1017 est
1123 975 1326 1026 Ecclesia,
1366 975 1428 1016 ibi
1464 975 1566 1016 viris
1605 990 1629 1016 a
1666 974 1759 1016 Deo
1789 974 1841 1016 ad

275 1046 667 1100 Evangelizandum
704 1047 855 1099 missis,
893 1062 979 1089 non
1017 1049 1079 1089 est
1119 1047 1171 1088 ab
1201 1046 1446 1088 hominibus
1475 1046 1614 1088 Deum
1639 1046 1842 1100 ignora-n-

275 1117 384 1158 tium
423 1118 707 1170 exspectanda
744 1119 926 1170 vocatio,
966 1118 1037 1160 sed
1068 1117 1158 1160 Deo
1187 1118 1377 1160 mittenti
1405 1117 1648 1159 immediate
1677 1117 1840 1159 obtem-

276 1189 523 1242 perandum,
554 1204 605 1231 ex
635 1190 850 1231 communi
880 1189 1145 1243 obligatione
1175 1190 1227 1231 ad
1256 1205 1436 1243 regnum
1458 1189 1592 1243 ipsius
1617 1203 1696 1242 pro
1723 1203 1842 1231 occa-

278 1260 395 1302 sione
435 1261 580 1302 oblata
618 1262 966 1314 promovendum,
1006 1261 1138 1303 donec
1176 1263 1268 1303 tum
1296 1261 1511 1303 Ecclesiae
1540 1261 1592 1302 ab
1621 1261 1726 1314 ipsis
1757 1261 1842 1302 col-

274 1331 481 1384 ligendae,
519 1334 611 1374 tum
649 1331 830 1374 fratrum
867 1333 1117 1385 vicinorum,
1157 1336 1230 1374 aut
1258 1335 1521 1375 remotorum
1550 1347 1768 1384 consenSU,
1798 1333 1843 1374 in

280 1403 481 1445 inchoata
509 1403 727 1446 functione
756 1404 1042 1446 stabiliantur.

330 1475 457 1517 XLV.
497 1475 669 1517 Donum
706 1475 1023 1528 miraculorum,
1062 1491 1137 1518 nec
1176 1476 1413 1518 vocationis
1446 1491 1620 1530 prorsus
1651 1479 1842 1519 extraor-

277 1546 477 1599 dinariae,
507 1562 585 1589 nec
612 1547 784 1599 mixtae,
814 1548 857 1589 id
888 1550 962 1599 est,
992 1548 1152 1601 partim
1182 1547 1435 1599 ordinariae,
1465 1548 1624 1601 partim
1652 1551 1842 1589 extraor-

275 1618 475 1670 dinariae,
504 1618 785 1660 necessarium
818 1621 881 1660 est
910 1619 1169 1672 adjunctum.
1194 1618 1309 1661 Nam
1338 1619 1558 1671 Abdias,
1588 1619 1841 1671 Micheas,

276 1689 464 1740 Oseas,
493 1689 810 1742 Zacharias,
842 1705 1024 1743 quorum
1052 1691 1221 1733 vocatio
1246 1691 1328 1732 fuit
1354 1690 1706 1742 extraordinaria,
1723 1705 1843 1732 suam

275 1761 513 1803 doctrinam
549 1762 763 1803 miraculis
803 1777 887 1803 non
930 1763 1246 1811 confirmarunt,
1284 1777 1361 1804 nec
1398 1762 1427 1804 J
1440 1762 1680 1804 ohannes
1711 1762 1845 1816 Bap-

275 1834 434 1885 tista,
475 1835 593 1886 cujus
631 1834 901 1876 vocationem
937 1834 1080 1887 aliqua
1118 1835 1284 1876 ratione
1321 1834 1502 1876 mixtam
1538 1834 1668 1876 fuisse
1706 1849 1757 1875 ex
1795 1849 1844 1876 eo

276 1908 468 1958 apparet,
508 1905 622 1957 quod
662 1906 893 1947 secundum
923 1905 1114 1947 ordinem
1142 1905 1337 1956 Aaronis,
1369 1919 1419 1947 ex
1450 1906 1567 1958 cujus
1597 1907 1688 1946 erat
1716 1904 1843 1957 tribu,

275 1976 410 2029 patris
440 1977 505 2018 sui
534 1992 750 2018 successor
779 1977 908 2018 fuerit
937 1977 1154 2030 legitimus
1185 1976 1362 2018 docendi
1385 1979 1603 2030 potestate
1626 1976 1844 2030 praeditus

277 2050 318 2088 et
361 2049 589 2090 secundum
631 2049 831 2102 spiritum
872 2049 994 2090 Eliae
1037 2049 1118 2090 sibi
1161 2048 1531 2100 communicatum,
1570 2048 1768 2090 Minister
1797 2063 1845 2090 ac

275 2134 527 2172 praecursor
557 2120 716 2162 Christi
746 2120 1118 2162 extraordinarius.

328 2189 478 2233 XLVI.
521 2191 644 2233 Multi
686 2207 707 2233 e
748 2192 961 2234 contrario
1002 2191 1410 2246 pseudoprophetae
1448 2192 1652 2234 miracula
1690 2191 1845 2234 edituri

277 2263 494 2304 dicuntur:
533 2263 577 2304 in
615 2278 796 2316 quorum
833 2277 1023 2315 numero,
1062 2279 1115 2305 ne
1152 2264 1241 2306 veri
1274 2263 1520 2317 Prophetae
1549 2263 1686 2305 nostri
1715 2263 1846 2305 seculi

276 2349 300 2375 a
338 2349 462 2376 caeco
500 2334 662 2388 populo
701 2334 1020 2386 collocarentur,
1059 2335 1174 2377 Deus
1215 2350 1286 2378 eos
1326 2335 1420 2377 aliis
1449 2335 1593 2389 potius
1624 2334 1744 2381 donis
1772 2334 1845 2376 ad-

275 2420 421 2448 versus
463 2405 608 2447 hostes
653 2421 752 2448 suae
794 2406 1000 2457 veritatis,
1043 2421 1170 2459 quam
1210 2407 1321 2449 dono
1351 2406 1652 2449 miraculorum
1681 2420 1844 2447 armare

275 2477 421 2519 voluit.
461 2476 650 2519 Invictae
690 2478 803 2519 enim
840 2477 1105 2520 fortitudinis
1145 2493 1244 2520 suae
1284 2478 1524 2521 constantia
1551 2477 1762 2519 Ecclesias
1792 2476 1845 2519 ab

274 2547 532 2589 Antichristi
573 2548 811 2602 tyrannide,
857 2564 904 2590 ac
946 2549 1172 2591 veritatem
1212 2549 1430 2592 doctrinae
1468 2537 1753 2602 Evangelicae
1790 2548 1844 2590 ab

274 2619 388 2661 illius
426 2619 640 2661 erroribus
680 2623 962 2672 asseruerunt,
1001 2621 1331 2674 innumerasque
1369 2636 1467 2664 oves
1506 2621 1558 2663 ab
1587 2619 1845 2663 Antichristi

276 2691 505 2733 emissariis
534 2691 728 2733 seductas
758 2691 811 2733 ad
841 2690 1000 2733 Christi
1030 2692 1140 2734 ovile
1169 2695 1474 2746 aggregarunt.

327 2762 498 2805 XLVII.
538 2763 738 2813 Quamvis
775 2763 901 2817 pauci
939 2778 989 2805 ex
1028 2764 1245 2817 prioribus
1283 2765 1526 2804 nostrarum
1554 2760 1842 2803 Ecclesiarum

276 2832 526 2876 Pastoribus
555 2835 608 2876 ab
637 2835 876 2888 Episcopis,
906 2835 1099 2889 plerique
1125 2850 1175 2877 ex
1198 2834 1504 2877 recentioribus
1529 2848 1553 2875 a
1576 2832 1843 2886 Presbyteris

277 2905 361 2946 sint
400 2906 597 2957 ordinati,
627 2921 714 2948 non
742 2907 881 2948 minus
910 2908 1055 2948 tamen
1084 2906 1276 2960 legitima
1306 2908 1369 2948 est
1397 2905 1562 2956 horum,
1593 2919 1718 2957 quam
1748 2903 1843 2946 illo-

276 2990 371 3016 rum
400 2976 580 3028 vocatio,
612 2977 810 3029 quoniam
842 2976 1051 3031 Episcopi
1075 2980 1118 3019 et
1142 2975 1388 3030 Presbyteri
1412 2991 1456 3019 re
1482 2976 1584 3019 olim
1607 2977 1648 3018 et
1672 2990 1845 3018 munere
