1931 3224
753 137 816 182 DE
847 136 985 179 Vorxs.
1575 140 1652 180 405

91 263 303 316 britrii,
342 264 481 305 talia
523 264 688 305 licere
731 264 857 304 vota
900 277 1227 316 nuncupare,
1272 262 1653 305 continentiae

92 334 265 387 scilicet,
316 334 665 377 obedientiae
713 337 763 376 et
810 335 1186 388 paupertatis,
1236 333 1390 375 falsum
1437 336 1511 387 est,
1560 349 1655 376 cum

92 405 196 447 haec
234 408 334 447 vota
369 421 447 447 nec
485 406 569 447 sint
607 405 836 459 generalia,
873 420 949 447 nec
979 421 1002 447 a
1031 405 1122 447 Deo
1152 405 1430 459 praescripta,
1460 405 1532 447 sed
1561 420 1656 458 spe-

92 477 215 518 cialia
245 479 287 518 et
315 477 368 518 ab
397 477 641 518 hominibus
671 477 927 532 excogitata,
960 479 1007 518 ut
1036 491 1111 519 suo
1138 477 1230 518 loco
1256 476 1656 518 demonstrabimus.

92 547 227 590 Vide
256 547 505 589 Bellarm.
533 547 641 589 Lib.
671 549 707 589 2.
740 548 797 589 de
826 547 1130 600 Monachis,
1164 563 1197 589 c.
1227 548 1290 589 35.

145 617 281 660 XXX.
315 617 512 659 Alterum
539 617 867 659 Bellarmini
897 619 1078 670 axioma,
1109 618 1274 660 Filiis
1302 619 1494 669 licere,
1523 619 1656 661 invi-

92 689 165 730 tis
203 687 548 741 parentibus,
584 688 646 729 ad
674 687 1022 742 Religionem
1048 690 1310 743 transire,
1340 705 1487 732 verum
1516 692 1592 743 est,
1621 691 1655 732 si

93 760 142 802 de
179 759 386 812 religione
415 757 656 800 Christiana
683 760 857 812 proprie
887 760 999 802 dicta
1028 761 1319 814 intelligatur3
1350 764 1394 802 at
1423 761 1590 814 falsum,
1621 762 1655 804 si

93 832 145 873 ad
173 833 331 872 statum
361 830 546 883 aliquem
575 829 833 883 singularem
861 831 973 872 vitae
1002 831 1226 885 religiosae
1256 832 1485 885 aequivoce
1514 847 1656 887 sump-

92 905 162 944 tae
200 916 248 943 ac
273 902 415 955 reipsa
444 901 766 955 superstitiosae
797 901 944 955 (prout
973 902 1026 943 fit
1055 918 1078 944 a
1107 902 1386 956 Bellarmino)
1418 918 1656 946 accommo-

93 975 229 1026 detur,
270 973 516 1015 Bellarm.
553 972 661 1015 Lib.
700 974 737 1014 2.
777 974 835 1015 de
867 973 1169 1027 Monachis,
1209 989 1242 1016 c.
1279 976 1343 1016 36.
1378 974 1471 1017 Hac
1500 976 1656 1018 etenim

93 1046 258 1088 ratione
296 1045 373 1087 sub
411 1047 638 1099 praetextu
674 1044 927 1098 Religionis,
965 1046 1109 1088 liberis
1147 1047 1322 1089 violatio
1362 1047 1500 1101 quinti
1534 1063 1656 1101 prae-

95 1117 208 1170 cepti
237 1116 286 1158 de
316 1116 562 1170 parentibus
591 1116 862 1169 honorandis,
892 1117 1023 1171 impie
1051 1118 1306 1160 conceditur.

147 1187 304 1229 XXXI.
343 1187 544 1237 Quamvis
582 1190 724 1230 autem
761 1190 864 1230 vota
900 1188 1110 1243 specialia,
1150 1191 1358 1241 quatenus
1395 1193 1494 1232 sunt
1531 1189 1656 1244 Legis

94 1258 385 1301 ceremonialis
425 1258 688 1313 appendices,
726 1273 802 1313 per
839 1258 1056 1300 Christum
1094 1259 1179 1300 sint
1208 1259 1428 1312 abrogata,
1456 1260 1658 1314 nullaque

93 1332 322 1384 propterea
351 1330 400 1372 de
423 1329 475 1372 iis
498 1330 740 1385 praeceptio
767 1332 904 1372 exstet
928 1330 972 1371 in
995 1329 1120 1372 Novo
1143 1329 1428 1384 Testamento,
1451 1334 1658 1384 quatenus

95 1402 237 1442 tamen
261 1399 369 1453 juris
398 1402 496 1442 sunt
524 1400 730 1442 naturalis
759 1416 808 1443 ac
835 1401 1004 1443 vincula
1034 1403 1187 1454 quibus
1218 1417 1362 1445 omnes
1385 1403 1579 1446 homines
1604 1405 1657 1447 ad

95 1486 223 1527 opera
259 1472 437 1513 moralia
474 1472 567 1514 Deo
605 1472 858 1514 naturaliter
896 1474 937 1514 et
966 1488 1041 1526 per
1070 1488 1113 1515 se
1144 1473 1286 1515 debita
1315 1475 1471 1516 arctius
1502 1475 1656 1517 astrin-

93 1545 265 1597 guntur,
294 1557 381 1585 non
408 1543 547 1585 minus
576 1557 624 1585 ea
652 1543 789 1595 nobis,
819 1558 947 1596 quam
977 1543 1174 1586 Patribus
1204 1545 1361 1587 nostris
1390 1548 1489 1587 ante
1518 1547 1657 1600 legem

94 1614 143 1656 de
172 1614 223 1655 iis
246 1614 389 1666 latam,
417 1615 534 1656 licita
564 1629 651 1656 esse
679 1613 952 1656 affirmamus.

146 1685 322 1727 XXXII.
361 1685 430 1727 Ad
466 1686 605 1739 legem
636 1686 752 1728 illam
781 1687 1103 1729 ceremonialem
1131 1688 1320 1730 nondum
1348 1688 1657 1744 Apostolorum

91 1758 356 1811 temporibus
385 1758 555 1810 penitus
578 1758 841 1812 abrogatam,
867 1759 1135 1801 referendum
1159 1762 1223 1801 est
1246 1763 1394 1802 votum
1417 1760 1655 1814 Paulinum,

94 1831 211 1883 cujus
240 1829 400 1871 mentio
429 1830 478 1871 fit
506 1830 652 1872 Actor.
684 1831 745 1882 18,
776 1831 838 1872 18.

145 1900 343 1943 XXXIII.
369 1900 491 1951 Quod
515 1901 669 1943 attinet
695 1904 865 1943 externa
890 1903 1156 1955 quorundam
1177 1903 1516 1946 Christianorum
1538 1920 1656 1947 exer·-

94 1973 194 2015 citia
222 1972 476 2023 voluntaria,
508 1972 742 2025 cujusmodi
770 1975 868 2014 sunt
898 1973 1156 2016 abstinentia
1186 1990 1209 2016 a
1238 1977 1344 2028 potu
1370 1978 1412 2017 et
1438 1976 1531 2018 cibo
1558 1992 1657 2019 con-

93 2046 227 2096 sueto,
257 2045 329 2085 aut
359 2044 411 2085 ab
441 2043 535 2085 aliis
564 2044 690 2086 rebus
717 2044 762 2085 in
787 2058 967 2097 quarum
992 2060 1069 2086 usu
1095 2045 1271 2099 aliquod
1294 2046 1397 2100 ipsis
1422 2048 1657 2100 periculum

94 2115 326 2157 occasionis
365 2115 415 2157 ad
453 2116 712 2170 peccandum
751 2130 838 2157 esse
876 2116 1053 2168 videtur,
1094 2120 1232 2159 certae
1261 2119 1389 2171 atque
1420 2119 1656 2161 ordinariae

92 2187 372 2240 precationes,
399 2189 622 2240 certaeque
646 2187 1026 2241 Eleemosynarum
1050 2188 1313 2241 largitiones,
1339 2188 1415 2230 illa
1441 2192 1482 2231 et
1501 2190 1656 2232 similia

92 2272 179 2299 non
214 2257 423 2300 inutiliter
461 2258 514 2299 ab
550 2259 655 2312 ipsis
693 2259 994 2313 suscipiuntur,
1028 2260 1153 2302 modo
1185 2261 1322 2302 omnis
1351 2262 1403 2303 ab
1432 2262 1515 2304 illis
1545 2263 1656 2305 absit

93 2330 354 2384 superstitio,
391 2330 549 2382 illaque
587 2330 639 2372 ad
674 2345 817 2372 veram
849 2330 987 2383 fidem,
1016 2331 1337 2385 poenitentiam,
1368 2333 1656 2386 sobrietatem,

94 2402 327 2454 caritatem,
352 2401 540 2454 aliasque
563 2400 743 2443 virtutes
766 2401 1030 2445 Christianas
1056 2402 1226 2445 alendas
1251 2418 1302 2444 ex
1326 2404 1435 2446 serio
1461 2405 1522 2457 pii
1543 2404 1655 2447 Deo-

94 2487 174 2526 que
203 2473 344 2515 devoti
373 2472 503 2514 animi
531 2472 751 2527 proposito
781 2475 1053 2527 peragantur.

145 2543 343 2586 XXXIV.
381 2544 593 2586 Votorum
631 2545 810 2587 materia
848 2548 921 2587 aut
961 2560 1028 2587 res
1065 2549 1163 2588 sunt
1192 2547 1322 2589 verbo
1352 2546 1432 2588 Dei
1460 2561 1655 2600 expresse

92 2619 357 2671 praeceptae,
397 2618 469 2658 aut
504 2630 590 2657 non
629 2630 824 2669 expresse
861 2619 1127 2670 praeceptae,
1158 2618 1230 2659 sed
1260 2617 1520 2660 arbitrariae.
1551 2617 1654 2660 Illae

92 2704 168 2744 per
211 2704 254 2732 se
296 2691 394 2732 sunt
435 2691 605 2730 sanctae
643 2702 690 2730 ac
727 2688 998 2741 necessariae,
1036 2688 1117 2730 hae
1154 2703 1230 2742 per
1267 2703 1311 2730 se
1349 2688 1518 2741 quidem
1558 2691 1655 2730 sunt

94 2759 331 2815 ἀδιάφοροιι,
381 2775 454 2802 seu
503 2759 801 2812 indifferentes,
856 2759 928 2801 sed
977 2774 1054 2813 per
1096 2760 1288 2802 accidens
1330 2760 1439 2801 fiunt
1482 2762 1654 2802 sanctae

92 2834 221 2885 atque
258 2831 384 2874 utiles
423 2831 475 2873 ad
513 2831 692 2873 salutem
729 2833 936 2884 quatenus
975 2830 1028 2871 ad
1066 2831 1225 2872 cultum
1262 2831 1344 2873 Dei
1376 2831 1655 2885 principalem

91 2902 343 2956 referuntur,
374 2905 548 2957 ejusque
577 2903 838 2956 promotioni
866 2903 1113 2944 inserviunt.

144 2973 320 3017 XXXV.
361 2973 565 3016 Generale
603 2973 938 3016 Christianitatis
976 2976 1124 3016 votum
1151 2975 1194 3016 in
1224 2974 1447 3028 Baptismo
1476 2975 1652 3017 inchoa-
