1931 3224
235 141 314 182 394
766 138 1006 180 D1sPUTAT1o
1035 138 1253 181 XXXVII.

236 265 449 319 piendum,
488 279 616 317 quam
647 264 759 316 quod
787 263 868 305 fert
897 264 1101 317 pecuniae
1131 264 1169 306 ei
1197 265 1292 306 usui
1321 268 1576 320 assumptae,
1606 268 1642 309 si
1670 269 1794 311 aliter

237 352 259 378 e
297 336 470 389 publico
508 336 600 377 fieri
636 337 797 388 nequit,
837 338 878 377 et
915 336 1204 389 impensarum
1232 337 1355 379 ratio.
1387 337 1572 380 Tantum
1601 339 1718 382 abest
1747 344 1795 383 ut

236 422 325 450 rem
353 408 450 448 inde
478 406 615 449 facere
643 407 782 449 liceat.

288 478 487 521 XXXVI.
516 478 576 520 In
604 494 822 530 summa,
851 478 895 520 in
923 479 1092 532 indigos
1122 481 1163 521 et
1192 479 1352 535 inopes,
1383 481 1639 535 sympathia,
1667 483 1795 525 bene-

235 550 432 602 volentia,
463 552 504 591 et
535 550 811 592 beneficentia
837 550 1040 603 cujusque
1066 551 1244 604 generis,
1270 552 1349 593 sub
1373 551 1656 607 Eleemosyna
1681 568 1794 596 com-

234 620 523 674 prehenditur.
602 632 604 634 “

289 692 507 735 XXXVII.
546 691 621 734 Cui
658 692 733 733 fini
770 707 794 733 a
831 691 1017 734 Domino
1045 692 1132 735 illis
1160 693 1278 746 ipsis,
1307 695 1381 747 qui
1409 695 1662 738 miserentur
1690 711 1795 750 pau-

234 779 396 819 perum,
454 764 598 818 ampla
645 764 916 817 promittitur
957 765 1329 808 remuneratio
1375 769 1425 808 et
1467 768 1793 821 retributio,

235 835 437 877 Proverb.
468 836 531 886 19,
561 835 622 876 17.
651 834 950 887 praemium
979 837 1030 877 et
1054 851 1279 889 merces,
1304 837 1428 878 Matt.
1452 839 1488 890 6,
1513 837 1550 879 4.
1578 840 1619 880 et
1643 839 1706 890 10,
1730 840 1793 880 21.

236 908 260 947 2
299 906 391 948 Cor.
430 907 466 948 9.
505 906 820 948 Pronunciatur
857 907 997 959 quod
1036 906 1357 949 fenerentur
1384 908 1638 962 Domino,
1668 910 1793 953 Prov.

235 980 300 1031 19,
338 979 400 1020 17.
439 978 588 1028 Quod
626 980 784 1020 erunt
822 978 990 1031 beati,
1029 978 1154 1021 Prov.
1197 980 1258 1031 14,
1296 980 1359 1021 21.
1397 979 1494 1022 Luc.
1535 981 1596 1032 14,
1635 982 1696 1023 13.
1726 981 1795 1023 iis

235 1049 613 1102 benedicetur,
654 1049 778 1091 Prov.
818 1050 880 1091 12.
910 1050 1084 1092 Erunt
1114 1052 1270 1103 quasi
1299 1051 1495 1094 hortus
1525 1052 1794 1107 irriguus,

237 1124 287 1163 et
313 1121 433 1163 fons
462 1136 732 1173 aquarum,
760 1122 912 1174 cujus
938 1136 1107 1174 aquae
1130 1137 1233 1164 non
1258 1123 1545 1176 deficient,
1570 1124 1640 1166 Es.
1665 1124 1729 1176 38,
1758 1125 1796 1166 7.

235 1193 553 1234 Promittuntur
590 1193 703 1234 bona
740 1193 855 1234 vitae
885 1193 1022 1246 hujus,
1051 1196 1144 1235 tum
1173 1195 1484 1248 corporalis
1516 1198 1567 1237 et
1595 1198 1737 1249 temp
1750 1210 1797 1237 o-

235 1264 391 1316 ralis,
422 1264 1056 1317 2001.9,8.9.10.11.1;11Π1
1085 1266 1410 1318 spiritualis
1439 1269 1490 1308 et
1519 1270 1795 1320 aeternae,

235 1339 283 1378 ut
320 1339 672 1390 peccatorum
701 1335 982 1390 abruptio,
1014 1338 1055 1378 et
1080 1337 1348 1391 condonatio,
1378 1338 1486 1380 Dan.
1515 1339 1552 1380 4.
1582 1339 1796 1381 Munda-

235 1409 336 1460 tio,
366 1407 465 1450 Luc.
495 1408 557 1459 11,
586 1408 651 1449 41.
679 1406 954 1449 Justitiae
982 1408 1357 1460 perpetuitas,
1386 1408 1455 1451 Ps.
1486 1410 1574 1462 112,
1604 1411 1641 1452 9.
1667 1409 1796 1453 Τ116-

235 1495 427 1522 saurus
455 1482 634 1522 certus
662 1479 716 1520 in
745 1479 920 1530 coelo,
951 1478 1048 1521 Luc.
1080 1480 1142 1531 12,
1171 1480 1235 1521 33.
1267 1482 1309 1521 et
1337 1480 1492 1531 15,16.
1522 1480 1796 1535 Receptus

234 1554 287 1594 111
330 1554 553 1594 aeterna
594 1551 980 1603 tabernacula,
1019 1550 1116 1593 Luc.
1157 1552 1221 1604 16,
1259 1553 1296 1594 9.
1336 1551 1499 1594 Vitae
1538 1556 1796 1596 aeternae

235 1623 515 1678 possessio
563 1626 613 1664 et
655 1622 995 1675 haereditaS,
1044 1623 1167 1666 Matt.
1208 1624 1271 1666 25.
1310 1624 1437 1678 idque
1476 1626 1797 1678 exjustitia

237 1695 446 1743 divina,
475 1693 607 1736 Hebr.
636 1695 673 1746 6,
705 1695 767 1736 10.

287 1765 528 1808 XXXVIII.
566 1765 615 1807 In
655 1766 808 1819 quibus
846 1766 1130 1820 Eleemosyna
1166 1780 1253 1808 non
1283 1766 1486 1808 statuitur
1513 1770 1798 1811 tantorum

234 1839 496 1880 bonorum
526 1852 706 1889 causa,
737 1837 809 1879 sed
839 1837 1190 1890 antecedens,
1225 1838 1338 1891 quod
1366 1839 1524 1880 talibus
1551 1839 1657 1882 haec
1685 1841 1798 1883 bona

236 1910 478 1964 obtingant,
515 1924 652 1962 neque
692 1908 922 1960 αἰτιολογία.
962 1909 1152 1951 redditur
1183 1924 1203 1951 e
1233 1924 1411 1962 causa,
1444 1910 1533 1951 sed
1565 1910 1795 1965 effectu,

235 1984 309 2024 aut
347 1981 574 2036 proprio
613 1981 897 2034 adjuncto,
937 1983 978 2022 et
1019 1980 1054 2022 si
1081 1981 1365 2034 ratioah'qua
1395 1997 1544 2024 causae
1571 1982 1795 2036 indicatur,

234 2053 277 2095 id
313 2053 374 2106 fit,
413 2067 516 2094 non
552 2067 646 2106 per
684 2067 756 2104 se,
797 2052 886 2093 seb
924 2067 1019 2105 per
1056 2053 1332 2104 accidens,
1372 2056 1569 2107 respectu
1597 2055 1796 2107 conjunc-

233 2124 363 2167 tionis
418 2124 609 2166 caritatis
661 2123 788 2176 hujus
832 2138 927 2165 oum
968 2123 1063 2175 fide,
1105 2126 1234 2176 atque
1276 2123 1457 2166 Divinae
1498 2126 1795 2178 reputationis.

234 2195 445 2249 Equidem
480 2195 593 2236 fide
622 2194 997 2248 purificantur
1027 2195 1209 2247 corda,
1239 2194 1336 2237 Act.
1367 2195 1429 2247 15,
1459 2196 1495 2236 9.
1527 2194 1794 2237 Remissio

234 2271 606 2322 peccatorum,
647 2266 949 2318 mundatio,
986 2268 1037 2307 et
1065 2267 1180 2307 vita
1209 2269 1430 2308 aeterna
1458 2266 1611 2308 merita
1638 2266 1796 2309 Christi

235 2342 346 2391 sunt,
377 2341 419 2380 et
445 2339 533 2380 vita
563 2339 736 2379 aeterna
766 2338 958 2379 donum
984 2336 1106 2388 Dei,
1132 2339 1183 2379 et
1208 2337 1523 2379 haereditas
1546 2337 1795 2380 filiorum

235 2410 334 2452 Dei
386 2413 487 2462 est,
539 2412 667 2463 atque
720 2408 773 2450 ad
826 2408 1001 2451 εὐδοκίαν
1045 2407 1127 2451 Dei
1169 2408 1363 2461 refertur,
1407 2407 1504 2450 Luc.
1549 2409 1611 2462 12,
1650 2409 1714 2450 32.
1753 2412 1795 2451 et

234 2481 359 2524 Matt.
388 2482 452 2524 25.

526 2641 621 2689 DE
655 2641 982 2689 JEJUNIO
1025 2641 1113 2687 ΕΤ
1154 2638 1502 2688 VIGILIIS.

287 2775 484 2818 XXXIX.
523 2775 619 2817 Huc
656 2788 791 2827 usque
828 2773 878 2815 de
915 2773 1222 2826 Eleemosyna:
1260 2773 1452 2826 sequitur
1483 2772 1663 2814 alterum
1690 2772 1794 2824 Pre-

236 2848 393 2890 cationi
428 2847 701 2901 singulariter
739 2847 960 2899 susceptae
999 2844 1256 2897 adjunctum,
1286 2844 1459 2897 ejusque
1489 2857 1613 2897 saepe
1642 2856 1793 2895 comes,

234 2917 578 2971 Religiosum
607 2916 635 2959 J
647 2932 668 2959 e
675 2917 908 2970 junium,
940 2916 1054 2969 quod
1084 2917 1146 2957 est
1175 2915 1393 2969 rigidioris
1423 2914 1679 2967 disciplinae
1698 2929 1794 2968 spe-

236 2989 330 3040 cies,
371 3003 445 3030 seu
483 2991 600 3030 actus
639 3004 664 3030 a
700 2988 792 3030 Deo
831 2988 876 3029 in
914 3001 1067 3040 genere
1105 2986 1406 3040 praescriptus,
1435 2985 1665 3028 seeundum
1692 3000 1792 3027 vero
