1931 3224
505 141 569 182 DE
601 140 854 183 PURGATofflo
882 157 929 183 ET
958 140 1250 183 INDULGENTIIS.
1576 142 1654 183 425

101 264 215 317 quod
243 266 290 305 ut
316 264 512 318 probent,
540 265 685 307 fideles
715 267 813 319 post
841 266 1061 308 remissam
1090 265 1256 320 culpam
1286 265 1494 308 obnoxios
1521 265 1658 308 adhuc

100 351 269 378 manere
306 336 454 390 poenis
492 337 799 390 temporalibus
837 340 910 379 aut
947 339 1045 379 actu
1083 337 1260 389 luendis,
1298 339 1372 378 aut
1411 352 1487 390 per
1514 335 1658 378 Indul-

101 408 266 461 gentias
307 408 545 450 relaxandis
557 425 566 460 ;
611 424 705 450 cum
743 409 794 450 ad
831 423 922 450 rem
958 411 1132 450 ventum
1171 411 1245 460 est,
1285 410 1495 461 coguntur
1532 407 1658 449 fateri

100 479 260 521 nullam
296 493 477 532 poenam
506 494 631 533 posse
658 495 735 533 per
761 480 1048 534 indulgentias
1077 480 1258 522 relaxari
1287 495 1336 522 ex
1365 480 1417 521 iis
1446 494 1550 532 quas
1581 479 1660 521 ali-

101 551 268 604 quando
294 552 480 604 probant
505 565 555 592 ex
579 549 822 603 Scripturis,
847 550 1063 593 nonnullis
1086 550 1280 593 fidelibus
1304 551 1435 593 fuisse
1462 552 1659 605 inflictas,

100 624 148 663 ut
184 621 339 664 Davidi
377 624 419 663 et
456 621 667 663 similibus
678 637 687 671 3
718 622 790 663 sed
818 637 978 675 poenas
1006 624 1175 664 tantum
1201 622 1374 665 fictitias
1403 624 1658 677 purgatorii,

100 695 174 734 aut
217 693 269 734 ab
306 692 549 734 hominibus
587 692 810 745 injunctas,
852 696 925 735 aut
965 710 1072 747 quae
1110 695 1276 748 injungi
1315 695 1552 737 debuerunt
1589 695 1657 738 vel

100 764 213 805 ultro
257 764 426 817 suscipi.
468 763 569 805 Non
607 763 746 805 solum
784 779 885 818 ergo
926 765 1214 820 indulgentiae
1250 781 1336 808 non
1373 766 1600 809 absolvunt
1636 783 1661 809 a

100 838 221 878 reatu
260 835 411 889 culpae
447 835 589 887 ullius,
628 836 823 877 mortalis
860 836 926 878 vel
964 837 1150 889 venialis,
1191 837 1263 879 sed
1292 852 1428 890 neque
1458 853 1482 879 a
1510 840 1660 892 poenis

99 906 376 958 naturalibus,
416 906 560 959 quales
598 909 697 947 sunt
734 907 886 959 morbi,
916 922 1043 959 mors,
1073 908 1330 961 ignorantia,
1359 910 1659 963 concupiscen-

99 977 160 1019 tia
198 979 240 1019 et
278 977 436 1019 similes
447 994 457 1029 3
495 992 632 1030 neque
671 978 801 1020 etiam
839 994 862 1020 a
899 979 1049 1031 poenis
1079 994 1186 1032 quae
1216 980 1261 1021 in
1289 980 1384 1022 foro
1415 982 1588 1022 externo
1619 983 1662 1022 et

100 1049 379 1101 contentioso,
421 1052 512 1091 tam
552 1049 853 1091 Ecclesiastico
898 1065 1025 1103 quam
1067 1050 1245 1103 politico
1283 1050 1420 1104 infligi
1459 1053 1660 1104 possunt:

99 1121 171 1163 sed
212 1123 380 1163 tantum
422 1136 604 1175 poenam
645 1121 804 1163 tollunt
845 1136 952 1174 quae
990 1121 1167 1163 debetur
1203 1122 1248 1163 in
1285 1122 1379 1164 foro
1419 1125 1581 1165 secreto
1620 1125 1662 1165 et

99 1192 408 1246 poenitentiali,
440 1193 669 1235 secundum
699 1193 898 1235 Bellarm.
928 1192 1017 1235 Lib.
1047 1194 1084 1235 1.
1116 1193 1166 1235 de
1194 1192 1360 1248 Indulg.
1394 1209 1485 1248 cap.
1517 1195 1553 1236 7.

150 1263 259 1306 XLI.
289 1263 356 1305 Ex
386 1263 539 1317 quibus
567 1264 838 1306 manifestum
869 1267 944 1317 est,
974 1265 1200 1318 plerisque,
1231 1265 1304 1318 qui
1331 1280 1487 1318 magno
1518 1268 1662 1308 emunt

98 1334 175 1376 has
236 1349 409 1386 merces,
471 1337 513 1377 et
568 1335 805 1389 magnificis
860 1336 1213 1390 promissionibus
1270 1352 1297 1390 p
1309 1337 1325 1379 1
1338 1352 1359 1379 0
1369 1353 1396 1378 11
1408 1352 1432 1379 a
1442 1337 1487 1379 ri
1499 1353 1523 1379 a
1534 1353 1555 1379 e
1613 1353 1634 1379 e
1644 1340 1663 1379 t

102 1406 283 1460 plenis
296 1407 427 1448 sima
440 1421 461 1448 e
512 1406 565 1448 in
578 1407 865 1461 dulgentia
878 1422 899 1449 e
952 1408 1141 1449 omnium
1191 1411 1475 1462 peccatorum,
1519 1409 1663 1451 addita

102 1492 226 1532 saepe
256 1478 446 1521 clausula
475 1494 499 1520 a
523 1493 550 1532 p
564 1494 588 1521 0
601 1494 622 1521 e
632 1494 660 1520 n
671 1494 695 1520 a
720 1482 770 1521 et
799 1494 823 1521 a
848 1494 869 1521 0
880 1479 931 1521 ul
942 1495 969 1533 p
981 1494 1005 1521 a
1017 1514 1026 1532 ,
1052 1479 1306 1532 alliciuntur,
1335 1480 1523 1522 accidere
1548 1481 1663 1533 quod

101 1550 329 1604 proverbio
372 1550 538 1603 dicitur,
582 1553 630 1592 ut
667 1565 746 1604 pro
783 1553 802 1592 t
812 1551 842 1592 11
854 1566 874 1592 e
887 1566 905 1593 s
917 1566 941 1593 a
951 1567 979 1593 u
990 1551 1065 1593 ris
1076 1584 1086 1604 ,
1123 1551 1232 1593 nihil
1268 1551 1456 1594 habeant
1494 1555 1663 1606 praeter

102 1636 124 1663 0
135 1635 159 1662 a
168 1636 188 1662 r
198 1621 225 1662 b
239 1635 262 1663 o
274 1636 302 1662 n
314 1635 335 1663 e
347 1636 376 1663 s.
415 1620 529 1662 Nam
567 1622 666 1675 quia
693 1637 854 1677 poenae
883 1622 993 1674 illae,
1024 1637 1204 1675 quarum
1231 1622 1281 1664 fit
1308 1623 1468 1665 mentio
1497 1622 1566 1665 Ps.
1595 1625 1659 1666 89.

101 1690 156 1734 Si
197 1692 548 1746 peccaverint
589 1692 707 1734 filii
747 1693 849 1745 tui,
886 1693 1133 1735 visitabo
1171 1695 1224 1735 in
1262 1694 1418 1748 virga
1456 1694 1662 1748 iniqui-

100 1765 119 1804 t
130 1777 154 1804 a
164 1765 182 1804 t
194 1777 215 1804 e
227 1778 245 1804 s
285 1777 306 1804 e
318 1778 342 1805 o
354 1778 375 1804 r
386 1778 413 1804 u
423 1778 486 1816 m,
525 1766 603 1805 etc.
644 1766 686 1805 et
724 1764 825 1806 Ebr.
865 1765 926 1806 11.
967 1779 1063 1806 cum
1097 1765 1334 1818 Apostolus
1365 1765 1480 1818 dicit,
1511 1782 1539 1808 n
1553 1781 1577 1808 o
1590 1781 1608 1808 s
1638 1782 1663 1809 a

99 1834 208 1876 Deo
247 1833 601 1888 disciplinam
638 1835 913 1889 accipere,
952 1835 1055 1878 item
1095 1838 1116 1877 1
1157 1835 1249 1878 Cor.
1280 1837 1342 1878 11.
1372 1852 1469 1880 nos
1499 1853 1523 1879 a
1551 1837 1590 1879 D
1605 1852 1662 1880 eo

95 1906 152 1957 ju
163 1904 212 1946 di
224 1919 245 1946 0
255 1920 280 1947 a
291 1906 337 1947 ri
379 1907 429 1947 et
467 1920 488 1947 c
500 1920 524 1947 o
536 1920 557 1947 r
566 1921 587 1947 r
597 1906 612 1947 i
622 1921 650 1959 p
662 1906 676 1947 i
689 1939 698 1957 ,
736 1906 990 1960 infliguntur
1027 1922 1051 1948 a
1092 1906 1183 1949 Deo
1217 1910 1438 1961 tamquam
1467 1923 1491 1949 a
1523 1909 1665 1962 judice

100 1991 122 2018 e
131 1991 159 2018 x
169 1978 188 2017 t
200 1991 221 2018 e
231 1991 252 2017 r
263 1991 290 2018 n
302 1992 326 2019 0
366 1979 415 2019 et
455 1991 476 2018 0
485 1992 506 2018 r
516 1977 531 2018 i
542 1992 584 2018 m
594 1977 645 2019 in
657 1977 754 2029 ali,
784 1992 853 2019 eas
883 1993 969 2020 non
997 1978 1094 2020 tolli
1122 1993 1199 2032 per
1228 1978 1552 2033 indulgentiam,
1580 1980 1665 2022 lar-

99 2049 216 2102 gitur
243 2048 443 2091 Bellarm.
471 2049 561 2091 Lib.
593 2051 629 2092 2.
660 2049 725 2091 De
754 2049 921 2104 Indulg.
952 2065 1042 2105 cap.
1073 2052 1109 2092 1.
1139 2051 1212 2093 sed
1239 2054 1408 2093 tantum
1437 2052 1534 2094 tolli
1561 2067 1664 2106 poe-

99 2135 197 2162 nam
225 2121 441 2174 quaein
469 2120 590 2163 foro
621 2122 1067 2175 poenitentiario
1093 2122 1398 2177 infligitur,
1424 2124 1486 2166 ad
1510 2139 1663 2177 quam

98 2192 426 2245 implendam
454 2207 559 2234 non
589 2193 835 2246 cogimur
857 2193 966 2236 nisi
990 2194 1188 2236 timore
1213 2194 1251 2236 D
1266 2195 1336 2247 ei,
1364 2197 1414 2236 et
1439 2195 1664 2237 stimulo

100 2278 121 2305 0
132 2277 156 2304 0
167 2278 196 2304 11
207 2278 225 2304 s
239 2263 286 2305 01
298 2278 319 2305 e
328 2279 357 2305 11
368 2266 385 2305 t
396 2263 410 2304 i
421 2279 445 2305 a
457 2279 490 2305 e.
527 2264 594 2305 Ex
633 2279 717 2317 quo
756 2264 981 2307 manifeste
1021 2268 1152 2318 patet,
1184 2266 1299 2318 quod
1326 2266 1480 2308 merito
1510 2266 1665 2308 Luthe-

99 2349 170 2375 rus
200 2334 368 2387 objecit,
397 2334 691 2388 Indulgentias
713 2335 863 2378 noxias
889 2351 991 2388 esse,
1018 2351 1106 2378 non
1130 2337 1346 2390 salutares,
1374 2353 1469 2379 cum
1494 2353 1518 2379 a
1542 2337 1665 2380 bonis

100 2406 308 2461 operibus,
347 2406 533 2459 jejuniis.
573 2407 861 2462 eleemosynis,
904 2408 1114 2462 precibus,
1159 2411 1250 2461 etc.,
1295 2423 1372 2451 nos
1416 2408 1666 2463 impediant,

97 2478 184 2520 imo
223 2478 475 2520 timorem
507 2476 546 2519 D
560 2478 606 2519 ei
635 2481 686 2520 et
715 2479 995 2521 stimulum
1024 2480 1405 2522 conscientiae
1435 2481 1664 2523 excutiant.

98 2548 212 2591 Nam
262 2563 356 2602 per
405 2549 790 2603 indulgentias
843 2565 1136 2593 concessas
1178 2567 1196 2593 s
1212 2551 1467 2593 atisfacit
1508 2551 1664 2595 homo

98 2621 293 2674 poenis
319 2621 426 2674 imp
442 2621 611 2663 ositis
639 2621 693 2663 in
716 2621 1088 2675 confessione,
1118 2625 1173 2664 ut
1202 2623 1246 2664 si
1276 2622 1666 2665 Confessarius

98 2692 365 2748 imposuit
392 2691 504 2745 ipsi
533 2692 913 2746 disciplinam,
939 2694 1210 2747 jejunium
1225 2727 1234 2745 ,
1265 2694 1430 2736 eleem
1445 2709 1468 2735 o
1483 2709 1667 2748 synam

97 2766 181 2808 vel
233 2764 440 2806 similia
494 2764 678 2817 aliqua
729 2780 894 2819 opera
936 2766 1263 2816 exercenda3
1294 2766 1338 2807 si
1378 2766 1666 2820 indulgen-

97 2837 228 2879 tiam
253 2838 647 2889 consequatur,
671 2852 775 2879 non
798 2840 1054 2879 teneatur
1077 2837 1207 2879 illas
1235 2837 1419 2879 subire
1441 2852 1665 2891 poenas,

98 2907 233 2951 Tolet.
262 2908 465 2951 Instruct.
496 2906 663 2949 Sacerd.
692 2908 783 2950 Lib.
811 2909 848 2950 6.
879 2923 969 2962 cap.
1000 2909 1063 2950 24.

152 2979 282 3024 XLII.
322 2980 493 3033 Verum,
533 2994 586 3021 ne
625 2979 873 3034 frigesceret
912 2980 1024 3022 zelus
1055 2995 1202 3023 eorum
1230 2980 1303 3034 qui
1332 2980 1376 3022 in
1405 2980 1665 3035 indulgenti-
