1931 3224
228 153 306 193 232
787 150 1029 192 DIsPUTfflo
1059 148 1217 191 XXIV.

228 291 329 318 non
380 275 578 330 aperit,
632 276 721 317 sed
762 276 1000 316 clausam
1040 274 1273 315 miratur
1313 273 1639 329 Apostolus,
1684 278 1786 320 cla-

227 362 391 388 mans:
422 346 456 388 O
486 346 729 388 altitudo
759 344 1079 387 divitiarum
1103 344 1418 397 sapientiae
1443 348 1493 388 et
1515 347 1787 391 scientiae

228 417 345 468 Dei,
385 432 539 470 quam
566 415 962 458 inscrutabilia
990 417 1110 456 sunt
1135 415 1340 468 judicia
1370 417 1484 469 ejus
1514 420 1564 459 et
1593 418 1786 472 imper-

227 488 594 542 vestigabiles
633 487 750 529 viae
790 487 925 539 ejus!
961 486 1085 538 quis
1122 486 1259 528 enim
1288 489 1547 543 cognovit
1575 504 1787 532 sensum

228 559 474 602 Domini?
505 562 595 601 aut
625 559 746 612 quis
777 557 1136 599 consiliarius
1166 559 1281 611 ejus
1309 559 1447 602 fuit?
1478 563 1556 603 etc.

278 629 386 672 XLI.
415 629 528 673 Usus
556 630 682 682 hujus
712 628 929 670 doctrinae
958 628 1083 670 multi
1111 631 1153 671 et
1181 630 1370 684 insignes
1400 633 1498 672 sunt
1526 631 1571 672 in
1597 631 1788 675 Ecclesia

227 700 404 751 Christi;
442 716 541 742 nam
579 715 702 742 verae
730 699 987 742 humilitatis
1016 703 1080 742 est
1107 701 1326 754 magistra,
1356 702 1516 744 solidae
1543 703 1588 744 in
1616 703 1708 745 Deo
1737 704 1787 745 fi-

226 772 370 813 duciae
397 772 730 823 fundamentum,
759 771 855 813 fons
886 772 1031 825 gaudii
1058 772 1295 825 spiritualis
1324 775 1365 814 et
1393 774 1483 828 spei
1508 773 1786 829 Christianae,

225 843 401 884 materia
443 845 557 884 certa
599 843 902 885 consolationis
945 844 990 885 in
1031 843 1229 896 adversis,
1273 844 1526 887 tolerantiae
1568 846 1613 887 in
1651 861 1785 900 cruce,

225 913 556 956 confirmationis
601 915 749 955 contra
791 913 972 956 aliorum
1013 915 1288 968 apostasiam,
1332 916 1470 958 calcar
1513 917 1787 970 gratitudinis

224 1000 324 1039 erga
366 985 516 1037 Deum,
560 985 749 1027 caritatis
792 1000 894 1040 erga
927 986 1185 1040 proximum,
1216 989 1258 1029 et
1287 989 1426 1029 cetera
1454 988 1651 1042 plurima,
1682 1003 1787 1042 quo-

224 1072 317 1098 rum
355 1056 544 1098 omnium
580 1056 764 1098 illustria
798 1058 993 1112 exempla
1022 1073 1074 1099 ex
1102 1058 1231 1100 sacris
1261 1058 1396 1101 literis
1425 1059 1567 1101 afferri
1594 1063 1786 1113 possunt,

223 1128 304 1169 nisi
334 1128 532 1170 brevitati
559 1128 836 1170 studeremus.

277 1198 405 1241 XLII.
445 1199 527 1242 Sed
563 1214 663 1241 usus
701 1199 747 1241 hi
785 1202 878 1242 tum
915 1201 1083 1243 demum
1110 1202 1281 1255 plenam
1310 1218 1429 1245 suani
1457 1203 1616 1246 habent
1647 1203 1787 1246 effica-

225 1271 345 1322 ciam,
376 1286 469 1312 cum
497 1271 619 1313 electi
648 1271 698 1313 de
723 1272 787 1313 sui
812 1272 1018 1315 electione
1043 1273 1243 1316 certiores
1268 1274 1514 1316 redduntur.
1540 1274 1663 1324 Quod
1687 1291 1788 1318 con-

224 1342 366 1395 tingit,
409 1356 493 1384 non
535 1357 586 1384 ex
629 1342 772 1395 aliquo
812 1343 1115 1396 enthusiasmo,
1154 1347 1228 1386 aut
1266 1345 1504 1387 divinorum
1528 1347 1789 1400 judiciorum

225 1414 483 1455 scrutatione
519 1414 766 1467 temeraria3
805 1415 878 1457 sed
911 1430 963 1457 ex
992 1416 1118 1457 certis
1147 1417 1236 1469 ejus
1267 1417 1426 1459 effectis
1457 1420 1499 1459 et
1525 1419 1652 1470 notis,
1683 1434 1787 1472 quas

223 1486 390 1541 profani
429 1486 599 1539 quidem
634 1486 837 1540 ignorant
877 1489 918 1529 et
955 1490 1243 1541 contemnunt,
1283 1488 1346 1542 pii
1382 1504 1482 1531 vero
1511 1488 1555 1530 in
1584 1489 1693 1532 serio
1723 1491 1789 1532 sui

224 1558 415 1600 examine
444 1572 539 1599 cum
568 1557 723 1610 gaudio
753 1558 798 1599 in
827 1573 870 1600 se
901 1558 1234 1612 deprehendunt,
1266 1559 1333 1601 vel
1363 1559 1399 1601 si
1426 1561 1618 1614 tempore
1647 1563 1788 1603 tenta—

222 1629 364 1680 tionis,
408 1631 482 1670 aut
522 1629 788 1683 negligentia
830 1630 1022 1684 ipsorum
1063 1630 1174 1672 forte
1211 1631 1259 1673 in
1294 1631 1400 1684 ipsis
1437 1631 1682 1686 langueant,
1711 1647 1788 1686 per

222 1714 378 1752 preces,
432 1700 552 1742 verbi
593 1700 799 1753 auditum,
843 1704 1206 1744 sacramentorum
1250 1717 1387 1755 usum,
1432 1703 1647 1756 colloquia
1691 1718 1787 1745 cum

222 1772 389 1824 sanctis,
434 1774 475 1814 et
517 1771 707 1813 caritatis
746 1787 888 1826 opera,
928 1776 1006 1816 etc.
1043 1775 1089 1816 in
1126 1789 1170 1816 se
1210 1774 1345 1816 denuo
1376 1775 1560 1816 excitare
1590 1775 1786 1833 omnibus

222 1842 358 1884 modis
395 1846 607 1897 satagunt.
645 1843 710 1886 De
750 1844 903 1897 quibus
943 1846 1103 1888 effectis
1143 1849 1184 1888 et
1220 1846 1334 1888 notis
1364 1846 1496 1900 ampli
1525 1848 1734 1888 tractatus
1762 1861 1787 1888 a

221 1913 323 1954 viris
362 1914 444 1967 piis
488 1915 719 1969 conscripti
760 1919 870 1968 sunt,
913 1917 987 1970 qui
1025 1920 1168 1960 tamen
1208 1932 1353 1959 omnes
1390 1917 1467 1959 sub
1495 1917 1676 1960 vocati
1690 1933 1786 1961 one

224 1986 510 2028 secundum
560 1987 931 2041 propositum,
979 1989 1402 2042 justificatione
1453 2005 1549 2043 per
1598 1989 1785 2043 fidem,

223 2057 685 2100 sanctificatio—ne
724 2075 820 2113 per
857 2059 1148 2114 Spiritum,
1188 2063 1239 2103 et
1269 2061 1508 2115 ejusdem
1537 2060 1786 2114 Spiritus

225 2125 432 2180 Sancti,
471 2132 743 2184 tamquam
783 2132 1134 2185 arrhabonis,
1164 2131 1536 2174 haereditatis
1562 2134 1786 2175 nostrae

224 2199 632 2253 obsignatione,
663 2203 962 2258 comprehendi
989 2206 1183 2257 possunt,
1208 2204 1317 2246 sicut
1341 2204 1393 2246 ab
1417 2204 1626 2259 Apostolo
1650 2203 1785 2246 Paulo

224 2271 338 2310 certa
367 2271 474 2313 serie
501 2271 742 2315 referuntur
769 2274 814 2315 in
841 2274 1041 2328 Epistola
1068 2275 1121 2316 ad
1148 2274 1273 2317 Rom.
1302 2276 1339 2327 8,
1372 2275 1434 2317 14.
1465 2278 1507 2317 et
1535 2276 1745 2330 deinceps.

275 2339 426 2383 XLIII.
481 2342 671 2391 Quorum
723 2345 913 2387 omnium
954 2360 1176 2399 supremus
1219 2346 1316 2387 finis
1358 2348 1435 2398 est,
1478 2346 1784 2389 demonstratio

223 2411 435 2462 gratuitae
471 2413 786 2457 misericordiae
822 2415 915 2469 Dei,
955 2418 997 2458 et
1033 2415 1322 2458 manifestatio
1357 2416 1602 2459 divitiarum
1625 2417 1785 2471 gloriae

224 2482 324 2533 ejus,
379 2498 479 2536 erga
519 2498 620 2526 vasa
661 2486 988 2539 misericordiae,
1033 2501 1141 2540 quae
1182 2487 1456 2540 praeparavit
1496 2488 1549 2529 ad
1590 2487 1784 2541 gloriam,

222 2550 345 2593 Rom.
373 2554 411 2605 9,
441 2555 503 2596 23.
535 2555 716 2609 et'Eph.
749 2557 785 2610 1,
815 2558 851 2599 6.
880 2557 925 2599 in
954 2572 1038 2611 quo
1066 2558 1150 2600 fine
1179 2561 1221 2600 et
1249 2573 1326 2601 nos
1355 2559 1538 2603 libenter
1566 2558 1749 2601 finimus.

591 2770 689 2817 DE
737 2770 1413 2821 REPROBATIONE.

279 2913 429 2956 XLIV.
469 2916 694 2970 Explicato
733 2920 814 2962 hac
849 2921 1014 2964 ratione
1053 2922 1192 2976 primo
1227 2923 1354 2976 hujus
1381 2921 1783 2977 praedestinationis

228 2984 431 3037 membro,
470 2988 679 3040 reliquum
704 2993 780 3042 est,
809 2994 857 3032 ut
885 2991 935 3033 de
965 2992 1099 3035 altero
1130 3008 1300 3047 quoque
1329 3008 1514 3047 agamus
1542 2992 1655 3036 Nam
1684 2993 1784 3036 licet
