1931 3224
501 89 565 132 DE
593 88 726 132 Smin
753 87 1062 130 HUMILIArioms
1092 87 1266 130 Onmsn.
1591 88 1669 129 263

157 216 232 260 IV.
269 215 334 258 De
370 215 451 257 1130
488 216 703 269 postrema
738 213 862 255 nobis
890 213 1151 254 instituenda
1181 214 1244 253 est
1275 212 1521 265 disputatio,
1552 214 1670 266 cujus

104 289 260 342 gradus
288 290 374 330 tres
403 286 744 329 considerantur:
772 284 803 326 1.
831 284 1126 326 Crucifixionis
1151 284 1433 326 antecedanea
1457 298 1552 326 cum
1576 284 1670 338 ipsa

104 360 374 402 crucifixione
413 361 455 400 et
484 359 765 410 subsequente
794 359 943 398 morte.
973 355 1028 398 II.
1059 354 1299 409 Sepultura.
1330 355 1406 397 III.
1436 355 1671 398 Descensus

105 432 158 474 ad
193 431 363 472 inferos.
402 429 617 471 Passionis
654 429 779 482 hujus
807 429 978 469 initium
1005 427 1179 481 proprie
1209 441 1232 468 a
1263 427 1512 480 captivitate
1541 428 1671 468 sumi-

104 518 210 554 mus,
250 502 417 544 etiamsi
446 516 553 554 quae
582 503 680 542 ante
709 501 792 554 ipsi
821 500 1075 551 acciderunt,
1105 502 1147 541 et
1177 513 1283 552 quae
1313 498 1549 551 προπάθειοιι
1579 498 1671 540 31113

105 574 313 626 dicuntur,
357 573 440 614 huc
481 571 629 613 referri
671 571 838 625 possint
881 574 922 612 et
964 571 1156 623 debeant,
1196 571 1364 624 quando
1406 571 1671 613 obedientiae

103 646 217 687 illius
258 647 426 698 partem
466 643 640 695 faciunt,
685 658 792 695 quae
830 644 874 684 in
914 657 988 684 suo
1035 643 1345 695 complemento
1390 642 1668 695 intelligitur;

105 718 222 770 cujus
250 716 311 758 rei
340 730 478 766 causa,
509 714 553 755 in
583 714 776 768 symbolo
807 714 916 765 fidei,
947 729 971 754 a
1001 713 1159 755 Christi
1182 713 1410 765 natalibus,
1440 712 1491 754 fit
1515 713 1670 755 transi-

103 789 172 828 tus
202 786 254 828 ad
280 789 463 828 mortem
493 800 600 839 quae
628 785 836 837 reliquam
865 784 1151 826 obedientiam
1179 799 1320 826 secum
1348 784 1495 825 trahit.

156 855 209 898 V.
247 856 541 898 Crucifixionis
580 856 867 909 praecedanea
900 854 1084 906 fuerunt,
1113 855 1249 897 Judae
1278 856 1478 910 proditio,
1510 855 1671 898 Christi

104 928 342 982 captivitas,
368 928 564 969 deductio
591 927 643 969 ad
668 926 944 970 Sacerdotum
968 941 1223 978 consessum,
1249 927 1390 968 variae
1418 928 1669 979 derisiones;

103 1000 277 1042 traditio
301 999 346 1040 in
369 1014 518 1040 manus
543 997 746 1052 gentium,
772 998 903 1040 Pilati
926 998 1200 1049 nominatim3
1228 999 1415 1052 ejusdem
1436 1000 1511 1040 sub
1529 999 1670 1041 Pilato

104 1085 294 1122 examen,
345 1070 593 1124 flagellatio,
649 1070 945 1112 condemnatio
991 1069 1182 1122 denique,
1228 1084 1355 1122 quam
1399 1071 1670 1113 subsecutum

103 1145 166 1185 est
217 1142 473 1196 supplicium
514 1141 970 1195 ignominiosissimum
1014 1142 1161 1193 crucis,
1209 1142 1280 1194 qui
1327 1142 1536 1184 violentae
1580 1143 1668 1196 ejus

102 1214 252 1258 mortis
293 1214 443 1255 modus
484 1213 579 1264 fuit,
624 1215 672 1254 ut
713 1214 834 1255 fieret
875 1213 1231 1255 maledictum
1278 1216 1319 1255 et
1360 1214 1668 1265 execratio,

101 1286 229 1339 idque
267 1300 354 1328 non
390 1285 576 1327 humana
612 1286 780 1326 tantum
810 1285 1023 1338 opinione,
1054 1285 1125 1327 sed
1155 1285 1321 1327 divinae
1349 1286 1455 1339 legis
1486 1286 1667 1337 decreto,

104 1358 439 1412 pronunciantis,
483 1357 847 1400 execrabilem
891 1372 1006 1399 esse
1051 1357 1140 1409 qui
1184 1357 1237 1398 in
1279 1357 1430 1410 ligno
1471 1358 1668 1410 pendet

105 1428 249 1482 (Deut.
287 1429 352 1481 21,
391 1430 454 1471 23.
495 1428 584 1470 Gal.
623 1429 660 1481 3,
703 1428 783 1481 13.)
825 1429 939 1481 quod
976 1431 1196 1482 praeterea
1226 1429 1544 1470 acerbissimum
1572 1430 1665 1481 fuit,

103 1503 146 1542 et
171 1515 265 1542 cum
295 1501 469 1542 summis
500 1500 718 1542 doloribus
750 1501 1034 1552 conjunctum,
1067 1501 1167 1553 quia
1191 1501 1235 1541 in
1259 1500 1460 1541 membris
1484 1501 1667 1542 maxime

100 1572 301 1620 nervosis,
340 1574 380 1613 et
410 1571 621 1624 exquisito
654 1586 778 1613 sensu
808 1572 1026 1625 praeditis,
1059 1572 1218 1614 scilicet
1248 1572 1443 1614 manibus
1474 1575 1514 1614 et
1546 1572 1665 1626 pedi-

100 1643 178 1685 bus
208 1643 409 1695 confixus,
435 1642 495 1684 sic
521 1642 765 1695 aliquandiu
791 1658 885 1684 cum
912 1643 1111 1685 diuturno
1138 1643 1283 1685 dolore
1308 1646 1424 1685 totus
1450 1644 1665 1697 pependit.

153 1713 226 1756 VI.
269 1715 446 1756 Praeter
484 1714 758 1767 gravissimos
796 1715 892 1757 illos
933 1716 1143 1757 cruciatus
1184 1715 1375 1769 corporis
1412 1715 1667 1756 intimum

100 1786 266 1827 animi
304 1785 546 1828 dolorem
586 1801 840 1827 summum
876 1786 1048 1828 fuisse
1086 1786 1137 1827 in
1176 1786 1422 1838 Christo,
1461 1801 1513 1827 ne
1544 1785 1666 1827 Cate-

100 1857 284 1900 chismus
325 1857 494 1909 quidem
534 1856 752 1899 Romanus
793 1860 924 1911 negat
966 1858 1027 1911 (in
1066 1859 1102 1900 4.
1144 1859 1263 1900 artic.
1303 1858 1502 1912 symbol.)
1540 1858 1665 1899 Ani-

99 1943 229 1970 mam
255 1929 369 1981 ejus
395 1928 831 1982 apprehendisse
857 1944 1037 1971 omnes
1061 1930 1338 1971 tristitiae
1364 1945 1572 1982 causas,
1598 1930 1667 1971 fa-

98 2001 249 2042 tetur
284 1999 477 2052 Aquinas
519 1999 647 2053 (part.
688 2001 725 2041 3.
765 2016 803 2053 q.
841 2001 905 2042 46.
945 2001 1063 2043 artic.
1103 2002 1139 2042 5.
1181 2004 1223 2043 et
1262 2001 1317 2054 6.)
1350 2016 1664 2054 omnemque

98 2071 466 2125 assumpsisse
493 2072 819 2124 tristitiam,
850 2073 1135 2114 maximam
1165 2073 1484 2125 quantitate
1514 2073 1666 2115 abso-

97 2143 237 2195 luta,
262 2157 415 2196 nempe
440 2158 535 2185 cum
558 2158 644 2186 non
670 2144 806 2186 solum
830 2145 874 2186 in
900 2159 943 2186 se
960 2144 1249 2197 contumelias,
1268 2145 1511 2198 opprobria,
1527 2146 1663 2199 flagra

99 2217 140 2257 et
177 2214 466 2268 ignominiosa
505 2215 716 2269 supplicia
747 2216 799 2257 ad
828 2218 1010 2258 mortem
1039 2231 1173 2269 usque
1202 2218 1402 2271 pertulit3
1434 2218 1505 2259 sed
1536 2217 1663 2259 etiam

98 2285 293 2328 ardorem
332 2285 594 2339 inimicitiae,
633 2287 805 2340 iraeque
844 2287 924 2329 Dei
963 2288 1163 2330 adversus
1201 2289 1409 2341 homines,
1440 2290 1661 2343 patientia,

99 2357 304 2410 obsequio
357 2360 484 2410 atque
534 2358 779 2401 durissimae
824 2360 1120 2416 castigationis
1163 2361 1421 2403 toleratione
1463 2360 1661 2414 placavit.

98 2428 215 2479 Quae
260 2428 364 2470 adeo
407 2428 619 2472 horrenda
663 2433 704 2472 et
747 2431 898 2472 acerba
939 2431 1124 2484 fuerunt,
1168 2435 1215 2473 ut
1257 2433 1322 2474 vel
1366 2433 1662 2474 aestimatione

95 2500 188 2555 ipsa
242 2503 283 2542 et
325 2500 562 2553 agitatione
604 2501 771 2553 mentis,
814 2505 975 2544 metum
1019 2518 1230 2546 summum
1274 2506 1316 2545 et
1356 2504 1578 2546 tristitiam
1620 2505 1664 2546 in

95 2572 224 2615 horto
265 2573 537 2623 contraxerit,
578 2573 774 2625 precibus
814 2575 1118 2617 conditionatis
1150 2575 1350 2629 poculum
1379 2576 1485 2617 illud
1514 2577 1662 2630 depre-

95 2645 213 2685 catus
253 2644 321 2696 sit,
351 2643 549 2685 sudorem
579 2646 800 2697 tamquam
829 2646 1047 2700 sanguinis
1080 2661 1252 2700 grumos
1285 2647 1484 2699 emiserit,
1515 2646 1660 2701 Ange-

93 2714 200 2757 licae
244 2715 548 2757 consolationis
590 2730 713 2757 usum
754 2730 840 2757 non
878 2717 1190 2768 detrectaverit,
1233 2719 1274 2758 et
1311 2718 1356 2758 in
1395 2732 1516 2759 cruce
1555 2733 1599 2760 se
1637 2734 1661 2760 a

94 2784 223 2827 Patre
262 2786 509 2828 derelictum
549 2787 858 2840 exclamaverit,
897 2787 1021 2829 Matt.
1061 2789 1124 2839 26,
1162 2788 1225 2830 37.
1269 2791 1310 2830 et
1338 2789 1402 2830 38.
1432 2788 1561 2831 Μ310.
1593 2790 1673 2842 14,Δ

93 2855 162 2899 33.
201 2858 264 2900 34.
302 2857 426 2900 Matt.
467 2858 529 2910 26,
559 2858 622 2900 39.
651 2858 714 2900 42.
743 2858 806 2901 44.
835 2859 965 2902 Μ310.
998 2859 1060 2911 14,
1091 2859 1154 2900 36.
1183 2859 1246 2900 39.
1276 2858 1374 2901 Luc.
1404 2860 1467 2912 22,
1495 2860 1558 2902 42.
1588 2861 1658 2904 43.

97 2930 164 2972 44.
192 2929 315 2971 Matt.
349 2930 413 2981 27,
440 2929 505 2970 46.
