1931 3224
443 164 507 206 ΠΕ
536 165 637 208 Ε101,
665 179 712 207 ΕΤ
741 164 1065 207 PERSEVERANTIA
1094 161 1344 206 SANCTORUM.
1594 161 1668 202 311

116 305 333 344 eamque
361 291 550 343 tJenere
580 290 893 332 certissima
922 287 1181 338 scientia,
1212 289 1262 328 et
1291 286 1527 328 clamare
1557 299 1675 326 con-

117 361 363 404 scientia.
401 360 502 403 Ideo
532 361 675 403 fideles
707 360 872 402 indubii
903 359 1172 412 profitentur,
1201 355 1310 398 Nos
1340 356 1674 398 credidimus

117 434 168 474 et
205 431 584 485 cognovimus,
613 431 712 474 Joh.
742 432 779 483 6,
808 431 872 473 69.
905 429 1075 472 Credo
1103 427 1351 479 Domine,
1382 427 1514 469 Marc.
1543 427 1580 479 9,
1609 427 1672 468 24.

116 502 240 546 Scio
270 503 351 545 0111
380 502 609 555 credidi,
637 504 662 543 2
690 501 798 544 Tim.
830 502 958 554 1,12.

168 573 306 616 XXII.
344 573 440 616 Huc
476 573 592 625 facit,
633 573 746 626 quod
783 572 978 615 Christus
1011 571 1360 624 quotiescumque
1388 570 1548 623 legitur
1577 584 1676 623 pec-

116 647 211 687 cata
245 645 470 697 remisisse,
511 645 640 687 toties
678 645 833 687 dixisse
871 643 1133 697 perhibetur,
1165 641 1416 694 Confide,
1446 640 1675 683 remissa

116 718 240 759 sunt
278 716 384 757 tibi
420 717 666 770 peccata,
707 716 780 768 qui
811 717 923 757 certe
950 714 1204 756 temeritatis
1234 715 1275 755 et
1304 712 1526 767 superbiae
1556 727 1676 755 occa-

116 788 280 830 sionem
307 787 550 829 ministrare
581 787 731 829 noluit.
764 786 886 836 Quod
917 787 1045 827 etiam
1076 785 1296 838 Scriptura
1324 799 1401 826 nos
1432 784 1597 837 obligat
1622 785 1675 826 ad

116 859 277 912 gratias
321 857 412 900 Deo
456 859 640 912 agendas
683 859 733 900 de
772 858 1076 912 justificatione
1113 859 1273 908 nostra,
1313 871 1441 909 quam
1477 856 1560 897 nisi
1597 870 1675 898 nos

115 929 197 972 fide
235 930 448 983 accepisse
478 930 582 971 certi
613 929 756 981 simus,
785 929 878 971 fieri
905 943 991 970 1100
1020 929 1165 980 potest
1193 929 1243 968 ut
1274 929 1490 980 acceptam
1520 940 1674 979 agnos-

117 1015 271 1053 camus,
302 1015 397 1042 cum
436 1001 630 1054 ineptum
662 1000 718 1042 sit
746 999 997 1041 beneficium
1026 1011 1268 1050 agnoscere,
1301 997 1414 1049 quod
1444 997 1590 1038 datum
1619 997 1675 1039 sit

114 1088 258 1124 necne,
295 1072 470 1114 nescias.
510 1071 806 1125 Impudentiae
846 1072 1067 1124 praeterea
1104 1068 1300 1110 immanis
1330 1070 1404 1119 est,
1436 1082 1506 1110 eos
1537 1083 1674 1110 arces-

116 1157 207 1186 sere
242 1141 509 1193 temeritatis,
550 1142 623 1194 qui
660 1141 843 1194 Spiritui
882 1140 1038 1183 Sancto
1080 1140 1258 1181 credunt
1288 1153 1358 1181 eos
1388 1139 1673 1192 compellanti.

114 1213 322 1266 Denique,
352 1212 566 1265 quomodo
594 1213 739 1265 potest
769 1212 909 1265 gratia
937 1211 1177 1253 voluntarie
1208 1209 1354 1263 accipi,
1386 1210 1499 1262 quod
1528 1210 1674 1251 adver-

116 1284 216 1326 sarii
253 1283 525 1335 contendunt,
564 1297 649 1325 non
686 1285 829 1325 tamen
859 1284 957 1325 sciri
986 1283 1038 1325 ab
1070 1298 1118 1325 eo
1150 1284 1224 1336 qui
1253 1297 1346 1325 eam
1376 1283 1543 1337 accipit,
1574 1298 1676 1325 num

117 1370 209 1398 eam
236 1355 423 1397 habeat?
453 1354 567 1397 Nam
596 1355 650 1396 ad
673 1369 764 1396 rem
792 1357 912 1397 motu
941 1355 1071 1396 animi
1100 1355 1342 1396 voluntario
1372 1355 1675 1409 accipiendam,

114 1426 399 1469 necessarium
437 1428 512 1478 est,
550 1429 598 1468 ut
638 1427 711 1480 qui
751 1441 843 1469 eam
883 1429 1035 1479 sponte
1073 1426 1242 1480 accipit,
1274 1427 1379 1468 sciat
1406 1428 1448 1468 et
1475 1441 1564 1468 rem
1594 1426 1675 1469 sibi

114 1499 270 1550 datam,
301 1500 342 1540 et
372 1512 416 1540 se
442 1512 540 1539 vere
570 1513 661 1541 eam
690 1498 893 1551 accipere,
925 1500 966 1539 et
997 1501 1217 1551 acceptam
1247 1498 1478 1551 possidere.

169 1568 336 1613 XXIII.
378 1569 447 1611 Ad
486 1569 570 1612 hoc
612 1572 754 1612 autem
796 1584 883 1611 non
925 1569 1082 1611 sufficit
1124 1570 1317 1623 simpleX,
1356 1572 1404 1611 ut
1440 1570 1675 1623 loquuntur

114 1641 512 1697 probabilitas,
552 1656 689 1695 neque
726 1641 911 1683 humana
947 1643 1116 1683 tantum
1145 1644 1187 1683 01
1217 1641 1672 1694 experimentalis

113 1713 336 1765 certitudo,
366 1715 414 1754 ut
442 1713 659 1755 nonnullis
689 1712 873 1767 placuit3
904 1713 1041 1766 qualis
1072 1716 1135 1755 est
1160 1714 1248 1766 ejus
1274 1714 1348 1766 qui
1372 1728 1467 1755 cum
1492 1714 1674 1755 calorem

111 1784 255 1836 habet,
295 1786 433 1826 certus
474 1786 537 1826 est
575 1799 619 1826 00
656 1783 813 1826 habere
851 1785 965 1837 quod
1005 1799 1130 1826 sensu
1168 1784 1363 1838 percipit.
1403 1784 1523 1825 Alius
1563 1784 1674 1826 011101

114 1858 178 1898 001
207 1856 372 1897 animae
401 1870 547 1897 sensus
576 1870 704 1908 quam
733 1857 936 1909 corporis,
965 1870 1043 1898 nec
1067 1856 1193 1898 debet
1217 1870 1363 1897 sensus
1387 1855 1457 1897 ille
1481 1856 1673 1897 internus

112 1943 137 1970 a
175 1927 331 1969 Divina
367 1927 626 1970 revelatione
666 1928 855 1981 sejungi3
895 1929 936 1969 et
966 1942 1061 1970 00111
1088 1927 1192 1969 fides
1225 1942 1272 1969 ea
1301 1927 1546 1969 testimonio
1577 1926 1674 1980 Spi-

110 2000 218 2041 ritus
247 1998 392 2041 Sancti
422 1998 686 2050 exhibeatur,
718 2000 759 2040 et
786 1998 964 2051 quisque
988 2001 1184 2040 teneatur
1209 1998 1375 2040 credere
1400 1998 1672 2040 revelationi-

111 2072 190 2114 bus
221 2071 387 2126 diviniS,
416 2071 544 2113 fidem
571 2070 689 2112 illam
716 2084 803 2112 non
831 2070 954 2112 aliter
981 2085 1108 2123 quam
1134 2070 1321 2112 divinam
1345 2070 1674 2122 nuncupandam

113 2156 352 2192 censemus;
397 2144 438 2184 et
478 2142 579 2184 licet
619 2156 698 2195 pro
741 2141 909 2194 objecto
954 2142 1110 2183 directe
1152 2156 1239 2184 non
1276 2141 1434 2183 habeat
1472 2142 1674 2195 dogmata

113 2213 363 2266 communia,
395 2228 502 2266 quae
532 2212 703 2266 quidem
731 2213 949 2267 supponit,
976 2213 1048 2255 sed
1074 2213 1333 2267 singularem
1357 2213 1673 2266 persuasionem

113 2285 163 2326 de
201 2284 378 2338 propria
415 2284 565 2337 gratia,
605 2298 691 2326 non
720 2284 858 2326 minus
888 2287 1031 2326 tamen
1063 2299 1231 2327 omnem
1261 2284 1573 2327 dubitationem
1603 2300 1673 2327 ex-

113 2356 280 2398 cludere
318 2354 463 2405 debet3
505 2370 632 2408 quam
670 2370 765 2398 cum
804 2355 1077 2409 amplectitur
1112 2355 1210 2397 fidei
1249 2355 1462 2408 articulos,
1493 2356 1565 2408 qui
1595 2356 1674 2397 etsi

109 2427 429 2470 universalitate
467 2427 671 2469 excedant
709 2427 892 2480 speciale
930 2426 1037 2468 illud
1073 2427 1171 2469 fidei
1210 2427 1436 2480 objectum,
1479 2427 1561 2468 illis
1603 2429 1668 2468 ta-

110 2513 208 2542 men
237 2498 491 2541 certitudine
520 2500 562 2540 et
590 2498 870 2540 dubitationis
899 2498 1138 2540 exclusione
1166 2513 1253 2541 non
1282 2498 1404 2540 cedit.

164 2569 320 2612 XXIV.
357 2569 605 2612 Formale
641 2570 741 2612 fidei
775 2571 1070 2624 objectum,
1110 2571 1154 2612 id
1184 2573 1258 2621 est,
1288 2570 1394 2611 illud
1421 2570 1466 2611 in
1499 2584 1581 2622 quo
1612 2569 1672 2610 ul-

61 2690 66 2692 ,
111 2641 217 2684 timo
255 2642 359 2684 fides
386 2641 627 2693 resolvitur,
656 2643 719 2683 est
746 2642 886 2695 prima
913 2642 1070 2683 veritas
1101 2641 1302 2693 revelata,
1334 2643 1541 2694 quatenus
1571 2655 1670 2683 con-

111 2713 333 2765 sideratur,
373 2715 421 2754 ut
456 2712 700 2754 immediate
727 2727 914 2765 movens
946 2713 1136 2766 adeoque
1165 2712 1366 2754 inducens
1396 2715 1443 2754 ut
1474 2713 1670 2755 credatur

112 2784 326 2837 objectum
361 2783 468 2826 illud
507 2782 620 2836 quod
657 2784 875 2826 materiale
912 2784 1106 2826 diximus.
1143 2783 1257 2826 Nam
1290 2785 1338 2825 ut
1368 2783 1405 2825 ei
1435 2783 1508 2836 qui
1537 2784 1671 2826 credit

111 2855 233 2897 alicui
271 2855 437 2898 homini
472 2869 560 2897 non
595 2857 774 2908 propter
813 2856 1114 2898 auctoritatem
1142 2855 1209 2897 vel
1238 2854 1438 2908 rationes,
1468 2855 1540 2897 sed
1570 2856 1669 2908 quia

109 2926 183 2969 ille
219 2926 302 2971 hoc
335 2926 450 2978 dicit,
481 2926 570 2978 ejus
599 2926 806 2968 veracitas
835 2929 898 2968 est
926 2927 1019 2968 1000
1049 2926 1228 2968 rationis
1257 2925 1449 2968 formalis
1478 2927 1555 2968 sub
1585 2942 1668 2980 qua

110 2997 234 3040 dictis
277 2998 366 3051 ejus
408 2997 658 3040 assentitur:
704 2997 764 3039 sic
790 2998 834 3039 in
871 2998 998 3040 rebus
1035 2998 1134 3040 fidei
1173 2998 1382 3042 credimus
1418 2998 1548 3040 verbo
1588 2998 1669 3039 Dei
