1931 3224
499 135 562 178 DE
590 135 845 177 PURGA'romo
875 148 922 175 Er
951 133 1245 175 INDULGENTHS.
1574 131 1651 172 413

91 261 294 302 midinem
329 261 412 313 piis
439 260 612 312 incutit3
644 260 716 302 sed
745 260 835 312 spei
865 261 907 301 et
935 258 1080 312 gaudii
1109 257 1401 311 plenissimam
1428 255 1652 297 materiam

94 345 238 372 eorum
269 330 419 372 animis
446 330 617 384 ingerit,
648 330 760 383 quod
787 330 881 371 fieri
909 344 995 371 non
1018 332 1176 384 posset,
1202 329 1237 370 si
1261 328 1343 382 piis
1366 328 1410 369 in
1435 326 1652 369 Christum

94 402 373 454 credentibus,
403 405 502 456 post
531 404 712 444 mortem
741 401 991 444 metuendae
1018 403 1157 443 essent
1180 400 1421 454 purgatorii
1444 399 1652 447 flammae,

94 473 146 514 ab
184 473 338 514 inferni
374 474 474 526 igne
512 473 602 515 sola
640 473 860 515 duratione
890 473 1141 525 differentes,
1171 472 1270 513 Esa.
1300 471 1363 523 57,
1395 472 1430 512 1.
1460 470 1488 512 J
1500 486 1527 511 u
1539 485 1556 511 s
1567 472 1585 510 t
1596 485 1624 510 11
1635 483 1653 509 s

94 544 240 597 perit
279 547 329 585 et
365 559 468 585 non
508 546 587 585 est
627 545 717 596 qui
745 545 1024 597 recogitet
1051 544 1104 585 in
1134 542 1293 585 corde
1323 556 1436 593 suo,
1470 543 1520 582 et
1548 538 1655 581 viri

94 614 508 656 misericordiae
538 615 905 668 colliguntur,
937 618 1030 657 etc.
1059 615 1243 657 veniet
1268 628 1390 666 pax,
1416 611 1655 665 requies-

96 688 178 727 cet
219 686 273 727 in
317 686 489 727 cubili
531 700 644 738 suo,
690 687 777 739 qui
819 687 1063 728 ambulat
1103 686 1156 727 in
1200 684 1515 727 dilectione.
1554 681 1655 724 Ideo

94 756 324 798 morientes
363 755 574 797 dimitti
612 771 664 798 se
701 756 965 810 petebant
1004 757 1057 798 in
1087 771 1237 810 pace,
1268 755 1365 798 Luc.
1397 756 1432 807 1,
1462 755 1524 796 29.
1557 754 1657 806 quia

94 827 146 868 iis
186 827 276 879 qui
314 827 374 868 ad
411 842 453 868 111
467 830 636 869 ortem
674 842 729 868 us
744 842 841 880 que
880 827 1074 869 fideles
1105 830 1250 879 sunt,
1279 826 1549 881 promittitur
1578 839 1657 866 co-

95 913 116 939 r
129 913 152 940 o
164 914 192 939 n
203 914 227 940 a
268 899 383 940 vita
395 913 435 948 e,
472 913 559 940 non
595 901 877 952 praeparatur
913 898 1170 952 supplicium
1207 898 1333 951 ignis,
1362 898 1497 950 Apoc.
1527 897 1563 948 2,
1593 895 1657 937 10.

98 970 234 1020 Quam
266 971 441 1012 eandem
469 973 559 1012 tam
588 970 785 1012 omnibus
815 969 883 1012 Oh
894 970 939 1011 ri
951 971 1023 1011 sti
1053 985 1077 1010 a
1089 971 1151 1011 dv
1162 985 1183 1011 e
1195 985 1222 1011 n
1234 972 1252 1011 t
1263 984 1290 1010 11
1301 984 1343 1010 111
1373 968 1472 1009 dili
1485 982 1512 1021 g
1525 981 1583 1024 en
1595 967 1658 1007 ti-

96 1042 123 1083 b
134 1057 161 1083 11
173 1057 191 1083 s
205 1075 213 1094 ,
253 1057 381 1095 quam
411 1042 492 1083 sibi
520 1044 779 1084 reservatam
808 1044 907 1095 post
935 1041 1062 1095 hujus
1091 1041 1203 1082 vitae
1234 1043 1446 1082 certamen
1475 1039 1660 1080 testatur

96 1113 341 1168 Apostolus,
371 1114 395 1154 2
425 1113 532 1155 Tim.
560 1114 598 1165 4,
627 1114 664 1154 8.

150 1183 265 1226 XIV.
296 1184 341 1226 Si
371 1185 464 1237 quis
495 1185 637 1238 aliqua
666 1185 923 1238 purgatione
952 1184 1236 1226 satisfactoria
1264 1185 1363 1236 post
1391 1183 1571 1223 mortem
1595 1180 1660 1221 in-

99 1256 315 1310 diguisset,
346 1259 458 1298 certe
485 1257 521 1298 is
550 1256 661 1298 latro
694 1257 766 1309 qui
796 1271 1023 1298 conversus
1052 1255 1133 1297 fuit
1161 1256 1205 1297 in
1234 1269 1369 1306 cruce,
1396 1254 1469 1307 qui
1493 1268 1535 1295 se
1561 1268 1660 1295 con-

97 1327 298 1369 fitebatur
327 1328 352 1369 d
363 1328 377 1369 i
390 1343 417 1382 g
427 1343 455 1369 11
468 1343 491 1369 a
518 1327 570 1369 fa
582 1328 686 1369 ctis
716 1327 916 1381 recipere,
946 1327 1042 1369 Luc.
1074 1328 1136 1379 23,
1167 1327 1231 1367 41.
1262 1326 1475 1367 debuisset
1503 1339 1661 1378 purga-

102 1400 234 1441 torias
272 1414 431 1454 poenas
463 1402 563 1453 post
590 1401 772 1441 mortem
800 1399 947 1440 multis
978 1413 1185 1440 annorum
1216 1398 1403 1440 centenis
1430 1397 1558 1448 luere,
1589 1395 1662 1448 qui

101 1474 244 1513 tamen
283 1471 400 1513 audit
440 1487 464 1513 a
502 1470 686 1523 Christo,
723 1470 896 1512 Hodie
934 1485 1009 1512 me
1023 1485 1134 1512 011111
1165 1469 1273 1521 eris
1301 1470 1353 1510 in
1382 1468 1417 1510 P
1431 1468 1661 1510 aradiso.

101 1541 215 1583 Nam
258 1543 371 1596 quod
413 1542 629 1585 Pontificii
669 1542 860 1585 nonnulli
898 1544 1103 1591 asserunt,
1140 1543 1322 1582 mortem
1348 1538 1661 1593 patientissimo

103 1614 243 1655 animo
282 1614 508 1655 toleratam
548 1617 589 1656 et
618 1614 925 1656 confessionem
953 1614 1257 1665 admirandam,
1286 1612 1477 1667 potuisse
1505 1611 1549 1652 in
1573 1612 1589 1663 j
1595 1625 1664 1651 us-

102 1687 191 1725 tam
230 1685 564 1727 satisfactionem
598 1686 900 1737 admirandam,
929 1686 1120 1739 potuisse
1149 1686 1193 1726 in
1217 1685 1377 1738 justam
1407 1681 1664 1725 satisfactio-

102 1770 198 1797 nem
228 1756 429 1810 reputari,
458 1756 658 1798 Bellarm.
689 1757 738 1798 de
767 1756 943 1810 Purgat.
973 1756 1062 1798 Lib.
1094 1758 1129 1798 1.
1160 1772 1192 1798 c.
1217 1757 1253 1797 2.
1282 1755 1410 1808 (unde
1433 1757 1531 1796 sunt
1554 1754 1666 1795 inter

103 1825 290 1869 Jesuitas
334 1828 406 1880 qui
447 1827 560 1870 hunc
600 1828 810 1870 latronem
849 1827 879 1869 C
890 1828 917 1869 h
930 1844 950 1869 r
961 1828 975 1869 i
987 1844 1005 1869 s
1015 1828 1059 1869 ti
1095 1826 1140 1868 M
1153 1843 1176 1868 a
1186 1843 1206 1869 r
1217 1830 1235 1868 t
1247 1842 1273 1881 y
1285 1842 1305 1868 1·
1316 1842 1337 1868 0
1347 1842 1390 1868 111
1429 1825 1665 1880 appellant)

105 1898 277 1940 omnino
306 1902 519 1953 repugnat
544 1899 789 1953 Scripturae
821 1902 863 1942 et
891 1902 1031 1942 rectae
1060 1899 1216 1941 rationi
1228 1915 1236 1949 3
1265 1914 1293 1940 11
1305 1913 1328 1940 a
1340 1914 1383 1939 111
1413 1912 1440 1950 q
1450 1898 1501 1938 ui
1529 1912 1556 1951 p
1568 1911 1591 1938 a
1602 1898 1620 1937 t
1631 1895 1666 1936 i-

104 1972 192 2011 tur
235 1971 390 2022 quasi
432 1970 731 2023 homicida,
775 1973 866 2012 aut
908 1971 1014 2022 fur,
1059 1973 1150 2012 aut
1190 1969 1491 2020 maleficus,
1523 1968 1543 2009 1
1575 1966 1665 2008 Pet.

105 2040 142 2093 3,
173 2041 234 2082 15.
260 2041 331 2082 ille
363 2043 475 2083 certe
503 2056 590 2083 non
618 2042 782 2094 patitur
810 2057 888 2095 pro
919 2041 1103 2083 Christo.

158 2110 253 2153 XV.
291 2110 383 2154 Nec
423 2114 486 2154 est
515 2112 629 2165 quod
658 2112 751 2165 quis
779 2113 904 2163 dicat,
934 2128 961 2167 p
974 2113 1104 2154 rivil
1120 2113 1240 2166 egia
1268 2128 1295 2166 p
1309 2127 1369 2153 au
1382 2126 1563 2154 corum
1593 2125 1668 2152 re-

107 2199 135 2237 g
145 2184 231 2225 ula
241 2199 283 2224 m
319 2199 347 2224 n
359 2199 382 2226 o
394 2199 422 2226 n
452 2184 502 2225 fa
513 2199 534 2226 c
551 2199 571 2226 e
583 2200 603 2225 r
616 2199 649 2226 e.
678 2183 792 2227 Nam
818 2184 929 2226 idem
959 2185 1218 2238 promissum
1249 2184 1445 2226 omnibus
1473 2182 1666 2225 fidelibus

105 2255 267 2298 factum
292 2258 368 2308 est,
398 2256 537 2308 quod
565 2271 668 2298 non
696 2257 920 2298 venient
949 2256 1001 2298 in
1025 2256 1294 2309 judicium
1323 2255 1414 2297 sed
1436 2254 1668 2296 transie-

107 2329 233 2368 runt
258 2342 282 2368 a
306 2329 478 2369 morte
504 2327 564 2369 ad
588 2328 776 2380 vitam,
793 2327 1015 2380 Joh.5,14.
1033 2327 1204 2381 Super
1229 2341 1359 2380 quos
1384 2341 1489 2368 non
1513 2325 1667 2368 cadet

109 2413 127 2439 s
139 2398 211 2450 ol,
248 2413 277 2439 11
289 2413 310 2440 0
323 2413 344 2440 0
382 2413 406 2439 a
417 2413 438 2440 e
450 2401 535 2440 stu
546 2413 584 2449 s;
625 2414 727 2452 ergo
765 2414 851 2442 non
887 2400 1000 2454 ignis
1038 2400 1325 2454 purgatorius,
1363 2399 1499 2452 Apoc.
1539 2399 1573 2450 7,
1606 2398 1667 2438 14.

107 2469 207 2512 Ideo
237 2470 377 2512 anima
406 2470 567 2522 Lazari,
597 2471 723 2512 simul
753 2487 801 2513 ac
831 2486 851 2513 e
882 2486 1061 2525 corpore
1090 2486 1262 2524 egressa
1289 2471 1383 2522 fuit,
1416 2470 1467 2511 ab
1491 2469 1668 2522 Angelis

108 2541 152 2582 in
190 2542 327 2583 sinum
364 2542 564 2584 Abrahae
602 2543 743 2585 delata
782 2545 857 2595 est,
887 2544 959 2585 ubi
987 2543 1279 2585 consolatione
1306 2542 1539 2593 fruebatur,
1569 2539 1668 2582 Luc.

111 2613 173 2665 16,
214 2614 277 2655 22.
316 2613 434 2667 Ergo
477 2628 563 2655 non
601 2614 731 2656 sensit
771 2615 908 2662 ὠδῖνας
944 2615 1215 2669 gravissimas
1253 2615 1297 2656 in
1324 2612 1590 2667 purgatorio.
1620 2610 1670 2652 111

110 2683 191 2725 hac
239 2685 321 2727 fide
362 2685 604 2737 morientes,
644 2687 942 2739 cupiebant
980 2687 1152 2740 magis
1191 2687 1460 2739 emigrare
1500 2699 1521 2725 e
1559 2697 1670 2725 cor-

111 2770 243 2809 pore
281 2760 332 2798 et
372 2760 695 2810 praesentes
733 2773 848 2800 esse
886 2758 1025 2812 apud
1053 2757 1358 2808 Dominum,
1387 2757 1411 2797 2
1441 2755 1534 2797 Cor.
1565 2755 1602 2806 5,
1631 2754 1668 2795 8.

114 2827 348 2870 dissolvi
392 2831 442 2870 et
486 2843 600 2870 esse
644 2844 756 2871 cum
799 2829 1038 2881 Christo,
1082 2829 1193 2870 Phil.
1232 2829 1267 2880 1,
1306 2828 1369 2869 23.
1399 2826 1568 2879 Nempe
1598 2824 1672 2877 qui

114 2900 315 2953 sciebant,
352 2902 496 2943 velle
533 2901 777 2953 Dominum,
806 2903 854 2943 ut
888 2916 1020 2953 quos
1050 2900 1200 2942 dedit
1228 2900 1335 2953 ipsi
1365 2898 1549 2950 Pater,
1579 2896 1672 2937 ubi

111 2970 209 3012 ille
247 2974 349 3024 est,
389 2973 500 3015 sint
538 2974 666 3015 etiam
705 2988 816 3015 011111
851 2973 975 3024 1110,
1007 2974 1057 3014 et
1085 2972 1308 3013 videant
1336 2970 1568 3024 gloriam
1597 2971 1671 3021 ip·-
