1931 3224
280 128 359 169 576
827 131 1069 175 DISPUTATIO
1098 134 1292 177 XLVIII.

277 251 338 292 ad
366 252 621 306 politiam
649 253 1022 299 Israeliticam
1044 258 1326 311 pertinere
1350 273 1628 314 negamus,
1653 263 1710 302 ut
1733 275 1837 303 non
1904 286 1919 310 ,-

277 322 388 363 sint
420 323 562 375 juris
598 324 797 378 divini,
829 327 976 369 omni
1004 330 1249 384 tempore
1279 345 1337 372 ex
1364 330 1683 374 honestatis
1713 332 1836 386 lege
1907 319 1919 388 J

275 394 542 436 servandi

330 464 383 506 II.
413 464 820 510 Matrimonium
848 470 899 511 in
929 484 1054 512 casu
1084 471 1350 515 adulterii
1379 474 1463 516 vel
1486 475 1731 527 injustae
1757 474 1837 516 de-

276 535 542 578 sertionis
570 537 846 593 infidelis,
879 543 1055 594 quoad
1083 543 1363 586 vinculum
1392 546 1577 598 etiam,
1603 545 1837 587 dissolvi

275 607 637 662 affirmamus,
681 611 758 652 ita
799 614 857 653 ut
897 613 1144 656 divortio
1190 615 1444 669 legitime
1479 616 1650 669 facto,
1689 617 1837 659 inno-

276 693 400 721 cens
430 695 454 721 a
482 681 695 734 nuptiis
725 683 902 725 arceri
931 699 1034 726 non
1071 685 1276 728 debeat.

328 749 403 792 III.
434 750 865 807 Matrimonium,
892 756 1068 807 quoad
1092 757 1389 811 vinculum,
1414 760 1498 802 ve]
1523 760 1696 813 quoad
1722 760 1837 802 tho·
1910 788 1912 790 -

275 836 405 871 rum,
434 822 517 864 vel
547 823 1046 879 cohabitationem,
1075 842 1170 881 per
1197 831 1381 871 votum
1409 834 1500 872 aut
1529 831 1838 886 ingressum
1917 873 1919 876 .

274 891 327 933 in
365 893 711 947 religionem,
748 898 806 937 ut
834 901 1054 948 vocant,
1086 899 1319 943 dissolvi
1347 917 1532 955 posse,
1561 918 1837 957 negamus.

326 962 400 1005 IV.
430 963 763 1008 Consensum
790 972 1102 1023 parentum,
1133 986 1447 1025 expressum
1475 974 1560 1016 vel
1586 975 1837 1028 tacitum,
1915 1014 1917 1016 .

274 1037 588 1078 necessario
632 1039 843 1091 requiri
884 1041 947 1082 ad
983 1043 1393 1086 matrimonium
1429 1045 1682 1099 legitime
1721 1060 1838 1088 con-

272 1105 619 1161 trahendum,
650 1108 1009 1153 affirmamus.

914 1317 1199 1324 —————-———

681 1482 1156 1534 DISPUTATIO
1205 1487 1428 1535 XLVIII.

1031 1631 1077 1652 DE

507 1728 953 1817 Disciplina
1008 1734 1586 1804 Ecclesiastica.

591 1885 788 1928 Praeside
839 1884 890 1927 D.
943 1884 1208 1930 ANTONIO
1251 1887 1518 1930 WALAEO.

631 1985 907 2036 Respondente
936 1986 960 2024 J
965 1985 1117 2026 OHAN
1120 1987 1191 2026 NE
1220 1987 1482 2027 LIVENSIO.

925 2101 1118 2143 THESIs
1157 2101 1189 2143 I.

431 2206 519 2233 Ioui*
557 2206 635 2233 nec
670 2190 846 2242 familia,
885 2205 962 2232 nec
989 2190 1242 2243 respublica,
1272 2205 1349 2233 nec
1377 2191 1464 2233 ulla
1491 2191 1678 2233 humana
1706 2192 1839 2234 socie—

341 2259 357 2306 λ
430 2266 496 2305 tas
534 2263 624 2305 sine
661 2263 805 2316 legum
843 2277 892 2304 ac
930 2261 1177 2315 disciplinae
1214 2262 1381 2305 vinculo
1421 2263 1651 2305 consistere
1680 2265 1837 2316 potest,

270 2334 332 2375 ita
368 2349 445 2376 nec
484 2333 699 2376 Ecclesiae
738 2332 894 2375 Christi
935 2347 1009 2374 sua
1046 2332 1274 2386 integritas
1311 2333 1354 2375 in
1394 2333 1478 2376 hoc
1505 2333 1662 2375 mundo
1694 2335 1838 2386 potest
1906 2379 1910 2383 ,

270 2407 478 2458 constare,
520 2405 603 2447 nisi
645 2408 761 2447 certo
795 2404 995 2458 regimini
1028 2406 1156 2457 atque
1180 2404 1343 2447 idoneis
1367 2405 1535 2459 legibus
1560 2405 1616 2447 sit
1641 2405 1835 2457 astricta3

271 2492 347 2530 per
386 2492 494 2530 quae
533 2477 636 2519 ordo
676 2478 765 2530 ejus
804 2478 846 2518 et
889 2475 1058 2527 εὐταξία
1105 2476 1303 2518 adversus
1333 2476 1480 2528 carnis,
1511 2476 1657 2518 mundi
1685 2491 1733 2518 ac
1761 2475 1836 2519 Sa-

271 2551 396 2591 tanae
424 2548 593 2591 fraudes
623 2563 671 2590 ac
699 2548 942 2590 molitiones
972 2548 1176 2590 inviolata
1207 2551 1489 2591 conservetur.

323 2619 378 2663 II.
418 2620 513 2663 Hoc
550 2620 764 2663 Ecclesiae
801 2619 994 2673 regimen
1035 2620 1165 2673 vulgo
1197 2620 1420 2674 disciplina
1447 2619 1662 2662 Ecclesiae
1691 2618 1836 2674 appel-

270 2690 404 2743 latur3
435 2707 561 2744 quam
591 2690 785 2733 Christus
815 2691 996 2733 clavium
1024 2691 1196 2733 n'omine
1224 2690 1348 2733 Matt.
1366 2691 1443 2741 ¹16,
1474 2692 1535 2733 19.
1562 2691 1769 2744 designat,
1794 2693 1836 2732 et
1904 2718 1906 2721 ·

270 2762 505 2815 Apostolus
543 2763 567 2804 2
606 2762 699 2805 Gor.
740 2763 803 2815 10,
843 2763 879 2804 8.
917 2765 1177 2817 potestatem
1217 2763 1420 2817 appellat,
1460 2778 1569 2816 quae
1598 2778 1622 2804 a
1648 2762 1834 2804 Domino

273 2832 370 2874 data
400 2836 475 2885 est,
504 2849 590 2876 non
619 2834 671 2876 ad
700 2834 1030 2886 subversionem,
1062 2834 1134 2876 sed
1164 2834 1216 2875 ad
1246 2834 1594 2876 aedificationem.

325 2902 400 2945 ΙΙΙ.
430 2904 509 2946 Est
538 2908 681 2948 autem
708 2906 814 2948 haec
841 2908 1032 2960 potestas
1060 2907 1152 2947 tota
1181 2904 1480 2957 ministerialis,
1509 2904 1678 2946 Christo
1705 2906 1833 2958 atque
1912 2923 1914 2925 >

274 2973 362 3026 ejus
411 2975 540 3016 verbo
591 2991 668 3028 per
718 2977 862 3018 omnia
912 2976 1113 3029 subjecta.
1163 2975 1277 3018 Nam
1328 2976 1442 3018 solus
1488 2974 1681 3017 Christus
1723 2977 1833 3017 tam-
