1931 3224
252 179 330 221 368
560 183 562 185 ’
805 175 1049 217 DISPUTATIO
1078 173 1256 216 XXXV.

251 302 509 345 abstinentia
547 303 695 342 nostra
729 314 800 341 eos
829 300 874 340 in
901 298 1035 352 impia
1063 313 1138 340 sua
1167 299 1471 352 superstitione
1500 301 1806 353 confirmemus,

250 376 324 415 aut
352 373 511 426 alioqui
538 372 670 413 firmis
701 374 742 413 et
770 373 814 413 in
842 370 1040 412 libertate
1069 385 1145 412 sua
1172 370 1279 412 bene
1307 371 1516 412 institutis
1546 373 1807 425 praejudice-

248 457 353 484 mus.
391 441 490 484 Ideo
527 441 686 483 Paulus
724 442 973 495 gravissime
1011 441 1283 495 reprehendit
1319 441 1506 494 Petrum,
1536 443 1608 495 qui
1637 443 1736 484 dum
1765 458 1808 485 se

249 529 273 554 a
312 512 518 555 Gentibus
555 513 819 564 subduceret,
856 526 908 553 ne
938 511 1125 553 Judaeos
1155 511 1397 563 offenderet,
1427 512 1506 553 hos
1535 513 1579 553 in
1609 528 1684 554 sua
1711 528 1808 566 per-

247 584 404 626 tinacia
447 584 739 635 confirmabat,
780 583 878 625 illos
920 582 1259 625 dissimulatione
1307 598 1383 624 sua
1422 583 1676 636 offendebat,
1717 584 1808 626 Gal.

249 659 283 708 2,
324 656 385 697 11.
424 655 483 696 At
518 654 769 707 prudentiae
800 653 1067 695 Christianae
1095 653 1139 694 in
1166 656 1346 706 utraque
1377 655 1596 696 occasione
1626 654 1809 709 speciem

248 726 434 768 ostendit
471 725 643 777 Paulus,
684 739 779 767 cum
815 724 1090 767 Timotheum
1128 724 1403 778 circumcidit,
1441 725 1702 767 infirmitatis
1731 725 1808 767 Ju-

246 797 447 838 daeorum
475 797 687 838 rationem
722 795 897 848 habens,
936 796 1031 837 Act.
1071 796 1134 847 16,
1172 796 1209 837 3.
1247 794 1393 836 Titum
1421 796 1562 837 noluit
1590 796 1808 838 circumci-

246 868 353 918 dere,
388 868 488 909 dum
525 867 724 909 adversus
765 867 1005 909 obstinatos
1045 869 1087 908 et
1123 866 1395 908 insidiatores
1432 867 1538 908 vidit
1566 867 1808 910 libertatem
1845 871 1848 873 ’

244 937 530 979 Christianam
560 953 650 980 esse
680 937 998 990 defendendam,
1027 937 1118 979 Gal.
1147 938 1184 989 2,
1214 938 1250 979 3.
1279 937 1317 978 4.

295 1009 538 1052 XXXVIII.
576 1010 656 1051 Illa
695 1012 838 1052 autem
876 1010 979 1051 fides
1018 1023 1126 1062 quae
1157 1008 1259 1061 quid
1286 1008 1330 1049 in
1357 1008 1409 1050 iis
1438 1009 1564 1051 rebus
1593 1010 1706 1062 licet,
1736 1010 1806 1052 de-

242 1082 457 1134 terminat,
488 1081 616 1123 simul
644 1081 773 1123 etiam
802 1081 936 1134 docet,
964 1081 1208 1123 libertatem
1231 1082 1424 1121 nostram
1447 1095 1612 1138 semper
1635 1095 1806 1122 manere

242 1153 467 1206 illibatam,
508 1153 589 1195 etsi
624 1168 702 1195 nos
739 1153 918 1194 infirmis
948 1152 1154 1193 fratribus
1183 1153 1559 1204 accommodemus.
1590 1151 1699 1201 Quia
1727 1152 1806 1194 dis-

241 1225 404 1278 tinguit
431 1225 543 1267 inter
571 1225 817 1267 libertatem
843 1225 995 1278 ipsam,
1025 1226 1066 1266 et
1094 1224 1308 1265 libertatis
1332 1238 1467 1276 usum,
1493 1226 1534 1265 et
1560 1238 1655 1264 cum
1678 1223 1807 1265 liber-

242 1299 308 1338 tas
344 1296 389 1337 in
428 1296 687 1338 conscientia
716 1296 783 1347 sit,
816 1310 864 1337 ac
891 1294 1032 1337 Deum
1058 1295 1274 1348 respiciat,
1304 1309 1403 1336 usus
1436 1296 1578 1336 autem
1606 1293 1651 1335 in
1679 1293 1805 1336 rebus

242 1368 426 1410 externis
454 1370 657 1419 versetur,
686 1368 730 1408 in
761 1366 913 1420 quibus
942 1366 1164 1419 negotium
1192 1366 1230 1407 ei
1259 1368 1323 1407 est
1352 1380 1438 1407 non
1468 1380 1563 1407 cum
1592 1365 1682 1407 solo
1712 1364 1804 1406 Deo

241 1440 313 1481 sed
342 1454 438 1481 cum
465 1439 724 1490 hominibus,
749 1438 914 1491 judicat
945 1438 1057 1491 apud
1082 1453 1153 1479 eos
1181 1452 1286 1479 non
1316 1437 1494 1478 omnia
1523 1436 1803 1490 expedire,

242 1526 336 1552 cum
375 1511 553 1552 omnia
588 1510 818 1561 liceant,
849 1511 869 1551 1
903 1509 996 1551 Cor.
1026 1510 1063 1561 6,
1096 1510 1158 1550 12.
1189 1511 1230 1551 et
1259 1508 1455 1550 libertate
1484 1508 1689 1549 utendum
1717 1521 1804 1548 non

240 1596 350 1633 esse,
378 1581 490 1622 nisi
518 1580 578 1622 ad
607 1579 1081 1632 aedificationem,
1112 1578 1235 1621 Rom.
1267 1580 1328 1631 14,
1359 1580 1420 1621 19.

290 1651 489 1694 XXXIX.
530 1651 753 1701 Quomodo
793 1652 922 1693 etiam
950 1651 1194 1692 libertatem
1223 1650 1578 1692 conscientiarum
1608 1665 1695 1693 non
1724 1650 1803 1692 im-

236 1723 373 1778 pediri
411 1723 694 1778 agnoscimus,
735 1723 834 1776 quia
869 1737 957 1764 non
993 1723 1100 1776 ipsa,
1136 1722 1209 1764 sed
1246 1724 1414 1764 tantum
1446 1737 1553 1775 opus
1582 1723 1803 1763 externum

235 1796 408 1849 ligatur,
438 1810 533 1837 cum
556 1809 699 1837 rerum
727 1794 963 1836 mediarum
987 1808 1087 1835 usus
1113 1796 1330 1835 coercetur
1353 1808 1431 1847 per
1453 1793 1591 1846 legem
1617 1793 1804 1846 aliquam

235 1867 469 1919 politicam,
508 1867 576 1908 vel
614 1865 965 1908 constitutionem
1002 1864 1366 1907 Ecclesiasticam:
1401 1864 1516 1906 Deus
1547 1864 1660 1906 enim
1688 1865 1802 1907 solus

235 1938 409 1992 proprie
433 1937 714 1979 conscientias
737 1937 859 1991 ligat,
884 1939 932 1978 ut
957 1936 1152 1978 diximus.
1177 1935 1259 1978 Sed
1273 1938 1417 1978 tamen
1432 1935 1710 1989 Magistratus
1726 1936 1801 1977 ali-

237 2009 404 2062 quando
430 2008 708 2062 Reipublicae
733 2008 846 2050 bono
870 2008 1032 2061 aliquid
1055 2023 1132 2061 per
1161 2022 1205 2049 se
1238 2007 1458 2062 οὲδιοέφορον
1487 2009 1632 2060 potest
1651 2007 1800 2060 jubere

233 2082 281 2121 ut
303 2080 390 2132 fiat,
416 2080 483 2121 vel
507 2079 734 2133 prohibere
758 2094 810 2121 ne
832 2079 927 2130 fiat3
955 2081 998 2121 et
1021 2078 1211 2121 Ecclesia
1231 2082 1409 2132 propter
1431 2077 1628 2129 εὐταξίανζ
1639 2078 1801 2131 aliquid

233 2152 277 2192 in
314 2151 442 2193 simili
477 2151 657 2193 materia
693 2150 962 2203 constituere,
991 2151 1052 2192 ita
1081 2152 1129 2192 ut
1156 2152 1301 2192 tamen
1328 2150 1373 2191 in
1402 2149 1680 2192 conscientias
1707 2149 1800 2191 nul-

233 2223 321 2264 lum
359 2223 441 2264 sibi
479 2225 618 2264 sumat
653 2222 899 2277 imperium:
939 2237 1022 2275 quo
1053 2236 1152 2265 casu
1182 2224 1372 2276 excepto,
1402 2236 1525 2267 nemo
1556 2221 1799 2264 rebellionis

234 2293 387 2345 studio,
431 2293 538 2335 citra
574 2295 810 2346 peccatum,
849 2293 1009 2335 talibus
1048 2293 1425 2335 constitutionibus
1461 2293 1691 2346 resisteret,
1725 2295 1798 2335 aut

228 2365 323 2417 jure
351 2364 659 2419 refragaretur3
691 2365 765 2418 qui
792 2365 936 2419 potius
965 2365 1064 2406 dum
1093 2364 1396 2407 conscientiam
1424 2379 1544 2406 suam
1570 2364 1682 2406 tueri
1709 2364 1798 2406 vel-

230 2436 303 2489 let,
347 2451 440 2478 eam
480 2437 525 2478 in
561 2437 795 2491 periculum
835 2437 1073 2489 adduceret,
1112 2439 1263 2490 utpote
1302 2451 1409 2489 quae
1438 2436 1493 2478 ob
1522 2435 1796 2478 rebellionem

231 2507 432 2550 damnum
460 2510 692 2561 pateretur.

283 2578 369 2621 XL.
401 2578 506 2621 Cum
534 2581 676 2621 autem
705 2579 780 2633 qui
808 2593 857 2621 ea
885 2579 1180 2632 praescribunt
1210 2578 1263 2632 (si
1293 2579 1463 2632 quidem
1487 2578 1582 2631 jure
1607 2592 1682 2620 suo
1708 2592 1794 2620 non

230 2651 473 2704 abutantur,
511 2666 589 2693 nec
616 2650 775 2692 limites
799 2651 1110 2703 jurisdictionis
1139 2665 1238 2692 suae
1265 2649 1584 2702 transcendant)
1614 2664 1701 2691 non
1729 2649 1794 2690 in-

230 2723 406 2764 tendant
446 2737 512 2764 res
554 2722 714 2766 medias
755 2722 893 2764 facere
929 2722 1179 2775 simpliciter
1216 2722 1486 2773 necessarias,
1524 2720 1596 2762 sed
1623 2723 1793 2771 tantum

231 2809 281 2835 ex
317 2794 551 2847 hypothesi
591 2794 1005 2836 circumstantiarum
1034 2794 1087 2836 ob
1119 2808 1223 2846 quas
1251 2793 1516 2846 imperantur
1543 2793 1617 2833 aut
1644 2781 1792 2844 prohi-

230 2864 404 2916 bentur3
434 2880 520 2907 non
548 2866 756 2919 peccabit,
785 2865 858 2918 qui
887 2865 1151 2908 cessantibus
1181 2863 1522 2915 circumstantiiS,
1548 2865 1668 2904 extra
1692 2877 1791 2904 con-

229 2939 418 2990 temptus
444 2940 486 2979 et
511 2937 700 2979 scandali
725 2953 881 2990 casum,
905 2937 1156 2992 praesertim
1176 2937 1211 2978 si
1237 2937 1348 2978 adsit
1363 2934 1629 2978 necessitatis
1645 2934 1790 2986 telum,

228 3007 440 3050 libertatis
478 3023 577 3050 suae
614 3024 737 3052 usum
764 3011 943 3062 repetet,
978 3009 1086 3051 tales
1117 3008 1229 3050 enim
1258 3007 1583 3050 constitutiones
1612 3008 1714 3048 tunc
1741 3005 1792 3046 li-
