1931 3224
742 135 805 178 DE
835 136 862 178 J
865 150 1082 178 URAMENTO.
1621 139 1696 180 177

135 274 238 300 non
286 274 404 302 revo
419 261 642 312 cabitur,
695 261 821 302 mihi
871 261 1209 302 incurvatum
1259 260 1326 302 iri
1365 275 1479 301 omn
1493 276 1514 302 e
1553 276 1698 314 genu,

131 332 439 383 juraturam
478 347 680 374 omnem
716 332 792 373 lin
805 347 969 386 guam.
1008 331 1065 373 Et
1084 338 1086 340 ’
1102 331 1173 373 Es
1212 331 1275 383 65,
1316 331 1376 372 16.
1419 332 1468 373 de
1505 335 1699 386 tempore

134 400 250 444 Novi
301 402 564 445 Testamenti
614 418 756 457 agens,
799 402 897 452 Qui
939 403 1045 445 sibi
1085 403 1113 444 b
1126 402 1380 445 enedictu
1392 417 1480 443 rus
1525 405 1606 444 est
1647 403 1699 444 in

135 477 305 526 terra,
342 475 632 517 benedicat
670 475 777 516 sibi
813 490 840 528 p
855 489 907 516 er
942 473 1105 516 Deum
1132 473 1303 525 firmi,
1334 476 1383 515 et
1408 475 1698 526 juraturus

134 546 186 587 in
224 548 394 598 terra,
428 547 578 599 juret
616 562 643 600 p
657 561 709 588 er
744 546 783 587 D
798 561 909 588 eum
944 546 1068 587 firm
1081 546 1107 586 i.
1148 544 1251 587 Tale
1288 545 1537 587 vaticinium
1571 545 1700 586 etiam

135 619 274 659 exstat
312 617 339 658 J
343 632 397 659 er.
427 619 464 669 5,
493 619 529 660 2.
560 620 602 659 et
631 619 694 669 12,
725 618 786 659 16.
816 617 975 670 Ecquis
1004 632 1104 659 vero
1133 617 1243 658 ausit
1272 631 1469 669 asserere,
1498 617 1604 658 illud
1633 617 1698 658 in-

134 688 361 730 terdictum
400 704 488 730 esse
521 688 716 730 fidelibus
744 688 858 731 Novi
889 688 1162 741 Testamenti,
1195 689 1308 741 quod
1336 688 1451 731 Deus
1479 691 1699 741 tamquam

135 760 348 813 singulare
375 760 626 802 beneficium
653 760 705 801 iis
734 775 777 802 se
804 761 1112 813 praestiturum
1139 760 1386 813 promittit?

187 830 240 873 X.
280 831 426 873 Tertio
463 831 576 873 idem
605 831 760 873 invicte
788 831 997 885 probatur
1026 847 1076 873 ex
1105 831 1321 884 exemplis,
1353 847 1460 884 quae
1489 846 1575 873 non
1602 834 1698 873 tan-

134 904 225 943 tum
255 901 299 943 in
327 902 475 944 Veteri
498 902 773 944 Testamento
800 905 1038 954 occurrunt,
1065 902 1137 943 sed
1162 902 1290 943 etiam
1314 903 1358 943 in
1382 901 1519 944 Novo.
1546 903 1698 944 Exem-

135 973 206 1026 pla
243 972 412 1015 Veteris
441 973 705 1015 Testamenti
734 989 758 1015 a
786 973 878 1015 Deo
906 974 1001 1027 ipso
1031 974 1249 1027 praestita,
1279 976 1352 1015 aut
1376 974 1570 1027 probata,
1600 976 1698 1015 sunt

78 1038 81 1040 v
133 1044 292 1098 ubique
331 1044 457 1086 obvia
495 1047 536 1086 et
575 1044 863 1086 controversia
902 1047 1046 1086 carent
1058 1061 1066 1095 3
1107 1045 1300 1098 exempla
1340 1059 1448 1097 quae
1487 1045 1531 1086 in
1572 1044 1697 1087 Novo

135 1117 317 1167 exstant,
355 1130 441 1158 non
478 1118 576 1157 sunt
611 1116 751 1157 minus
786 1115 982 1157 illustria.
1022 1115 1257 1169 Apostolus
1286 1115 1410 1157 Rom.
1442 1116 1504 1167 14,
1535 1116 1596 1158 11.
1628 1117 1698 1158 de-

133 1189 355 1239 monstrat,
383 1202 461 1229 nos
490 1202 634 1229 omnes
663 1188 973 1242 comparituros
1004 1202 1094 1229 esse
1124 1202 1266 1229 coram
1293 1187 1498 1229 tribunali
1528 1187 1699 1240 Christi,

134 1259 234 1312 quia
276 1259 481 1313 scriptum
524 1262 598 1309 est,
647 1258 784 1301 Vivo
825 1274 943 1313 ego,
981 1259 1117 1301 dicit
1155 1259 1436 1311 Dominus,
1476 1259 1609 1300 mihi
1647 1274 1698 1301 se

132 1330 208 1373 fle
221 1334 269 1372 ct
281 1334 333 1373 at
371 1346 394 1373 0
406 1347 486 1373 11111
499 1347 520 1373 6
559 1346 587 1385 g
599 1346 620 1373 e
630 1347 658 1372 n
669 1347 696 1372 u
708 1364 717 1382 ,
748 1334 789 1373 et
817 1331 860 1372 in
889 1331 1087 1384 Epistola
1115 1331 1167 1372 ad
1197 1330 1304 1372 Heb.
1336 1346 1426 1384 cap.
1458 1332 1493 1382 7,
1523 1331 1585 1373 20.
1617 1331 1698 1372 col-

132 1402 229 1455 ligit
271 1403 518 1456 Apostolus,
562 1402 720 1445 Christi
763 1402 1046 1444 sacerdotium
1089 1416 1178 1443 esse
1222 1402 1529 1455 praestantius,
1569 1417 1697 1454 quam

132 1472 378 1526 Leviticum,
410 1475 509 1528 quia
538 1474 878 1528 interposito
908 1473 946 1514 D
961 1474 1005 1515 ei
1031 1474 1416 1526 jurejurando,
1443 1474 1696 1515 sacerdos

133 1543 274 1586 Novi
311 1545 523 1587 Testam
537 1546 648 1587 enti
687 1548 767 1587 est
805 1545 1006 1596 factus,
1047 1559 1153 1597 quae
1191 1544 1321 1586 verba
1360 1544 1439 1585 etsi
1468 1559 1519 1585 ex
1549 1543 1696 1586 Veteri

135 1615 408 1659 Testamento
440 1617 634 1662 citentur,
659 1619 802 1658 tamen
827 1632 921 1658 cum
944 1616 1007 1658 vis
1033 1618 1075 1657 et
1101 1616 1273 1657 effectus
1298 1630 1443 1657 eorum
1469 1616 1545 1657 sub
1571 1615 1696 1658 Novo

134 1687 301 1729 demum
341 1688 613 1730 Testamento
652 1689 775 1742 plene
812 1688 941 1730 fuerit
980 1687 1253 1738 exhibendus,
1283 1687 1422 1742 ipsum
1448 1687 1554 1728 illud
1578 1688 1594 1739 j
1601 1702 1695 1728 ura-

132 1762 322 1801 mentum
366 1760 418 1800 ad
460 1759 574 1801 Novi
616 1759 878 1801 Testamenti
919 1762 1087 1812 tempus
1131 1759 1302 1800 omnino
1340 1761 1517 1812 spectat.
1557 1758 1695 1807 Quum

133 1833 275 1872 autem
312 1831 427 1872 Deus
464 1831 592 1873 Pater
630 1831 844 1872 Christum
883 1831 1146 1872 sacerdotem
1183 1829 1298 1872 Novi
1327 1830 1591 1872 Testamenti
1619 1846 1696 1883 per

126 1903 423 1956 jusjurandum
451 1902 742 1953 constituerit;
774 1902 967 1943 Christus
996 1917 1095 1944 vero
1124 1902 1215 1955 ipse
1247 1916 1391 1943 omnes
1421 1901 1502 1943 sibi
1532 1902 1695 1954 subjec-

130 1977 222 2016 tum
259 1974 325 2026 iri,
353 1975 398 2015 in
426 1973 550 2016 Novo
580 1974 853 2016 Testamento
884 1976 1030 2027 aperte
1055 1973 1276 2027 juraverit,
1307 1973 1498 2025 sequitur
1528 1973 1695 2015 eviden-

130 2049 207 2098 ter,
238 2050 279 2088 et
307 2046 446 2088 Deum
474 2046 647 2088 Patrem
676 2049 718 2088 et
746 2046 962 2087 Christum
987 2045 1219 2098 juramenti
1247 2059 1370 2086 usum
1400 2060 1475 2086 suo
1502 2045 1694 2098 exemplo

131 2117 393 2160 confirmare.

182 2188 255 2232 XI.
293 2190 392 2232 Alia
430 2190 621 2244 exempla
654 2189 770 2232 Novi
798 2189 1060 2231 Testamenti
1088 2189 1201 2231 idem
1230 2204 1399 2242 quoque
1428 2188 1693 2232 confirmant.

128 2259 242 2303 Nam
279 2263 327 2302 ut
364 2261 580 2303 solennem
616 2261 733 2302 illam
772 2261 1130 2303 asseverationem
1162 2259 1334 2312 Christi,
1363 2260 1513 2313 Amen,
1542 2261 1693 2313 Amen,

124 2333 214 2384 jam
242 2336 517 2386 praeteream,
548 2332 783 2386 Apostolus
811 2332 970 2374 Paulus
993 2332 1117 2374 Rom.
1144 2333 1181 2384 9,
1208 2333 1244 2374 1.
1270 2332 1442 2385 plenam
1461 2333 1695 2385 juramenti

128 2403 309 2446 formam
325 2404 539 2458 exprimit,
556 2419 687 2457 quum
700 2404 860 2457 inquit:
886 2403 1044 2446 Verit
1057 2406 1195 2445 atem
1220 2404 1339 2445 dico
1368 2404 1422 2445 in
1446 2403 1690 2456 Christo,

127 2489 230 2516 non
268 2475 524 2527 mentior,
563 2474 908 2517 conscientia
945 2489 1057 2516 mea
1095 2474 1227 2516 mihi
1265 2476 1570 2517 attestante
1599 2490 1626 2528 p
1641 2490 1693 2517 61·

127 2545 395 2600 Spiritum
432 2546 710 2598 Sanctum,
743 2548 784 2588 et
813 2547 837 2586 2
867 2544 958 2588 Cor.
990 2546 1026 2597 1,
1056 2546 1119 2587 23.
1149 2545 1261 2599 Ego
1291 2544 1452 2587 Deum
1481 2548 1692 2597 testem,

125 2618 251 2661 invo
265 2632 320 2660 60
351 2618 404 2659 111
434 2618 660 2659 animam
690 2633 731 2658 m
745 2632 868 2658 eam.
899 2616 1262 2666 Quemadmodum
1294 2619 1335 2658 et
1363 2617 1416 2658 ad
1438 2616 1560 2658 Rom.
1588 2617 1624 2669 1,
1653 2617 1690 2658 9.

127 2692 169 2731 et
206 2689 318 2732 Phil.
357 2691 393 2742 1,
433 2690 469 2731 8.
509 2689 692 2731 Testis
727 2691 807 2730 est
843 2687 976 2729 mihi
1009 2687 1048 2729 D
1063 2703 1153 2729 eus
1184 2688 1268 2729 cui
1296 2688 1489 2729 servio.
1521 2687 1590 2730 Sic
1620 2688 1691 2730 de-

125 2761 255 2814 nique
270 2761 462 2815 Angelus
488 2762 639 2814 jurat
667 2775 762 2813 per
790 2759 1066 2801 viventem
1097 2759 1148 2800 in
1173 2759 1355 2801 secula
1380 2759 1690 2803 seculorum

126 2832 262 2886 Apoc.
292 2833 353 2885 10,
383 2834 420 2875 6.

177 2903 272 2945 ΧΠ.
310 2903 429 2945 Idem
466 2902 646 2955 denique
676 2901 831 2944 evincit
854 2899 1086 2955 juramenti
1114 2899 1295 2954 legitimi
1323 2903 1476 2944 natura
1504 2917 1552 2945 ac
1580 2903 1688 2946 finis.

126 2974 266 3023 Quum
304 2976 416 3017 enim
442 2990 589 3017 verum
613 2966 903 3027 juramentum
932 2973 988 3014 sit
1018 2972 1224 3025 quaedam
1253 2971 1384 3015 divini
1412 2974 1597 3016 nominis
1625 2976 1690 3016 in-

1443 3046 1476 3073 12
