1931 3224
265 171 315 211 84
891 159 1131 200 Dmpnmm
1162 156 1213 198 X.

315 291 363 333 X.
394 290 503 331 Hinc
532 287 675 329 mundi
705 286 872 335 creatio,
904 286 994 324 tum
1023 280 1244 334 sigillatim
1272 277 1363 318 Deo
1388 276 1520 328 Patri,
1547 276 1568 316 1
1596 275 1689 317 Cor.
1715 275 1752 327 8,
1769 276 1806 316 6.

262 363 384 413 Filio,
413 361 510 402 Joh.
542 361 576 411 1,
606 360 641 399 3.
672 357 757 399 Col.
787 357 822 407 1,
854 356 913 395 16.
943 353 1051 394 Heb.
1081 352 1117 404 1,
1147 352 1183 392 2.
1213 350 1275 391 10.
1305 347 1484 401 Spiritui
1515 346 1684 399 Sancto,
1711 346 1811 389 Job.

261 436 322 484 33,
362 433 398 473 4.
439 434 528 472 111111
568 428 834 481 conjunctim,
874 427 946 466 aut
982 423 1102 464 Patri
1131 424 1172 464 et
1201 421 1323 471 Filio,
1353 421 1401 460 ut
1431 420 1452 460 1
1483 417 1576 460 Cor.
1606 419 1642 470 8,
1671 419 1709 460 6.
1739 420 1812 460 aut

262 505 396 546 tribus
427 503 549 544 simul
579 500 770 555 personis
798 498 1010 547 tribuitur,
1040 497 1088 535 ut
1119 493 1218 535 Gen.
1250 492 1284 532 1.
1314 489 1384 532 Ps.
1414 490 1477 542 33,
1506 491 1543 531 6.

313 575 384 616 XI.
425 574 628 623 Ceterum,
668 574 714 612 ut
751 569 864 611 Deus
901 567 1028 608 Pater
1057 564 1262 618 singulari
1291 562 1473 615 quadam
1500 562 1667 603 ratione
1696 576 1739 603 se
1766 561 1811 603 in

261 646 403 688 mundi
447 644 655 686 creatione
697 640 945 695 patefecisse
989 638 1155 689 dicitur,
1196 635 1296 678 Gen.
1335 635 1371 686 1,
1412 635 1473 675 26.
1502 633 1704 674 nimirum
1730 632 1812 674 hoc

261 734 334 759 suo
377 729 566 757 sermone
596 713 647 755 ad
676 711 832 753 Filium
861 713 902 752 et
932 709 1139 763 Spiritum
1169 706 1383 757 Sanctum,
1413 704 1696 746 Faciamus
1724 703 1812 746 ho-

264 788 448 829 1111110111
493 785 553 827 ad
596 783 887 836 imaginem
930 782 1194 822 nostram:
1239 778 1299 819 sic
1334 777 1378 818 in
1416 776 1631 830 plerisque
1659 774 1812 817 Sacrae

259 858 501 910 Scripturae
530 856 644 906 locis,
677 851 1029 906 quemadmodum
1056 851 1099 892 in
1128 848 1331 903 Symbolo
1355 846 1626 900 Apostolico,
1653 846 1810 888 creatio

261 930 364 972 coeli
404 932 445 970 01
478 931 614 969 terrae
642 926 725 979 ipsi
755 934 846 967 now-⁹
879 922 1021 976 ἐξοχὴν
1051 937 1099 963 ac
1126 920 1397 980 peculiariter
1426 917 1688 960 attribuitur.

312 999 404 1041 XII.
441 998 590 1051 Neque
619 997 699 1039 hoc
729 996 824 1038 aliis
853 995 986 1037 officit
1016 993 1124 1035 sacri
1153 992 1316 1034 Codicis
1345 990 1616 1042 testimoniis,
1644 989 1690 1031 in
1719 989 1812 1042 qui-

259 1074 335 1114 bus
366 1071 521 1113 creatio
551 1069 686 1110 tribus
716 1067 908 1120 personis
939 1065 1091 1107 divinis
1125 1062 1403 1106 communiter
1431 1061 1668 1104 ascribitur.
1698 1060 1812 1103 Nus-

262 1158 386 1195 quam
426 1142 535 1183 enim
574 1139 687 1181 solus
716 1138 830 1180 Deus
861 1137 998 1188 Pater,
1028 1136 1138 1178 Filio
1166 1138 1207 1177 et
1235 1134 1400 1188 Spiritu
1431 1133 1587 1176 Sancto
1619 1133 1812 1185 exclusis,

260 1214 432 1255 Creator
459 1213 736 1264 nuncupatur.
764 1209 821 1251 Et
850 1208 1041 1262 quamvis
1069 1207 1150 1249 Dei
1178 1207 1364 1249 actiones
1390 1208 1587 1248 externae
1611 1204 1814 1247 Trinitati

261 1286 344 1326 sint
384 1297 635 1334 communes,
678 1282 729 1323 ad
765 1296 891 1322 unam
930 1283 1072 1322 tamen
1110 1294 1334 1332 personam
1364 1278 1638 1331 singulariter
1666 1276 1814 1319 referri

261 1358 449 1410 possunt,
488 1355 551 1396 vel
589 1354 642 1395 ob
680 1353 928 1408 primarium
966 1351 1155 1393 ordinem
1192 1365 1341 1392 causae
1371 1349 1549 1403 agentis,
1578 1351 1627 1391 ut
1656 1349 1812 1391 creatio

261 1427 311 1467 ad
348 1426 528 1470 Patrem.
563 1425 627 1466 vel
657 1425 709 1465 ob
739 1424 995 1477 singularem
1023 1424 1241 1477 praeterea
1272 1421 1500 1473 οἰκονομίαν,
1534 1436 1607 1463 seu
1631 1420 1814 1474 disposi-

261 1499 420 1539 tionem
461 1497 660 1547 divinam,
699 1498 747 1536 ut
775 1495 1010 1548 redemptio
1042 1494 1094 1535 ad
1122 1493 1289 1545 Filium,
1319 1492 1388 1534 vel
1417 1492 1471 1534 ob
1500 1493 1743 1545 proximum
1770 1491 1813 1532 in

261 1569 382 1610 nobis
425 1568 798 1619 immediatumque
842 1565 993 1619 agendi
1035 1565 1307 1618 principium,
1349 1566 1398 1606 ut
1439 1563 1719 1606 sanctificatio
1761 1562 1815 1604 ad

261 1640 466 1693 Spiritum
495 1638 708 1681 Sanctum.
1805 1689 1807 1691 ι

313 1709 427 1752 XIII.
458 1710 580 1751 Hanc
610 1709 754 1750 mundi
785 1707 1042 1750 creationem
1071 1708 1200 1749 solius
1226 1706 1307 1749 Dei
1333 1721 1439 1761 opus
1466 1721 1556 1749 esse
1571 1706 1814 1758 asserimus,

262 1785 485 1835 propterea
524 1781 636 1834 quod
673 1781 764 1822 solo
804 1780 932 1821 verbo
971 1780 1189 1833 potentiae
1224 1794 1334 1830 suae,
1365 1779 1494 1821 nullis
1526 1779 1705 1821 aliorum
1736 1780 1817 1821 mi-

261 1854 457 1905 nisteriis,
493 1853 692 1905 nulloque.
730 1852 960 1905 exemplari
998 1851 1164 1893 aliunde
1203 1851 1398 1893 adhibito
1430 1850 1677 1903 condiderit,
1707 1852 1816 1892 teste

262 1924 390 1975 Mose,
435 1923 534 1965 Gen.
579 1924 614 1974 1,
657 1925 693 1964 3.
732 1923 886 1965 Dixit
922 1922 1083 1974 Deus,
1125 1923 1197 1964 sit
1232 1922 1345 1974 lux,
1385 1924 1435 1964 et
1474 1921 1586 1963 fuit
1621 1922 1726 1964 lux.
1755 1920 1814 1962 Et

262 1995 435 2046 Davide,
473 1995 541 2037 Ps.
571 1995 634 2045 33,
663 1995 698 2035 9.
729 1993 886 2036 Dixit
913 1993 1073 2045 Deus,
1104 1996 1154 2035 et
1182 1993 1330 2034 facta
1359 1995 1506 2045 sunt,
1535 1993 1816 2035 mandavit

263 2066 414 2117 Deus,
441 2068 488 2107 et
513 2066 682 2106 creata
708 2067 824 2106 sunt
850 2066 1025 2106 omnia.
1057 2064 1150 2114 Quo
1166 2064 1396 2117 respiciens
1412 2063 1561 2106 Esaias
1572 2064 1815 2117 cap.40,13.

265 2136 390 2186 Quis
422 2135 594 2188 (inquit)
625 2135 837 2188 adjuvit
865 2135 1132 2190 Spiritum
1161 2136 1417 2178 Domini?
1438 2138 1530 2177 aut
1559 2136 1682 2188 quis
1710 2135 1818 2177 fuit

265 2206 624 2249 consiliarius
653 2207 798 2259 ejus?

316 2275 429 2319 XIV.
467 2276 534 2318 Ad
569 2276 650 2318 1100
686 2277 916 2330 problema,
945 2278 1023 2319 An
1052 2279 1266 2320 creatio
1296 2278 1478 2320 mundi
1507 2278 1580 2320 sit
1609 2281 1818 2320 creatu-

266 2350 338 2390 ris
372 2363 596 2402 prorsus
624 2348 1182 2402 incommunicabilis,
1212 2365 1298 2392 non
1327 2350 1583 2402 dubitanter,
1613 2351 1662 2391 ut
1689 2349 1818 2403 pleri-

267 2436 346 2473 que
400 2419 558 2461 faciunt
613 2418 985 2471 Scholasticoruni,
1038 2420 1110 2462 sed
1160 2424 1450 2463 asseveranter
1498 2421 1817 2474 respondemus,

266 2491 409 2532 mundi
459 2490 713 2532 creationem
761 2505 933 2543 prorsus
976 2492 1180 2532 creaturis
1223 2507 1313 2534 esse
1353 2492 1818 2544 incommunicabilen13

267 2563 382 2615 cujus
419 2564 586 2603 nostrae
618 2562 939 2603 asseverationis
968 2565 1054 2603 tres
1085 2578 1230 2605 causas
1260 2565 1512 2617 praecipuas
1541 2563 1818 2617 proferemus.

320 2632 411 2675 XV.
449 2632 606 2674 Earum
646 2633 782 2685 prima
822 2635 895 2683 est,
936 2633 1047 2684 quod
1082 2635 1238 2675 creatio
1268 2635 1413 2676 mundi
1442 2636 1497 2677 sit
1527 2635 1637 2677 actio
1667 2636 1820 2688 poten-

268 2705 350 2745 tiae
378 2704 578 2755 infinitae,
608 2718 656 2745 ac
684 2703 862 2757 proinde
890 2718 975 2744 non
1006 2705 1142 2758 magis
1172 2720 1266 2746 cum
1297 2707 1502 2748 creaturis
1530 2706 1675 2759 finitis,
1693 2720 1821 2759 quam

268 2775 434 2816 infinita
463 2774 542 2816 Dei
573 2775 778 2827 potentia,
810 2775 1110 2816 communicari
1139 2776 1339 2828 potuerit.

321 2845 431 2886 XVI.
475 2845 663 2887 Secunda
707 2847 781 2897 est,
825 2845 938 2897 quod
975 2845 1019 2886 in
1057 2845 1136 2887 hac
1165 2847 1331 2889 actione
1360 2848 1475 2890 nulla
1505 2840 1696 2890 creatura
1726 2862 1821 2890 cum

270 2932 344 2957 suo
383 2916 578 2959 Creatorc
610 2931 856 2958 concurrere
885 2916 1086 2968 potuerit,
1115 2932 1192 2959 nec
1221 2920 1268 2959 ut
1298 2933 1422 2961 causa
1452 2919 1715 2973 principalis,
1744 2934 1822 2962 nec

269 2990 316 3027 ut
353 2987 695 3028 instrumentalis.
734 2986 834 3030 Non
863 2989 911 3028 ut
942 2987 1199 3042 principalis,
1229 2990 1329 3041 quia
1356 2989 1476 3032 nulla
1506 2993 1700 3032 creatura
1726 3003 1822 3031 eum
