1931 3224
282 121 361 162 422
830 128 1071 174 DISPUTA'mo
1101 132 1299 179 XXXIX.

280 246 438 288 ibidem
472 248 612 300 refert,
650 251 786 304 magis
828 254 982 296 anilem
1024 258 1064 297 et
1091 257 1296 313 insanam,
1328 262 1378 304 de
1411 264 1592 316 quadam
1620 266 1846 327 Christiria,

280 332 387 369 quae
424 321 523 371 post
559 322 742 363 mortem
779 323 832 364 ab
870 325 1049 379 Angelis
1087 329 1131 370 in
1165 330 1415 376 Paradisum
1446 336 1596 390 delata,
1630 341 1672 380 et
1701 355 1725 382 a
1753 341 1845 384 Deo

280 389 454 441 optione
479 390 577 431 data
601 394 819 435 aeternum
846 397 958 450 apud
984 413 1080 440 611111
1105 404 1316 456 manendi,
1333 408 1406 448 aut
1421 407 1465 448 in
1479 410 1614 451 terras
1630 411 1841 468 redeundi,

278 460 325 499 ut
363 461 634 512 gravissimas
672 478 832 516 poenas
871 468 1078 520 perferret
1116 487 1196 525 pro
1233 475 1462 519 liberandis
1492 480 1712 524 animabus
1741 499 1844 537 pur-

277 531 445 584 gatorii,
487 532 618 586 elegit
657 536 944 581 conditionem
983 542 1188 597 patiendi,
1228 561 1276 588 ea
1303 548 1397 602 lege
1429 553 1477 591 ut
1504 552 1651 595 multis
1680 557 1843 599 meritis

274 604 408 655 aucta,
437 603 595 646 rediret
621 606 673 647 ad
698 606 848 650 Deum.
871 609 950 652 Illa
971 627 1070 655 vero
1088 618 1238 668 postea
1252 617 1572 672 ingrediebatur
1587 624 1631 665 in
1647 626 1841 670 ardentes

273 673 476 727 clibanos,
531 677 810 732 cruciabatur,
853 681 1087 726 horrendos
1132 687 1282 730 edebat
1326 691 1543 746 clamores,
1587 698 1628 737 et
1668 699 1840 742 tandem

273 745 569 797 egrediebatur
610 749 769 793 illaesa.
809 752 896 795 Sub
937 757 1058 808 aquis
1096 757 1242 802 Mosae
1281 761 1459 806 hiberno
1498 768 1704 822 tempore,
1744 786 1840 815 cum

269 817 460 870 rigerent
489 820 631 862 omnia
660 823 771 876 gelu,
801 839 874 866 sex
899 829 941 868 et
965 829 1148 882 amplius
1175 831 1321 875 diebus
1347 836 1618 888 perdurabat.
1643 839 1735 883 Ι1110
1761 835 1837 885 sub

268 887 363 940 ipsa
386 892 482 931 rota
506 891 768 947 moletrinae,
795 896 868 938 ubi
890 897 1150 943 horrendum
1169 903 1215 944 in
1234 905 1407 948 modum
1423 908 1689 965 circumacta,
1707 928 1838 957 mem-

268 959 356 1002 bris
384 962 580 1005 omnibus
606 967 805 1009 manebat
830 969 1069 1024 incolumis,
1092 975 1169 1015 etc.
1186 974 1305 1018 Haec
1323 977 1535 1022 diabolica
1551 996 1640 1025 esse
1657 987 1836 1037 praesti-

267 1033 339 1085 gia
369 1034 462 1087 quis
492 1050 618 1078 sanus
647 1053 734 1080 non
761 1039 873 1082 videt
883 1044 902 1083 P
926 1042 984 1084 Et
1007 1045 1165 1098 tamen,
1193 1046 1229 1088 Ε
1243 1062 1264 1089 0
1276 1063 1297 1089 0
1308 1064 1349 1101 6,
1375 1049 1516 1104 inquit
1540 1052 1835 1112 Bellarminus‚

269 1102 525 1148 habemus
581 1110 756 1151 testes
808 1111 1014 1156 fideles
1064 1131 1263 1160 marem
1316 1123 1366 1162 et
1416 1122 1691 1180 feminam,
1744 1131 1835 1182 qui

267 1176 528 1220 viderunt
593 1184 916 1234 purgatorii
984 1187 1344 1233 acerbissima
1410 1196 1713 1251 supplicia,
1777 1204 1834 1243 ut

265 1249 428 1302 plane
465 1251 880 1297 inexcusabiles
920 1256 1032 1299 sint
1072 1260 1164 1311 qui
1201 1261 1309 1303 ista
1346 1279 1451 1306 non
1492 1269 1733 1312 credunt.
1763 1271 1833 1315 Sic

264 1320 377 1362 enim
429 1322 583 1364 misit
633 1323 755 1366 illis
808 1325 952 1369 Deus
1004 1329 1327 1375 efficaciam
1379 1336 1732 1392 deceptionis
1774 1347 1831 1386 ut

265 1392 491 1433 credant
534 1394 837 1449 mendacio,
881 1413 979 1451 pro
1019 1414 1077 1442 eo
1117 1404 1257 1454 quod
1296 1420 1529 1450 amorem
1568 1413 1829 1457 veritatis

261 1477 366 1504 11011
393 1478 553 1518 recep
568 1469 726 1508 erunt
754 1470 811 1509 ut
840 1470 980 1512 salvi
1010 1471 1243 1526 fierent,
1275 1476 1299 1516 2
1329 1476 1453 1520 Thes.
1484 1480 1520 1532 2,
1551 1481 1613 1523 10.
1646 1483 1707 1526 ll.

313 1534 488 1578 XXXV.
528 1536 628 1579 Non
666 1539 805 1581 minus
843 1541 1045 1584 frivolum
1079 1547 1142 1586 est
1175 1552 1479 1600 argumentum
1507 1554 1622 1605 quod
1650 1555 1702 1596 ab
1732 1558 1828 1600 utili

261 1606 431 1660 ducunt,
476 1608 575 1660 quia
619 1610 692 1662 qui
734 1612 897 1665 cogitat
939 1629 1156 1658 remanere
1198 1622 1369 1671 praeter
1406 1622 1645 1675 gehennam
1683 1627 1825 1681 ignem

258 1678 576 1721 acerbissimum
601 1683 856 1736 purgatorii,
883 1686 924 1726 et
951 1686 1152 1740 quicquid
1176 1688 1246 1731 hic
1272 1706 1348 1744 per
1369 1692 1513 1736 debita
1536 1698 1824 1750 poenitentiae

257 1765 386 1803 opera
424 1750 607 1793 deletum
635 1767 720 1794 non
749 1753 891 1808 fuerit,
920 1756 981 1798 ibi
1011 1758 1268 1814 diluendum,
1300 1763 1547 1817 diligentior
1576 1770 1825 1824 cautiorque

256 1822 408 1875 evadit,
438 1826 598 1876 contra,
630 1825 776 1878 opinio
808 1841 915 1879 quae
943 1829 1058 1871 tollit
1084 1835 1383 1886 purgatorium
1407 1836 1601 1881 homines
1628 1843 1822 1897 socordes

253 1892 357 1935 facit
393 1894 439 1936 in
475 1896 662 1948 peccatis
699 1899 894 1941 cavendis
923 1902 964 1942 et
992 1902 1037 1943 111
1065 1902 1189 1945 bonis
1220 1907 1418 1959 operibus
1447 1909 1650 1953 faciendis
1662 1930 1671 1964 ;
1702 1916 1823 1967 quasi

254 1979 355 2007 vero
383 1966 414 2007 ii
440 1981 546 2019 quos
573 1968 792 2022 gehennae
816 1971 929 2025 ignis
955 1988 1041 2015 non
1066 1974 1287 2029 absterret,
1315 1982 1652 2025 commentitium
1676 1985 1821 2038 ignem

252 2036 336 2078 sint
374 2039 593 2089 moraturi,
629 2042 670 2082 et
698 2056 786 2083 non
814 2043 956 2097 potius
986 2060 1062 2098 per
1092 2046 1312 2090 inventum
1339 2050 1454 2104 illud,
1485 2055 1689 2106 peccandi
1718 2071 1820 2098 ansa

250 2107 505 2159 praebeatur
533 2109 599 2162 iis,
631 2112 703 2164 qui
732 2116 888 2166 putant
917 2130 960 2158 se
990 2131 1040 2158 ex
1069 2118 1251 2161 flammis
1280 2121 1363 2163 illis
1392 2123 1564 2166 liberari
1592 2141 1715 2179 posse
1741 2143 1818 2181 per

249 2178 431 2220 aliorum
460 2181 677 2236 suffragia,
709 2199 817 2237 quae
846 2180 1020 2229 ditiores
1051 2188 1165 2231 facili
1190 2192 1364 2245 negotio
1391 2194 1472 2236 sibi
1498 2201 1678 2249 possunt
1703 2214 1816 2241 com-

248 2264 414 2302 parare,
437 2253 691 2304 praesertim
716 2269 811 2296 cum
835 2257 927 2310 ipse
952 2262 1131 2301 sentent.
1157 2260 1377 2316 Magister,
1404 2265 1455 2307 in
1481 2282 1509 2320 p
1522 2283 1550 2308 11
1563 2283 1584 2309 1·
1594 2283 1622 2322 g
1634 2271 1685 2311 at
1698 2285 1722 2312 o
1733 2271 1814 2314 rio

248 2320 574 2364 celeriorem
622 2324 1033 2370 absolutionem
1078 2334 1406 2387 contingere
1449 2337 1618 2379 diviti
1660 2354 1814 2393 quam

248 2407 276 2445 p
289 2407 313 2433 a
324 2407 350 2433 u
363 2408 390 2446 p
405 2408 426 2434 e
436 2408 457 2434 r
467 2394 500 2445 1,
540 2409 725 2437 asserere
762 2411 847 2439 non
885 2403 1094 2454 vereatur,
1124 2402 1214 2445 Lib.
1244 2406 1280 2447 4.
1313 2409 1418 2449 sent.
1452 2408 1547 2451 dist.
1575 2410 1639 2453 45.
1670 2412 1732 2454 lit.
1759 2413 1812 2456 D.

245 2464 303 2506 Et
341 2464 545 2508 Albertus
583 2466 779 2521 Magnus,
809 2472 892 2512 tot
920 2486 1078 2524 posse
1107 2474 1244 2518 fieri
1273 2478 1554 2534 suffragia
1585 2497 1679 2535 pro
1708 2500 1810 2529 uno

247 2536 455 2590 aliquo,
498 2539 636 2591 quod
674 2541 865 2583 statim
904 2543 957 2584 111
993 2550 1264 2590 momento
1293 2549 1582 2605 liberetur,
1612 2557 1661 2596 et
1689 2555 1809 2600 ideo

242 2607 295 2648 in
351 2607 452 2651 hoc
509 2624 633 2652 casu
684 2612 967 2655 meliorem
1017 2631 1132 2658 esse
1184 2621 1559 2666 conditionem
1610 2626 1809 2672 divitis

246 2695 402 2732 quam
430 2684 712 2737 pauperis,
746 2686 835 2738 qui
865 2686 1030 2730 habet
1059 2690 1196 2733 unde
1226 2693 1511 2749 suffragia
1540 2697 1687 2741 fiant
1711 2716 1807 2754 pro

242 2752 385 2805 ipso,
415 2755 550 2796 unde
579 2755 732 2798 Prov.
758 2758 821 2799 13.
845 2758 1066 2813 dicitur,
1091 2761 1415 2818 Redemptio
1441 2767 1547 2809 viri
1573 2769 1807 2815 divitiae

242 2824 285 2875 ej
301 2838 327 2864 u
340 2838 378 2875 s,
410 2824 460 2866 de
491 2825 599 2868 offic.
630 2826 748 2869 Miss.
777 2831 900 2871 tract.
929 2832 966 2873 3.
999 2846 1089 2886 cap.
1114 2834 1181 2875 16.
1210 2834 1314 2877 Inde
1345 2840 1456 2879 certe
1484 2854 1570 2881 non
1595 2844 1719 2884 aucta
1744 2847 1807 2886 est

243 2894 393 2947 pietas,
422 2898 494 2938 sed
518 2899 632 2940 aucti
657 2903 756 2942 sunt
780 2889 1177 2947 Ecclesiasticorum
1195 2907 1367 2961 reditus,
1394 2910 1466 2962 qui
1489 2911 1542 2952 in
1567 2927 1591 2954 a
1601 2928 1628 2954 v
1638 2929 1662 2955 a
1673 2914 1716 2956 ri
1727 2917 1745 2956 t
1755 2916 1770 2957 i
1781 2931 1805 2957 a

242 2966 406 3008 fictis
442 2970 626 3012 verbis
666 2972 726 3013 de
764 2972 1079 3017 hominibus
1116 2979 1492 3034 negotiantur,
1526 2983 1550 3024 2
1578 2983 1668 3028 Pet.
1700 2987 1736 3039 2,
1765 2987 1802 3029 3.
