1931 3224
757 150 819 192 DE
849 151 955 193 LEGE
984 151 1075 193 Dm.
1623 155 1698 196 157

190 274 305 317 XXI.
342 274 543 328 Duplicia
576 275 686 328 juris
721 275 844 317 istius
881 276 1062 330 vestigia
1097 277 1142 318 in
1171 276 1356 318 hominis
1384 280 1537 319 natura
1566 293 1700 331 appa-

136 348 244 398 rent,
282 360 463 399 quorum
500 347 583 388 alia
619 347 814 388 videntur
851 347 934 401 ipsi
972 362 1066 389 cum
1104 347 1241 389 brutis
1270 348 1522 390 animalibus
1553 349 1697 402 aliquo

136 417 264 459 modo
294 432 382 459 esse
411 418 662 470 communia,
694 418 776 460 alia
806 433 905 460 vero
936 418 1020 472 ipsi
1047 421 1144 460 sunt
1171 418 1360 472 propria.

189 487 326 530 XXII.
365 489 430 531 Ea
466 489 630 531 homini
660 504 754 531 cum
785 491 934 531 ceteris
959 489 1212 532 animalibus
1240 490 1437 531 videntur
1467 505 1556 532 esse
1585 505 1698 532 com-

134 560 292 612 munia,
331 560 383 601 ad
412 575 519 613 quae
548 575 692 602 omnes
722 562 951 613 creaturae,
982 561 1070 602 vita
1100 576 1148 604 ac
1177 576 1300 603 sensu
1331 562 1502 604 animali
1530 563 1698 616 praedi-

133 633 215 683 tae,
256 636 417 683 στοργῇ,
455 634 582 684 atque
611 631 833 673 affectione
861 632 1046 674 naturali
1073 633 1126 674 ad
1154 633 1219 674 sui
1248 648 1505 686 suorumque
1531 648 1699 676 conser-

133 702 349 744 vationem
372 702 594 756 proclives,
618 703 804 756 spontali
826 703 1032 745 instinctu
1056 703 1271 755 feruntur,
1297 705 1438 758 qualia
1463 709 1561 747 sunt
1584 706 1698 748 vitae

134 787 233 815 suae
262 772 462 825 defensio,
491 773 626 827 prolis
654 788 753 816 suae
780 775 1052 828 propagatio,
1083 775 1277 817 educatio
1310 790 1357 817 ac
1387 775 1569 817 dilectio.

185 844 343 887 XXIII.
395 845 508 887 Hinc
559 845 860 887 Jurisconsulti
906 847 974 898 jus
1027 846 1219 887 naturale
1273 850 1610 900 κκτκχρηστικῶς
1649 862 1698 888 ac

131 916 285 958 latiore
331 917 642 970 significatione
678 919 936 970 nuncupant,
977 917 1091 970 quod
1127 920 1281 959 natura
1319 919 1460 959 omnia
1498 917 1698 959 animalia

133 988 289 1030 docuit.

184 1058 341 1101 XXIV.
379 1059 556 1101 Homini
594 1059 770 1113 propria
807 1062 918 1111 sunt,
946 1060 998 1101 ad
1027 1075 1134 1113 quae
1163 1060 1408 1102 affectiones
1436 1059 1581 1113 ipsiUS,
1611 1059 1697 1101 dic-

130 1130 290 1172 tamine
326 1145 374 1172 ac
405 1131 535 1172 ductu
562 1131 741 1172 rationis
771 1130 908 1184 (cujus
936 1131 1124 1183 reliquae
1154 1131 1390 1173 animantes
1418 1134 1516 1172 sunt
1546 1145 1696 1184 exper-

128 1201 212 1254 tes)
252 1202 482 1244 secundum
509 1216 702 1244 normam
731 1202 835 1244 boni
864 1204 906 1244 et
934 1202 1059 1254 aequi
1089 1191 1169 1244 sibi
1200 1202 1401 1244 divinitus
1431 1202 1694 1253 attributam,

130 1273 393 1327 diriguntur;
435 1274 576 1328 qualia
606 1276 716 1326 sunt,
746 1272 885 1315 Deum
914 1287 1004 1314 esse
1034 1273 1270 1325 colendum,
1300 1274 1589 1327 magistratus,
1617 1288 1694 1326 pa-

128 1347 268 1387 rentes
298 1348 339 1387 et
367 1345 474 1388 bene
500 1346 676 1388 meritos
707 1360 796 1387 esse
824 1344 1109 1397 honorandos,
1141 1346 1269 1397 pacta
1299 1358 1388 1386 esse
1417 1344 1623 1386 servanda
1651 1345 1693 1384 et

132 1414 298 1457 similia.

183 1485 316 1528 XXV.
356 1486 461 1529 Cum
498 1491 639 1529 autem
673 1487 802 1529 homo
830 1502 917 1529 non
947 1486 1124 1529 seorsim
1152 1487 1197 1528 in
1225 1501 1345 1529 sacro
1376 1486 1527 1528 Codice
1557 1487 1694 1528 consi-

130 1557 310 1610 deretur,
339 1560 387 1599 ut
416 1558 586 1609 animal,
616 1558 688 1599 sed
717 1558 987 1611 conjunctim,
1017 1560 1065 1599 ut
1094 1558 1251 1600 animal
1279 1558 1500 1609 rationale,
1526 1558 1592 1599 vel
1616 1572 1694 1611 po-

128 1628 213 1669 tius
241 1630 289 1670 ut
318 1630 511 1670 creatura
539 1629 593 1670 ad
619 1629 851 1682 imaginem
879 1629 960 1671 Dei
990 1629 1173 1681 condita,
1198 1628 1294 1670 ideo
1320 1627 1458 1670 nostri
1483 1627 1694 1680 Theologi

124 1700 194 1751 jus
222 1700 327 1741 illud
355 1700 551 1742 naturale
577 1701 630 1742 ad
654 1700 871 1742 hominem
895 1702 1116 1753 tamquam
1140 1700 1194 1741 ad
1221 1714 1369 1741 verum
1399 1701 1441 1740 et
1469 1698 1694 1751 proprium

126 1769 240 1811 illius
269 1770 508 1824 subjectum
537 1786 630 1813 cum
660 1770 871 1824 Apostolo
897 1771 1175 1824 restringunt,
1204 1769 1327 1811 Rom.
1357 1769 1392 1810 1.
1425 1771 1466 1810 et
1496 1769 1532 1810 2.

180 1839 336 1882 XXVI.
373 1840 467 1882 Etsi
504 1840 586 1883 hoc
614 1842 684 1894 jus
713 1841 936 1883 hominum
964 1841 1115 1883 animis
1142 1840 1331 1892 insitum,
1361 1840 1574 1881 communi
1604 1855 1694 1881 om-

125 1911 242 1953 nium
282 1913 475 1966 gentium
508 1912 670 1965 judicio
707 1915 837 1965 atque
874 1927 1046 1955 assensu
1085 1912 1399 1966 comprobetur,
1437 1911 1522 1964 ipsi
1550 1914 1693 1952 tamen

127 1983 307 2036 gentiles
349 1984 628 2038 sapientiores
671 1983 776 2026 illud
819 1987 1089 2027 externarum
1125 1985 1269 2038 legum
1308 1983 1464 2025 auxilio
1502 1982 1693 2037 indigere

126 2057 404 2107 agnoverunt,
434 2057 482 2096 ut
511 2057 552 2096 et
580 2055 730 2096 melius
758 2056 1026 2109 intelligatur
1057 2058 1099 2097 et
1128 2056 1283 2098 rectius
1313 2055 1572 2097 observetur.

178 2124 358 2167 XXVII.
395 2125 519 2168 Unde
554 2126 755 2168 effectum
785 2129 861 2178 est,
890 2128 937 2168 ut
966 2128 1055 2168 tam
1083 2126 1194 2168 inter
1222 2125 1443 2177 Ethnicos,
1474 2139 1602 2177 quam
1630 2124 1694 2166 in-

125 2198 190 2238 ter
227 2195 503 2250 Christianos,
543 2212 671 2250 quam
709 2197 917 2251 plurimae
956 2198 1072 2251 leges
1110 2197 1253 2240 civiles
1293 2197 1558 2250 quorundam
1593 2211 1694 2249 pru-

126 2269 301 2310 dentum
336 2270 439 2321 arte,
479 2283 527 2311 ac
564 2268 897 2322 Magistratuum
935 2269 1191 2311 auctoritate
1229 2269 1274 2311 in
1299 2268 1579 2322 Respublicas
1610 2268 1695 2309 sint

124 2339 405 2381 introductae.

178 2410 379 2453 XXVIII.
409 2410 542 2465 Leges
572 2411 670 2453 illae
698 2414 797 2453 sunt
826 2412 1024 2454 definitae
1049 2411 1158 2465 juris
1188 2401 1433 2462 sententiae,
1459 2410 1622 2451 solenni
1646 2423 1693 2451 ac

124 2481 327 2537 peculiari
355 2481 540 2536 legitimi
569 2481 850 2535 Magistratus
877 2483 1078 2525 mandato
1110 2481 1336 2533 stabilitae,
1368 2495 1476 2533 quae
1506 2495 1555 2522 ex
1583 2480 1693 2521 noti-

126 2554 277 2596 onibus
312 2554 606 2596 communibus
635 2557 855 2607 tamquam
885 2568 936 2595 ex
964 2553 1188 2608 principiis
1216 2567 1265 2594 ac
1291 2551 1495 2602 fontibus,
1525 2550 1694 2592 conclu-

125 2624 264 2667 siones
304 2625 470 2678 aliquas
509 2639 557 2666 ac
596 2624 971 2667 determinationes
1004 2623 1293 2679 particulares,
1324 2637 1398 2664 seu
1426 2621 1586 2663 rivulos
1614 2635 1692 2674 pro

125 2695 522 2749 opportunitatibus
560 2710 851 2752 personarum,
886 2711 1040 2748 rerum,
1071 2698 1315 2748 temporum
1345 2695 1387 2735 et
1414 2693 1617 2745 locorum,
1641 2693 1694 2735 ad

125 2780 346 2808 commune
384 2769 427 2808 et
462 2766 679 2819 privatum
721 2767 876 2809 civium
913 2767 1074 2809 bonum
1112 2765 1373 2819 producunt3
1402 2764 1566 2818 hasque
1593 2779 1694 2818 pro-

123 2837 324 2881 missione
354 2838 548 2893 praemii,
577 2852 625 2880 ac
655 2837 984 2880 comminatione
1011 2851 1174 2891 poenae
1204 2834 1437 2877 stabiliunt.

177 2908 333 2952 XXIX.
373 2910 467 2952 Hae
509 2910 622 2963 leges
660 2909 929 2951 subditorum
958 2906 1248 2958 conscientiaS,
1279 2906 1348 2948 vel
1375 2906 1428 2948 ad
1458 2906 1692 2948 observati-

125 2994 262 3033 onem,
300 2981 369 3023 vel
398 2981 451 3023 ad
479 2995 662 3034 poenam
690 2980 900 3035 obligant,
930 2980 965 3021 si
993 2980 1038 3021 in
1068 2978 1264 3021 omnibus
1294 2978 1380 3020 suis
1410 2978 1558 3020 edictis
1585 2978 1692 3031 legis
