1931 3224
246 179 297 219 64
834 172 1071 214 Dispu'rA'rIo
1099 168 1193 211 VII.

248 300 382 349 Quam
418 298 601 351 Spiritus
637 298 678 338 S.
716 297 1030 350 proprietatem,
1061 292 1210 335 Graeci
1247 290 1476 343 ἐκπόρευο-ιν,
1510 304 1588 332 nos
1621 303 1792 343 proces-

246 371 405 411 sionem
434 369 708 410 nominamus.

297 440 429 482 XXV.
467 439 545 481 His
582 439 716 480 tribus
748 436 1082 491 proprietatibus
1112 432 1477 483 characteristicis,
1505 432 1694 473 internas
1724 445 1793 474 ac-

244 512 379 553 tiones
418 510 658 564 personales
695 507 1033 558 connotantibus,
1072 509 1157 547 tres
1195 518 1401 558 personae
1445 503 1671 545 Trinitatis
1707 517 1794 545 non

244 585 414 637 tantum
451 582 561 622 inter
605 595 647 621 se
687 580 852 621 interno
897 577 1136 619 discrimine
1180 575 1512 630 distinguuntur,
1553 575 1625 616 sed
1665 574 1794 616 etiam

243 657 387 695 mutua
438 653 641 694 relatione
692 651 810 703 quasi
856 650 1036 691 invicem
1084 648 1368 702 opponuntur,
1411 646 1625 698 nimirum,
1664 644 1794 687 Pater

244 725 432 777 gignens,
465 723 576 764 Filio
613 723 769 775 genito,
806 724 847 763 et
878 724 1057 773 uterque
1091 720 1269 772 spirans,
1304 718 1377 758 uni
1420 718 1596 770 spirato,
1627 732 1676 759 ac
1703 713 1794 759 vice

240 810 375 836 versa.
1466 794 1468 797 ’

293 864 447 907 XXVI.
484 864 624 906 Notae
658 867 854 906 externae
883 879 934 905 ex
964 863 1115 916 quibus
1144 862 1371 905 earundem
1399 875 1680 916 personarum
1709 859 1793 901 dis·-

241 937 390 978 tinctio
431 936 789 987 animadvertitur,
820 937 917 976 sunt
947 935 1214 988 operationes
1242 934 1293 975 ad
1325 935 1465 983 extra;
1497 946 1605 985 quae
1634 931 1794 985 partim

241 1010 338 1049 sunt
379 1007 632 1059 essentiales,
678 1009 882 1059 quatenus
924 1021 948 1047 a
988 1007 1121 1048 totius
1165 1005 1382 1056 essentiae,
1425 1003 1562 1045 tribus
1601 1003 1792 1058 personis

241 1079 472 1131 aequaliter
517 1078 759 1129 eommunis,
803 1077 1014 1131 principio
1057 1076 1404 1130 proficiscuntur;
1449 1075 1609 1129 partim
1646 1089 1792 1128 perso-

240 1149 368 1201 nales,
409 1152 480 1190 aut
520 1151 725 1201 quatenus
759 1149 860 1190 ordo
890 1162 1169 1201 personarum
1198 1147 1416 1200 agentium
1443 1146 1488 1187 in
1517 1146 1569 1187 iis
1600 1146 1792 1188 conside-

240 1222 369 1271 ratur,
399 1222 447 1261 ut
475 1221 644 1271 creatio,
674 1235 780 1272 quae
810 1220 968 1261 ordinis
997 1222 1193 1273 respectu
1221 1219 1352 1270 Patri,
1382 1221 1602 1271 tamquam
1629 1218 1792 1272 primae

240 1306 453 1344 personae,
475 1302 567 1334 κατ’
589 1291 730 1345 ἐξοχὴν
754 1292 1015 1342 attribuitur,
1041 1293 1114 1333 aut
1139 1293 1345 1344 quatenus
1367 1290 1602 1344 sapientiae
1625 1290 1794 1332 divinae

242 1363 434 1414 οἰκονομία
474 1377 546 1404 seu
584 1363 841 1416 dispensatio
881 1363 1107 1416 singularis
1135 1363 1179 1403 in
1206 1362 1257 1403 iis
1288 1363 1528 1415 spectatur:
1559 1362 1676 1414 cujus
1706 1375 1794 1403 res-

240 1437 366 1486 pectu
407 1435 549 1476 missio
591 1433 690 1476 Filii
733 1435 784 1476 ad
826 1434 1178 1487 Redemptionem
1214 1433 1346 1484 Patri,
1386 1432 1642 1486 Redemptio
1681 1432 1792 1475 Filio

236 1507 466 1560 incarnato,
492 1520 540 1546 ac
563 1504 851 1547 Sanctificatio
878 1505 1057 1558 Spiritui
1082 1504 1237 1546 Sancto
1263 1504 1537 1558 peculiariter
1552 1503 1793 1546 ascribitur.

296 1574 471 1617 XXVII.
512 1575 717 1624 Quartum
757 1577 869 1628 quod
906 1577 950 1617 in
977 1591 1182 1630 personae
1212 1576 1378 1617 divinae
1407 1575 1688 1617 delineatione
1718 1575 1793 1617 ob-

238 1647 504 1698 servavimus,
535 1649 608 1698 est,
640 1648 752 1699 quod
781 1647 955 1689 eandem
982 1662 1030 1689 ac
1059 1650 1196 1689 totam
1226 1647 1453 1689 essentiam
1479 1647 1524 1688 in
1553 1662 1597 1689 se
1620 1647 1790 1689 habeat.

237 1717 361 1766 Quod
397 1717 561 1759 divinae
590 1732 793 1771 personae
823 1721 974 1771 quarto
1003 1719 1129 1760 modo
1160 1719 1385 1772 proprium
1415 1720 1499 1770 est;
1532 1733 1616 1772 quo
1649 1718 1790 1759 differt

239 1788 291 1829 ab
328 1788 511 1830 humana
546 1803 736 1842 persona,
767 1804 873 1842 quae
901 1792 1039 1831 totam
1068 1789 1237 1842 quidem
1267 1791 1417 1845 specie,
1447 1790 1519 1832 sed
1548 1791 1791 1843 separatam

237 1859 467 1910 individuo,
497 1859 724 1901 humanam
752 1863 947 1902 naturam
977 1863 1166 1916 occupat.

289 1928 485 1971 XXVIII.
514 1929 613 1972 Non
643 1946 743 1985 ergo
774 1932 952 1974 essentia
982 1934 1044 1974 est
1074 1933 1237 1985 aliquid
1263 1947 1308 1974 re
1337 1932 1430 1986 ipsa
1459 1948 1483 1974 a
1506 1946 1687 1985 persona
1714 1932 1788 1974 ab·

237 2002 450 2052 stractum,
481 2004 553 2042 aut
581 2004 834 2055 separatum,
868 2003 939 2045 sed
968 2004 1021 2056 τῷ
1053 2003 1160 2057 λόγῳ
1183 2018 1257 2045 seu
1280 2004 1446 2046 ratione
1469 2006 1637 2045 tantum
1661 2003 1714 2045 ab
1740 2018 1789 2045 ea

238 2071 492 2113 distinctum.
531 2072 680 2114 Modus
717 2074 828 2135 enim
865 2075 1132 2126 subsistendi,
1165 2090 1252 2117 non
1280 2075 1451 2117 realiter
1481 2090 1706 2128 personam
1734 2074 1787 2116 ab

237 2142 415 2184 essentia
444 2143 602 2196 dividit,
634 2145 705 2186 sed
732 2145 895 2187 ratione
925 2161 972 2188 ac
1000 2147 1175 2188 notione
1202 2148 1371 2188 tantum
1399 2146 1611 2188 discernit.

288 2212 442 2254 XXIX.
472 2213 583 2256 Hinc
608 2216 820 2267 quaelibet
845 2231 1024 2269 persona
1049 2217 1189 2259 divina
1212 2220 1329 2259 totus
1355 2232 1403 2259 ac
1426 2217 1639 2271 perfectus
1656 2216 1784 2270 Deus,

237 2285 324 2324 tam
351 2284 394 2324 in
424 2283 588 2337 Vetere,
621 2301 746 2338 quam
772 2287 816 2328 in
844 2286 972 2329 Novo
997 2287 1282 2340 Testamento,
1307 2290 1400 2330 tum
1424 2288 1666 2341 subjective,
1692 2291 1786 2331 tum

238 2354 493 2406 attributive,
533 2359 716 2409 vocatur,
747 2357 847 2399 Gen.
879 2359 914 2410 1,
945 2360 982 2400 1.
1012 2358 1134 2401 Rom.
1164 2361 1200 2412 9,
1230 2360 1266 2401 5.
1299 2359 1392 2402 Act.
1421 2360 1458 2410 5,
1487 2360 1525 2402 4.
1557 2362 1598 2401 et
1625 2360 1687 2412 20,
1720 2360 1783 2402 28.

288 2424 420 2467 XXX.
457 2425 668 2468 Ultimum
705 2429 817 2480 quod
854 2445 1056 2484 personae
1094 2431 1261 2473 divinae
1297 2431 1537 2484 tribuimus,
1578 2433 1642 2473 est
1669 2431 1784 2487 ‘quod

234 2498 326 2537 tota
355 2498 532 2538 essentia
561 2499 699 2540 divina
726 2500 768 2541 in
798 2515 845 2542 ea
874 2501 928 2542 sit
957 2502 1009 2543 ab
1039 2504 1223 2544 aeterno.

288 2566 441 2609 XXXI.
478 2568 576 2610 Non
612 2569 743 2623 igitur
779 2586 862 2612 una
890 2587 1071 2625 persona
1102 2573 1243 2615 divina
1271 2576 1386 2615 certo
1417 2574 1562 2627 aliquo
1590 2576 1782 2627 tempore
1827 2568 1829 2571 ’

236 2636 286 2677 ab
329 2638 409 2680 alia
451 2642 543 2680 orta
580 2640 658 2692 est,
703 2644 750 2682 ut
790 2643 1002 2694 quaelibet
1038 2644 1233 2697 humana,
1272 2645 1345 2687 sed
1374 2660 1450 2698 per
1479 2645 1782 2699 sempiternam
1842 2670 1849 2674 -

236 2708 357 2748 unius
396 2710 660 2763 ejusdemque
697 2713 899 2754 essentiae
929 2716 1124 2756 aeternae
1154 2716 1491 2759 communionem
1521 2731 1617 2758 cum
1646 2716 1781 2758 altera

237 2792 398 2830 semper
427 2781 600 2822 exsistit.
821 2769 835 2781 m

288 2846 460 2891 XXXII.
503 2850 623 2894 Unde
665 2855 845 2896 essentia
888 2856 1009 2898 unius
1050 2872 1253 2910 personae
1291 2861 1352 2901 est
1381 2859 1554 2901 alterius
1585 2850 1776 2912 essentia,

237 2920 278 2959 et
309 2919 503 2972 quicquid
532 2922 581 2963 de
610 2923 699 2965 Deo
729 2927 1008 2969 communiter
1037 2929 1203 2980 dicitur,
1233 2931 1282 2972 de
1313 2931 1502 2984 qualibet
1531 2932 1660 2973 etiam
1683 2931 1778 2973 Tri-

235 2989 380 3030 nItatis
432 3006 611 3043 persona
660 2995 930 3048 singulariter
969 3000 1284 3052 pronunciatur,
1328 3002 1441 3054 quod
1482 3003 1683 3045 nimirum
1723 3002 1778 3043 sit
