1931 3224
278 124 342 167 DE
370 123 538 167 Onmsmo
567 123 709 167 ΟΑΡῙΤΕ
737 122 958 165 Eeerfflsmn
987 136 1033 163 ET
1062 136 1110 162 DE
1140 120 1429 163 ANTIOHRISTO.
1552 120 1630 161 453

81 250 375 301 committitur,
413 249 512 291 Joh.
551 249 615 300 20,
653 248 715 289 21.
755 248 818 289 22.
851 247 914 288 23.
947 246 1070 288 Matt.
1101 246 1164 298 28,
1196 246 1258 287 18.
1290 260 1313 286 a
1343 244 1639 287 commissione

80 325 222 365 autem
251 322 303 363 ad
330 320 656 375 promissionem
686 321 784 360 ante
812 318 970 360 factam
998 318 1109 359 valet
1139 318 1447 370 argumentum.

133 392 310 435 XXVII.
348 392 417 433 Ad
453 392 593 434 locum
632 405 731 432 vero
772 390 953 431 alterum
991 388 1088 430 Joh.
1123 388 1185 429 21.
1217 387 1330 440 quod
1361 386 1528 438 attinet,
1556 400 1642 428 non

79 465 282 508 tribuitur
306 478 355 506 eo
379 463 474 516 ipso
499 462 662 504 Simoni
688 461 816 503 Petro
845 459 1157 502 universale
1185 458 1431 513 pastoris
1458 472 1638 499 munus

79 538 124 578 in
160 538 298 578 totam
334 534 583 586 Ecclesiam,
617 533 888 585 reliquosque
916 531 1164 585 ApostOIOS,
1194 530 1266 571 sed
1296 544 1516 571 commune
1546 544 1643 582 pas-

81 607 201 650 cendi
240 621 335 648 cum
368 605 543 658 reliquis
574 605 773 656 officium,
805 603 927 644 Matt.
960 603 1021 643 18.
1051 617 1101 643 ex
1131 616 1215 654 quo
1245 601 1398 642 merito
1427 600 1540 641 trina
1570 599 1643 641 ab·

79 678 308 732 negatione
346 677 572 728 exciderat,
611 675 735 717 Matt.
776 675 838 725 10,
877 674 940 715 32.
979 675 1100 714 terna
1141 672 1341 725 opposita
1380 671 1643 712 confessione

79 749 332 799 restituitur,
362 748 477 801 quod
507 750 549 789 et
578 747 697 789 dolor
726 745 880 798 arguit,
913 758 1040 797 quem
1069 743 1263 796 concepit
1292 742 1445 784 Petrus
1475 757 1526 783 ex
1557 744 1642 783 ter-

79 821 186 862 tiata
221 820 572 873 interrogatione,
613 817 733 870 quasi
773 815 1008 857 dubitantis
1048 814 1207 855 Christi
1244 814 1314 854 hic
1343 828 1480 855 sermo
1512 815 1642 863 esset,

79 907 217 944 neque
253 891 375 943 ,Βόσκε
412 894 454 932 et
486 890 685 941 ποίμοιινε,
708 902 832 942 pasce
860 888 914 929 τὰ
946 887 1072 939 οέρνίικ,
1098 901 1263 939 agnos
1288 900 1416 937 meos,
1444 887 1571 938 atque
1588 885 1642 927 τοὶ

80 963 289 1016 πρόβατα,
316 977 439 1004 oves
462 976 590 1013 meas,
617 961 825 1003 diversam
848 958 1068 1000 notionem
1090 957 1262 999 habent.
1286 956 1438 1009 Neque
1458 971 1643 1010 pascere,

80 1034 307 1088 imperium
348 1036 482 1085 notat,
526 1033 597 1074 sed
639 1031 934 1073 ministerium.
973 1029 1148 1071 Alienas
1187 1029 1299 1070 enim
1339 1043 1437 1070 oves
1470 1029 1644 1082 jubetur

80 1120 266 1159 pascere.
298 1103 450 1156 Neque
475 1103 642 1154 dicitur,
671 1101 810 1145 πάντα
839 1102 891 1143 τὰ
921 1100 1130 1154 πρόβκτκ,
1163 1100 1236 1142 sed
1264 1100 1482 1142 indefinite
1514 1101 1644 1142 etiam

81 1176 173 1218 aliis
203 1175 437 1227 commissa,
467 1173 591 1216 Matt.
622 1175 685 1225 28,
717 1174 779 1215 19.
809 1173 940 1215 Marc.
966 1173 1029 1223 16,
1056 1172 1118 1213 15.
1145 1173 1168 1212 2
1195 1171 1288 1213 Cor.
1316 1173 1379 1223 11,
1404 1172 1467 1213 28.
1492 1171 1644 1224 Neque

81 1247 261 1299 denique
301 1261 446 1288 omnes
485 1245 698 1287 Ecclesias
735 1244 866 1298 pavit,
905 1243 976 1285 sed
1013 1243 1176 1296 partito
1216 1257 1310 1284 611111
1340 1243 1513 1295 reliquis
1544 1243 1644 1296 egit,

81 1318 170 1361 Gal.
202 1320 239 1360 2.

136 1388 335 1431 XXVIII.
364 1387 515 1442 Neque
547 1388 774 1441 quicquam
802 1387 845 1428 in
875 1387 1096 1428 adversum
1124 1385 1240 1437 facit,
1267 1386 1379 1439 quod
1404 1386 1569 1438 quaerit
1595 1401 1644 1427 ex

82 1477 130 1504 eo
162 1461 368 1513 Christus,
399 1474 540 1502 amas
570 1474 644 1500 me
674 1459 818 1512 plus,
849 1472 1004 1510 quam
1027 1457 1100 1510 hi,
1126 1457 1287 1499 scilicet
1302 1456 1505 1510 Apostoli
1521 1472 1645 1510 prae-

82 1535 233 1584 sentes,
280 1532 467 1574 Thomas
508 1530 705 1572 videlicet
742 1532 784 1570 et
823 1529 904 1574 duo
942 1529 1018 1570 filii
1056 1528 1275 1581 Zebedaei,
1315 1531 1391 1570 etc.
1434 1530 1553 1582 quasi
1592 1529 1643 1570 ab

83 1619 254 1646 excessu
283 1604 438 1646 amoris
461 1603 595 1656 ipsius
618 1615 721 1655 prae
745 1600 931 1653 reliquis,
960 1599 1282 1641 concluderetur
1307 1614 1433 1653 super
1458 1600 1644 1653 reliquos

81 1676 360 1730 principatus.
398 1674 550 1727 Neque
587 1688 635 1714 ea
662 1671 999 1725 interrogatione
1029 1670 1199 1722 Christi,
1230 1673 1397 1713 constat
1426 1686 1520 1713 eum
1550 1672 1644 1725 plus

81 1747 257 1800 reliquis
298 1761 472 1797 amasse,
506 1746 592 1787 imo
625 1745 785 1794 contra,
821 1743 934 1795 quod
964 1742 1155 1795 quaestio
1185 1742 1479 1784 institueretur
1508 1743 1557 1784 de
1585 1758 1643 1795 re,

82 1817 134 1858 ad
171 1831 299 1870 quam
336 1816 592 1870 respondere
620 1815 825 1868 nequibat
855 1814 983 1867 (unde
1012 1829 1098 1855 non
1128 1814 1177 1855 de
1207 1814 1357 1866 alieno,
1388 1815 1459 1856 sed
1488 1815 1537 1856 de
1566 1830 1642 1856 suo

83 1903 225 1930 amore
262 1889 443 1929 testatus
483 1889 545 1928 est
582 1886 690 1940 ipse)
731 1888 911 1937 constat,
949 1900 1035 1926 non
1071 1885 1114 1926 id
1152 1884 1417 1938 affirmantis,
1452 1886 1524 1927 sed
1554 1887 1643 1939 ejus

83 1960 365 2002 confidentem
416 1959 707 2009 ambitionem,
757 1960 805 1998 ut
857 1956 929 2009 qui
982 1956 1156 2008 dixerat,
1202 1957 1419 1998 etiamsi
1464 1973 1643 2001 omnes

84 2032 446 2074 offendantur
473 2031 527 2071 in
555 2032 625 2081 te,
651 2043 748 2083 ego
773 2043 1043 2081 nunquam
1069 2029 1323 2080 offendar,
1350 2029 1473 2072 Matt.
1499 2031 1562 2082 26,
1579 2030 1641 2072 35.

84 2102 380 2157 exprobrantis
419 2104 460 2143 et
498 2101 715 2154 arguentis
755 2115 856 2142 esse.
894 2100 959 2141 Ac
986 2102 1154 2140 tantum
1183 2113 1232 2141 60
1262 2099 1485 2150 indicatur,
1516 2115 1643 2153 quam

82 2189 239 2228 magna
265 2173 361 2215 fidei
388 2175 429 2215 et
454 2172 643 2214 caritatis
667 2172 872 2226 perfectio
898 2172 950 2213 ab
977 2171 1173 2213 omnibus
1197 2171 1402 2212 ministris
1428 2171 1643 2214 Ecclesiae

84 2247 292 2300 exigatur.

136 2317 293 2359 XXIX.
332 2316 470 2359 Multo
508 2316 648 2359 minus
685 2316 957 2359 Pontifici
986 2315 1243 2368 Romano,
1275 2317 1642 2358 successionis

85 2392 135 2432 et
176 2387 546 2430 haereditatis
588 2387 654 2440 (ut
695 2387 862 2440 volunt)
901 2389 1042 2441 jure,
1083 2386 1188 2428 haec
1223 2386 1319 2440 ipsa
1357 2388 1561 2440 competit
1599 2387 1644 2429 in

83 2459 319 2503 Ecclesiam
348 2459 429 2501 Dei
459 2461 501 2501 et
529 2458 686 2501 Christi
713 2459 986 2512 reliquosque
1009 2459 1247 2512 Episcopos
1272 2459 1478 2510 potestas,
1505 2460 1546 2498 et
1570 2457 1642 2499 ad-

83 2531 409 2574 ministrationis
438 2531 659 2584 primatus.
686 2530 735 2572 Id
765 2531 876 2573 enim
904 2531 1038 2572 multa
1062 2529 1380 2585 praesupponit,
1407 2529 1442 2570 1.
1467 2528 1643 2570 Petrum

84 2603 257 2658 reliquis
299 2602 523 2657 Apostolis
563 2602 691 2644 fuisse
733 2603 1013 2644 constitutum
1055 2602 1328 2655 superiorem,
1374 2600 1487 2653 quod
1525 2615 1642 2642 secus

85 2690 174 2717 esse
199 2677 288 2728 jam
315 2673 603 2730 probavimus.
631 2674 668 2714 2.
693 2672 771 2716 Jus
795 2674 900 2715 illud
925 2673 1238 2727 superioritatis
1262 2672 1306 2713 in
1331 2687 1378 2715 eo
1403 2686 1489 2713 non
1513 2671 1642 2714 fuisse

85 2747 319 2800 personale,
349 2746 422 2788 sed
451 2745 743 2788 successivum.
771 2745 831 2788 At
858 2745 1081 2799 Apostolis
1109 2759 1245 2796 1161110,
1278 2744 1391 2797 quod
1415 2743 1643 2796 singularis

86 2833 232 2860 eorum
259 2818 314 2860 sit
338 2817 519 2868 vocatio,
543 2817 748 2868 succedit;
775 2819 819 2858 et
841 2817 876 2857 si
900 2816 1149 2867 succeditur,
1174 2816 1220 2857 in
1245 2815 1437 2857 doctrina
1463 2817 1504 2857 et
1528 2829 1642 2857 com-

84 2889 201 2930 muni
240 2889 382 2931 officio
420 2889 668 2930 succeditur.
708 2890 745 2930 3.
775 2887 1092 2930 Successionem
1119 2887 1235 2928 illam
1263 2887 1483 2940 alligatam
1512 2886 1642 2928 fuisse

86 2962 200 3002 certo
237 2961 331 3002 loco
370 2962 411 3002 et
449 2959 685 3002 cathedrae.
716 2959 775 3000 At
804 2959 921 3000 locus
950 2958 1256 3001 successionem
1283 2973 1369 2999 non
1398 2958 1573 3000 confert.
1604 2958 1640 2999 4.
