1931 3224
426 94 490 136 DE
519 93 649 137 SrArU
678 92 966 135 Exim-mom
995 91 1095 134 Jnsu
1123 92 1297 133 Cflmsrx.
1563 92 1641 132 273

85 235 227 262 veram
257 222 298 261 et
327 219 535 260 actualem
563 218 720 260 Christi
750 219 793 260 in
819 218 953 259 vitam
977 217 1357 267 resuscitationem,
1383 231 1465 268 qua
1491 230 1644 268 corpus

87 292 176 344 ejus
213 290 265 332 ab
304 290 446 332 anima
476 305 572 332 vere
601 291 850 343 sejunctum,
882 292 924 331 et
952 289 1083 331 tridui
1110 302 1230 330 mora
1259 287 1303 328 in
1333 287 1526 340 sepulcro
1557 288 1646 329 sine

85 361 171 404 ulla
211 361 484 414 corruptione
521 361 707 402 naturali
745 361 977 412 detentum,
1018 375 1113 402 cum
1141 360 1281 401 anima
1312 359 1510 413 ejusdem,
1540 374 1647 412 quae

86 434 178 474 toto
218 432 368 474 mortis
406 435 600 485 tempore
637 432 681 473 in
719 431 922 474 Paradiso
954 435 1044 473 erat
1072 433 1250 482 versata,
1282 445 1449 472 rursum
1479 445 1576 472 vere
1607 433 1648 472 et

86 503 339 544 naturaliter
377 504 651 555 conjunctum
687 502 780 554 fuit,
821 506 947 556 atque
985 503 1028 544 in
1058 503 1190 544 vitam
1220 502 1331 544 hanc
1360 501 1534 555 proprie
1563 502 1650 543 dic-

86 576 175 615 tam
213 574 446 626 reductum,
486 573 748 615 mortalitate
781 576 923 615 tamen
955 589 1002 615 ac
1031 573 1207 626 reliquis
1235 573 1348 615 vitae
1376 573 1502 626 hujus
1533 572 1649 614 infir-

86 645 308 686 mitatibus
339 645 468 697 plane
495 645 713 698 depositis.

141 715 215 759 IV.
265 715 539 760 Infirmitates
589 717 699 769 illae,
753 732 858 769 quas
902 716 1093 758 Christus
1135 716 1396 769 resurgendo
1440 715 1649 769 deposuit,

89 790 186 828 sunt
215 787 393 829 duorum
422 803 645 841 generum:
675 790 768 829 tum
798 788 951 840 quibus
977 802 1027 828 ex
1050 787 1189 841 prima
1214 788 1426 828 creatione
1450 786 1494 827 in
1519 786 1649 828 vitam

87 858 198 900 hanc
239 859 478 910 animalem,
516 859 702 900 humana
738 861 891 900 natura
923 858 1006 899 fuit
1036 858 1237 910 subjecta,
1271 858 1319 898 de
1351 857 1503 910 quibus
1533 857 1652 910 Apo-

90 930 223 972 stolus
254 930 275 971 l
308 929 401 971 Cor.
433 930 494 981 15,
524 930 588 971 44.
620 932 661 972 et
695 929 797 971 alibi
827 928 1047 982 Scriptura
1076 928 1188 982 agit3
1218 931 1309 969 tum
1340 929 1494 981 quibus
1524 943 1652 981 pecu-

88 1001 251 1043 liariter
287 1004 507 1054 tamquam
545 1015 726 1054 sponsor
763 1003 909 1042 noster
946 1002 1125 1054 propter
1162 1002 1336 1054 peccata
1364 1003 1511 1042 nostra
1541 1000 1653 1052 seip-

91 1087 183 1114 sum
222 1072 413 1126 subjecit,
454 1072 720 1114 similiter
757 1072 1042 1114 nobiscum
1070 1086 1165 1125 per
1196 1071 1371 1113 omnia
1400 1073 1653 1112 tentatus

92 1147 322 1198 excepto
352 1143 923 1198 peccato,Hebr.4,15.

145 1215 456 1269 V.·Negamus
491 1218 646 1266 tamen,
685 1218 915 1268 propterea
954 1213 1170 1256 Christum
1206 1214 1272 1256 vel
1310 1215 1548 1266 essentiam,
1593 1215 1655 1256 vel

93 1287 334 1330 essentiales
376 1287 662 1341 proprietates
705 1289 884 1328 naturae
927 1285 1139 1328 humanae
1183 1301 1260 1339 per
1302 1285 1655 1327 resurrectionem

95 1373 212 1400 suam
253 1358 509 1412 deposuisse,
549 1373 635 1399 non
672 1358 810 1411 magis
853 1373 979 1410 quam
1019 1372 1096 1399 nos
1135 1372 1204 1399 eas
1243 1359 1342 1411 post
1380 1357 1489 1398 hanc
1523 1358 1656 1398 vitam

96 1422 392 1483 deponemus,
414 1444 546 1482 quum
584 1444 761 1483 corpora
799 1431 946 1470 nostra
984 1428 1097 1469 illius
1137 1428 1307 1480 corpori
1344 1427 1532 1479 ,Q‘lorioso
1571 1428 1656 1468 sint

93 1502 236 1544 futura
266 1501 512 1552 conformia,
538 1500 648 1542 Phil.
674 1501 711 1552 3,
736 1501 814 1551 21„
841 1499 1182 1553 quandoquidem
1200 1500 1293 1552 ipse
1319 1497 1511 1540 Christus
1528 1499 1657 1540 etiam

95 1575 195 1626 post
235 1573 587 1614 resurrectionem
625 1571 844 1625 discipulis
887 1572 973 1613 suis
1015 1573 1197 1613 testatus
1235 1570 1302 1621 sit,
1342 1585 1495 1623 corpus
1535 1585 1656 1612 suum

96 1658 219 1685 carne
258 1646 300 1686 et
339 1643 504 1685 ossibus
543 1645 749 1695 constare,
789 1642 978 1695 adeoque
1007 1641 1118 1684 visui
1149 1644 1276 1694 atque
1305 1642 1439 1684 tactui
1468 1657 1557 1684 esse
1586 1657 1657 1684 ex-

95 1715 297 1768 positum,
327 1713 423 1756 Luc.
455 1715 519 1766 24,
549 1715 612 1756 39.

149 1784 223 1828 VI.
261 1785 384 1828 Unde
421 1785 624 1837 videmus,
665 1800 792 1838 quam
832 1784 1020 1838 graviter
1058 1784 1122 1825 1111
1156 1786 1307 1835 errent,
1339 1784 1412 1836 qui
1441 1783 1654 1825 Christum

95 1859 194 1911 post
217 1857 582 1909 resurrectionem,
608 1856 815 1910 ejusmodi
840 1870 994 1909 corpus
1017 1855 1293 1908 resumpsisse
1314 1857 1521 1907 statuunt,
1547 1855 1659 1907 quod

97 1930 213 1971 omni
242 1928 482 1982 quantitate
511 1943 559 1970 ac
588 1928 847 1970 dimensione
878 1930 1031 1980 careat,
1063 1930 1104 1969 et
1127 1927 1262 1968 instar
1287 1926 1462 1980 spiritus
1489 1926 1660 1979 quaevis

97 2000 179 2042 alia
224 2015 414 2053 corpora,
460 2000 548 2042 sine
593 2014 738 2041 eorum
777 2000 963 2041 cessione
1002 2001 1075 2040 aut
1111 1997 1331 2052 apertione
1366 2000 1580 2052 penetret3
1620 2000 1661 2039 et

99 2072 259 2124 quanto
300 2070 438 2112 adhuc
476 2070 646 2123 gravius
685 2072 825 2112 errent
863 2069 938 2121 illi,
980 2069 1053 2121 qui
1081 2068 1124 2110 id
1152 2068 1195 2109 in
1226 2069 1373 2111 multis
1404 2069 1529 2111 simul
1556 2070 1660 2111 locis

99 2142 246 2185 eodem
283 2142 490 2196 temporis
528 2145 745 2184 momento
786 2141 919 2194 (quod
955 2156 1008 2183 ne
1037 2141 1208 2194 quidem
1237 2140 1460 2195 spiritibus
1491 2155 1661 2182 conces-

99 2227 192 2255 sum
228 2212 308 2266 est)
347 2229 423 2267 per
460 2214 833 2267 reproductionem
874 2212 940 2265 (ut
967 2212 1163 2254 hodierni
1192 2212 1382 2255 Jesuitae
1410 2211 1661 2265 loquuntur)

99 2284 244 2326 adesse
274 2285 455 2338 fingunt.
495 2285 649 2327 Tolle
679 2285 817 2327 enim
848 2284 1033 2338 spatia
1058 2299 1149 2326 sua
1175 2283 1521 2337 corporibus,
1547 2299 1663 2325 nus-

102 2370 255 2408 quam
304 2359 480 2408 erunt,
535 2359 584 2398 et
637 2355 763 2408 quia
814 2370 1076 2409 nusquam
1130 2357 1307 2406 erunt,
1350 2370 1443 2397 nec
1486 2358 1662 2405 erunt,

100 2427 237 2468 tolle
265 2428 386 2480 ipsa
415 2442 649 2480 corpora
680 2426 1050 2480 qualitatibus
1085 2441 1394 2479 corporum,
1424 2441 1526 2468 non
1557 2426 1664 2467 erit

99 2498 191 2539 ubi
230 2498 362 2549 sint,
402 2501 452 2540 et
489 2499 609 2540 ideo
646 2513 868 2540 necesse
909 2500 988 2539 est
1024 2500 1080 2539 ut
1117 2512 1222 2539 non
1255 2497 1383 2548 sint,
1415 2500 1462 2538 ut
1492 2496 1664 2550 Augus-

100 2569 216 2610 tinus
258 2570 555 2612 convenienter
595 2572 773 2611 naturae
816 2584 864 2611 ac
906 2567 1151 2622 Scripturae
1187 2568 1389 2620 loquitur,
1432 2567 1571 2621 Epist.
1600 2568 1663 2610 57.

102 2640 155 2682 ad
183 2639 441 2682 Dardanum.

160 2711 248 2754 VII.
280 2711 414 2754 Causa
443 2711 629 2754 efficiens
658 2711 906 2765 principalis
939 2714 1012 2764 est,
1043 2714 1135 2753 tum
1163 2710 1277 2752 Deus
1306 2710 1435 2752 Pater
1463 2726 1539 2764 per
1565 2710 1662 2765 Spi-

103 2782 234 2824 ritum
271 2797 406 2837 suum,
445 2783 567 2825 Rom.
607 2783 643 2834 8,
680 2783 742 2824 11.
774 2783 846 2835 qui
877 2782 928 2823 ad
958 2782 1366 2824 demonstrationem
1394 2782 1588 2824 veritatis
1618 2797 1666 2824 ac

100 2854 294 2907 justitiae
337 2870 437 2896 suae
475 2853 690 2895 Christum
728 2868 779 2895 ex
814 2855 964 2905 morte,
1003 2868 1026 2894 a
1066 2867 1149 2905 qua
1186 2852 1278 2894 fieri
1314 2867 1400 2894 11011
1438 2854 1580 2907 potuit
1619 2856 1667 2895 ut

106 2925 376 2978 detineretur,
416 2925 511 2966 Act.
550 2926 587 2977 2,
625 2924 687 2966 24.
726 2924 1005 2967 resuscitavit.
1045 2923 1155 2966 Tum
1191 2923 1282 2977 ipse
1321 2938 1491 2977 quoque
1521 2924 1666 2975 Filius,

274 3003 278 3009 ·
1456 2997 1488 3022 18
