1931 3224
199 143 262 185 DE
291 143 396 185 Vm
424 158 469 186 Ac
497 143 643 187 MORTE
673 145 861 187 AETERNA
890 159 936 187 ΕΤ
966 145 1295 187 CONsUMMATmNE
1326 160 1472 188 stetim.
1529 146 1607 187 653

0 264 3 271 ’
53 282 273 321 pauperes,
315 283 443 321 quam
479 269 554 311 illo
594 270 660 311 (lie
696 271 853 312 factam
890 271 970 312 sibi
998 285 1177 324 magnus
1207 270 1348 313 Judex
1377 271 1607 324 reputabit.

52 333 490 381 Ad'consolationem
530 340 708 394 denique
748 344 789 383 et
825 342 1076 395 patientiam
1114 342 1159 384 in
1187 342 1372 384 adversis
1402 343 1609 394 omnibus,

52 425 259 454 memores
299 411 409 453 diem
446 411 565 453 illum
592 413 758 455 ratione
786 414 956 467 piorum
986 415 1291 467 ἀπολυτρώσεως
1323 415 1433 457 diem
1462 415 1609 468 appel-

18 524 21 525 ?
52 482 143 535 lari,
179 485 228 524 ut
263 483 308 524 in
345 484 660 536 exspectatione
700 486 788 537 ejus
829 486 1011 539 capita
1040 488 1230 528 nostra
1260 486 1608 537 attollamus,

53 553 148 595 Luc.
177 554 241 606 21,
271 554 333 596 28.
363 554 420 596 Et
447 554 626 597 fidenter
656 571 749 597 cum
779 556 987 610 Johanne,
1017 558 1177 612 Apoc.
1207 558 1270 611 22,
1297 559 1357 600 19.
1384 558 1488 598 illud
1512 557 1610 599 sub-

52 626 149 668 inde
187 629 440 680 repetamus,
480 627 547 669 ml
577 627 693 681 ἔρχου
725 627 837 681 Κύριε
870 633 1005 678 Ἰησοῦ.

516 999 993 1049 DISPUTATIO
1036 1002 1139 1049 LII.

808 1109 854 1131 DE

161 1182 314 1251 Vita
363 1205 436 1252 ac
483 1183 692 1252 Morte
743 1183 1029 1251 Aeterna
1077 1188 1139 1251 et
1190 1184 1509 1253 Consum-

559 1297 846 1365 matione
897 1297 1112 1365 seculi.

342 1424 539 1467 Praeside
578 1424 631 1466 D.
669 1424 982 1468 ANTONIO
1022 1425 1333 1468 WALAEO.

367 1517 642 1567 Respondente
672 1516 965 1556 FRANOISCO
994 1517 1297 1557 BOOGARDO.

708 1623 897 1666 THEs1s
936 1623 967 1666 I.

212 1726 406 1756 xPLICATIs
450 1712 645 1754 omnibus
687 1713 740 1755 iis
785 1728 891 1766 quae
934 1713 986 1755 acl
1028 1714 1226 1755 ultimum
1263 1713 1447 1755 hominis
1486 1714 1612 1756 finem

213 1785 383 1837 ducunt,
413 1784 626 1838 reliquum
655 1787 730 1837 est,
760 1787 807 1826 ut
836 1785 917 1827 hac
946 1785 1097 1827 ultima
1121 1785 1420 1839 disputatione,
1448 1786 1497 1827 de
1517 1787 1610 1839 ipso

55 1870 252 1910 supremo
290 1857 474 1899 hominis
501 1857 594 1910 fine,
625 1872 674 1899 ac
701 1857 834 1899 totius
862 1858 1007 1900 mundi
1036 1860 1222 1900 extrema
1253 1859 1613 1900 consummatione

54 1942 242 1982 agamus.

108 1998 163 2042 II.
192 1999 309 2043 Finis
338 2000 512 2042 ultimus
541 2000 726 2042 hominis
755 2001 799 2042 in
823 2001 1016 2054 symbolo
1042 2001 1306 2054 Apostolico,
1331 2001 1419 2043 vita
1443 2003 1612 2043 aeterna

57 2070 312 2124 appellatur,
351 2073 417 2114 cui
456 2087 571 2114 mors
609 2075 781 2115 aeterna
811 2073 1054 2126 opponitur,
1085 2072 1156 2114 sed
1185 2072 1340 2114 idcirco
1371 2072 1474 2115 haec
1502 2073 1613 2114 inter

54 2141 154 2184 fidei
192 2143 392 2185 articulos
430 2158 516 2186 non
552 2146 807 2196 recensetur,
847 2144 945 2196 quia
982 2143 1165 2185 fructum
1195 2144 1291 2186 fidei
1319 2147 1499 2196 tantum,
1527 2159 1614 2186 non

57 2214 181 2258 etiam
212 2216 489 2268 infidelitatis,
519 2216 760 2270 symbolum
788 2215 993 2267 meminit,
1020 2217 1060 2256 et
1086 2230 1230 2257 eorum
1255 2216 1392 2257 solum
1416 2216 1514 2257 fidei
1538 2215 1613 2257 ob-

51 2289 273 2342 jectorum,
304 2303 485 2342 quorum
512 2303 599 2330 non
628 2291 797 2330 tantum
823 2287 979 2328 veritas
1008 2301 1059 2328 ex
1087 2286 1128 2328 S.
1159 2285 1380 2339 Scriptura
1408 2286 1613 2327 credenda

57 2362 133 2412 est,
163 2360 235 2402 sed
263 2375 445 2414 quorum
473 2360 601 2403 etiam
629 2359 899 2414 particularis
927 2358 1172 2411 applicatio,
1202 2373 1277 2412 per
1299 2358 1438 2399 vivam
1463 2360 1504 2399 et
1528 2357 1613 2399 sin-

57 2432 248 2485 gularem
275 2432 485 2485 fiduciam,
515 2433 568 2474 acl
597 2447 669 2474 cor
697 2431 882 2473 hominis
911 2429 1154 2483 requiritur.

109 2501 184 2545 III.
222 2502 304 2545 Per
340 2504 473 2546 vitani
502 2506 717 2546 aeternam
746 2502 815 2544 hic
843 2516 942 2543 vero
971 2500 1238 2554 intelligitur,
1264 2514 1350 2541 non
1378 2500 1542 2541 animae
1572 2501 1614 2541 et

58 2574 248 2627 corporis
277 2577 448 2617 aeterna
477 2577 518 2617 et
545 2575 712 2628 irrupta
741 2572 994 2625 conjunctio,
1027 2587 1133 2625 quae
1161 2571 1354 2625 reprobis
1380 2571 1613 2613 communis

59 2645 159 2688 erit:
200 2646 270 2688 sed
307 2649 479 2689 aeterna
515 2645 700 2688 hominis
739 2644 958 2686 beatitudo
998 2658 1046 2685 ac
1084 2643 1276 2695 felicitas,
1317 2657 1423 2695 quae
1453 2657 1503 2684 ex
1533 2641 1614 2684 Dei

56 2715 280 2759 nobiscum
318 2717 614 2770 conjunctione
654 2731 727 2757 seu
755 2715 909 2756 unione
937 2713 1204 2756 indeficiente
1228 2713 1375 2756 oritur.
1405 2713 1614 2762 Quemad-

58 2788 231 2830 modum
260 2789 372 2831 enim
399 2789 488 2831 vita
518 2787 707 2841 corporis
736 2789 798 2828 est
827 2786 988 2836 anima3
1013 2785 1075 2827 ita
1098 2785 1187 2827 vita
1208 2784 1373 2827 animae
1399 2786 1462 2826 est
1485 2783 1613 2836 Deus,

57 2859 168 2901 unde
197 2862 240 2902 et
270 2859 488 2913 Propheta
515 2858 653 2901 David
682 2857 750 2899 Ps.
779 2859 843 2910 33,
874 2859 934 2899 12.
963 2856 1164 2898 Beatus
1194 2856 1430 2910 populus
1459 2857 1613 2909 cujus

60 2929 268 2973 Jehova
306 2933 386 2972 est
424 2930 589 2982 Deus,
630 2932 671 2971 et
708 2928 947 2986 Apostolus
983 2929 1004 2969 1
1043 2928 1142 2970 Joh.
1171 2929 1208 2981 2,
1237 2929 1274 2970 3.
1305 2928 1453 2977 Quod
1481 2928 1613 2971 vidi-

60 3014 173 3044 mus
211 3004 262 3045 et
298 3001 626 3054 audivimus,
666 3000 1057 3044 annunciamus
1095 3000 1269 3053 vobis,
1307 3002 1364 3042 ut
1393 3014 1613 3043 cominu-
