1931 3224
283 127 362 167 486
856 125 1099 168 D1sthTAr1o
1137 100 1289 169 XLIII.

282 249 375 291 Nec
417 250 527 291 enim
570 249 695 302 quia
733 263 834 290 una
873 250 1161 303 eademque
1199 265 1304 303 res,
1344 251 1475 293 aliis
1515 254 1680 305 atque
1719 252 1849 295 aliis

285 320 467 363 Sacris
494 322 543 361 et
567 320 959 373 Sacramentis,
984 322 1067 363 vel
1091 322 1474 375 praedicatur,
1501 326 1592 365 aut
1616 324 1849 377 prophe-

284 395 455 443 tatur,
501 391 620 433 ideo
665 392 807 433 alias
852 395 1014 445 atque
1057 394 1198 435 alias
1244 409 1349 447 res,
1387 395 1474 436 vel
1511 394 1649 436 alias
1687 397 1850 448 atque

285 463 422 504 alias
452 463 661 504 salutes
693 477 757 516 op
771 466 917 506 ortet
946 464 1220 518 intelligi,
1263 467 1311 506 ut
1349 465 1453 507 scite
1489 464 1672 518 August.
1711 465 1850 519 Epist.

283 534 346 575 49.
385 535 428 575 in
464 550 639 586 summa,
672 535 928 577 conveniunt
956 538 1049 577 tota
1079 536 1326 578 definitione
1357 537 1556 590 generali.

337 605 535 647 XXXIII.
567 606 780 648 Differunt
809 621 911 660 ergo
942 609 1123 659 tantum,
1155 608 1190 649 1.
1220 608 1374 649 ritibus
1403 608 1606 661 propriis,
1637 608 1736 661 quia
1765 623 1852 651 non

285 678 431 720 eadem
469 680 568 718 sunt
595 678 639 718 in
667 677 806 729 Novo,
837 693 944 730 quae
973 679 1017 720 in
1046 679 1195 720 Veteri
1225 679 1514 731 Testamento,
1543 680 1588 721 in
1617 695 1701 733 quo
1731 681 1853 734 signa

285 749 524 791 difficiliora
545 749 744 793 instituta
768 754 878 803 sunt,
904 751 981 792 sub
1007 751 1211 794 servitute
1235 752 1355 804 legis,
1378 766 1504 804 quani
1520 755 1620 806 post
1636 752 1852 794 Christum

283 824 327 864 in
370 825 485 864 statu
526 823 738 865 libertatis
781 823 1076 876 Erangelicae.
1121 825 1157 865 2.
1201 823 1405 876 Numero,
1447 824 1547 876 quia
1587 824 1688 866 olim
1725 824 1853 877 plura

282 895 466 946 fuerunt,
492 910 603 936 nunc
627 895 842 948 pauciora.
860 896 896 936 3.
912 895 1042 936 Modo
1059 895 1339 948 significandi,
1357 895 1457 948 quia
1472 897 1617 937 vetera
1636 894 1853 937 Christum

284 967 509 1007 venturum
539 966 860 1019 promittebant,
890 981 1000 1007 nova
1030 965 1269 1007 exhibitum
1293 965 1561 1007 denunciant.
1587 965 1625 1006 4.
1651 964 1853 1018 Objectis,

286 1037 384 1090 quia
428 1039 571 1079 vetera
613 1038 725 1079 solos
763 1037 949 1080 Judaeos
986 1040 1139 1079 natura
1177 1037 1244 1079 Vel
1283 1052 1332 1079 ex
1371 1037 1571 1090 gentibus
1609 1037 1851 1090 proselytos

287 1109 538 1163 obligabant
551 1126 558 1159 ;
584 1125 695 1151 nova
723 1110 912 1151 omnium
937 1109 1129 1163 gentium
1153 1109 1398 1151 Ecclesiam.
1426 1110 1461 1151 5.
1487 1109 1738 1160 Duratione,
1755 1108 1853 1161 quia

286 1184 429 1223 vetera
457 1197 590 1234 usque
621 1182 673 1223 ad
703 1182 920 1223 Christum
948 1196 1119 1223 manere
1145 1181 1393 1233 debuerunt,
1420 1180 1497 1222 sub
1525 1196 1609 1234 quo
1627 1180 1852 1222 translatio
1898 1188 1900 1191 ’

287 1251 523 1294 Sacerdotii
558 1252 671 1294 facta
710 1254 773 1294 est
785 1269 793 1303 ;
831 1267 942 1294 nova
979 1267 1112 1305 usque
1147 1252 1199 1294 ad
1227 1252 1355 1293 finem
1383 1251 1524 1304 seculi,
1555 1252 1708 1304 quibus
1737 1252 1854 1294 nulla

287 1325 368 1367 alia
407 1328 504 1367 sunt
543 1340 797 1368 successura.
837 1325 1043 1377 Denique,
1086 1325 1314 1366 verborum
1344 1323 1726 1366 Sacramentalium
1753 1339 1851 1378 per-

287 1398 525 1451 spicuitate,
570 1400 612 1438 et
653 1397 852 1438 utilitatis
891 1397 1014 1449 copia
1053 1398 1094 1437 et
1132 1396 1340 1447 ubertate,
1381 1411 1560 1449 quarum
1592 1396 1678 1447 illa,
1716 1396 1852 1438 multo

286 1468 492 1510 illustrior
522 1468 565 1509 in
593 1468 750 1510 nostris
780 1470 844 1509 est
869 1482 996 1520 quam
1019 1468 1064 1508 in
1089 1467 1302 1509 veteribus
1316 1483 1324 1517 3
1352 1467 1457 1509 haec
1483 1469 1625 1509 autem
1649 1468 1786 1519 major
1812 1470 1854 1509 et

288 1540 583 1581 abundantior.
622 1539 859 1581 Proinde
897 1539 1025 1580 aliis
1064 1542 1191 1580 tunc
1222 1539 1535 1580 nominibus
1566 1541 1619 1580 et
1649 1539 1853 1592 signis,

288 1612 415 1653 aliis
456 1614 633 1654 autem
669 1627 827 1654 nunc:
869 1614 918 1654 et
957 1612 1108 1664 prius
1139 1611 1436 1664 occultius,
1465 1612 1663 1664 postea
1692 1611 1853 1652 mani-

287 1682 510 1724 festius:
551 1686 601 1724 et
639 1683 793 1736 prius
825 1698 848 1724 a
877 1683 1265 1736 paucioribus,
1295 1685 1490 1736 postea
1518 1697 1542 1724 a
1570 1682 1852 1736 pluribus,

287 1771 386 1796 una
423 1758 600 1796 tamen
640 1756 857 1807 eademq
873 1770 932 1796 ue
961 1755 1167 1808 religio
1200 1769 1348 1806 vera,
1379 1753 1751 1806 significatur
1780 1754 1854 1794 at-

289 1842 386 1879 que
417 1827 479 1869 ob
493 1829 766 1879 servatur,
795 1827 978 1880 August.
1008 1826 1147 1880 Epist.
1177 1826 1241 1867 49.
1553 1871 1557 1873 ,

340 1897 537 1939 XXXIV.
576 1898 643 1940 Ex
682 1898 835 1951 quibus
875 1899 1022 1950 liquet,
1062 1898 1215 1940 falsam
1255 1912 1343 1939 esse
1381 1897 1553 1939 illorum
1586 1897 1853 1950 sententiam,

288 1971 361 2023 qui
390 1970 664 2013 Sacramenta
694 1970 862 2012 Veteris
887 1969 1152 2012 Testamenti
1176 1969 1325 2011 volunt
1349 1969 1479 2011 fuisse
1503 1971 1672 2010 tantum
1695 1969 1854 2023 figuras

287 2056 495 2082 novorum
507 2058 515 2091 3
556 2042 741 2094 gratiam
774 2042 1080 2095 justificantem
1108 2043 1277 2082 tantum
1306 2040 1593 2092 adumbrasse,
1621 2056 1707 2083 non
1737 2040 1855 2082 exhi-

287 2112 441 2164 buisse,
471 2127 607 2165 neque
638 2113 898 2166 obsignasse,
929 2128 1057 2165 quam
1081 2127 1191 2154 nova
1216 2113 1388 2154 realiter
1413 2112 1670 2164 contineant,
1697 2115 1738 2154 et
1765 2126 1855 2153 om-

288 2183 412 2225 nibus
451 2184 786 2237 percipientibus
827 2199 903 2225 sua
941 2184 982 2225 vi
1012 2184 1188 2238 propria
1218 2183 1532 2230 communic-ant
1545 2200 1553 2235 ;
1585 2199 1679 2225 011111
1708 2184 1854 2226 Sacra-

289 2257 434 2296 menta
482 2255 635 2296 veteris
673 2256 780 2308 legis
820 2255 864 2296 in
901 2270 944 2296 se
980 2254 1139 2296 fuerint
1177 2255 1357 2307 inutilia,
1398 2258 1440 2296 et
1478 2269 1610 2308 egena
1649 2255 1856 2297 elementa

290 2341 396 2378 quae
426 2326 612 2380 gratiam
641 2341 718 2379 per
748 2341 790 2368 se
820 2341 906 2368 non
937 2326 1196 2368 contulerint
1227 2341 1278 2368 ex
1307 2341 1331 2368 0
1344 2342 1371 2379 p
1385 2341 1406 2368 e
1417 2341 1438 2367 r
1451 2341 1472 2368 e
1501 2341 1524 2368 o
1537 2342 1565 2380 p
1579 2341 1600 2368 e
1610 2342 1631 2368 r
1643 2342 1666 2368 a
1677 2329 1696 2368 t
1708 2341 1731 2368 o
1746 2359 1754 2378 ,
1784 2326 1856 2368 sed

289 2400 457 2440 tantum
487 2413 537 2440 ex
569 2413 632 2452 op
647 2413 733 2440 ere
766 2413 828 2451 op
842 2399 1074 2450 erantis,
1107 2400 1313 2450 quantum
1342 2413 1385 2439 m
1398 2413 1450 2439 er
1463 2398 1522 2440 eb
1536 2400 1658 2439 atur
1687 2398 1855 2439 susci-

288 2469 500 2522 pientis
530 2469 774 2522 devotio,
804 2472 861 2511 ut
897 2470 1050 2512 sitin
1081 2470 1350 2512 exercitio
1381 2469 1616 2511 aliorum
1641 2470 1857 2524 piorum

291 2557 314 2583 o
328 2557 355 2594 p
370 2557 390 2583 e
401 2558 422 2583 r
433 2558 461 2583 11
471 2557 524 2583 m.
554 2541 592 2583 N
601 2556 645 2583 00
676 2542 816 2583 minus
845 2541 1175 2593 hallucinantur,
1206 2541 1278 2594 qui
1307 2540 1579 2584 Sacramenta
1605 2544 1750 2583 vetera
1779 2556 1855 2583 vo·-

289 2615 382 2655 lunt
420 2613 550 2656 fuisse
587 2615 717 2667 typos
754 2615 922 2654 tantum
959 2628 1101 2654 rerum
1130 2613 1381 2665 absentium,
1413 2628 1507 2655 cum
1536 2613 1657 2654 novis
1685 2613 1856 2654 realiter

290 2689 331 2728 et
371 2686 710 2729 substantialiter
748 2700 838 2726 rem
875 2699 964 2726 esse
1003 2686 1284 2738 conjunctam,
1321 2685 1426 2738 ipsis
1464 2685 1654 2738 corporis
1685 2685 1856 2738 organis

291 2758 621 2810 percipiendam.

345 2828 520 2870 XXXV.
550 2829 667 2871 Haec
698 2831 840 2870 autem
869 2844 896 2883 p
910 2844 971 2870 au
984 2844 1040 2871 ca
1071 2843 1178 2882 quae
1208 2843 1303 2883 pro
1329 2828 1539 2878 multis,
1564 2842 1621 2869 ea
1634 2827 1856 2881 demque

292 2899 444 2941 factu
473 2900 745 2942 facillima
776 2903 816 2942 et
840 2901 1137 2943 intellectu
1162 2900 1576 2955 augustissima,
1601 2900 1653 2941 et
1677 2900 1856 2942 obser-

293 2971 516 3013 vatione
557 2973 896 3022 castissima,
937 2987 1072 3024 quae
1101 2972 1217 3025 ipse
1246 2971 1512 3014 Dominus
1542 2972 1594 3012 et
1621 2970 1855 3023 Aposto-

1920 649 1931 749 3

1912 751 1931 783 -1
