1931 3224
278 133 343 175 DE
373 131 552 180 Qnmmm
582 130 725 173 FALs1s
754 130 1069 172 PONTIFIOIORUM
1096 128 1381 173 SAcRAMENms.
1534 131 1612 172 553

555 288 1109 337 O'ONFIRMATIO.

105 406 180 448 III.
233 405 425 447 Primum
466 404 511 445 in
551 403 624 444 illo
668 403 813 444 ordine
852 401 882 444 C
894 417 918 444 o
931 417 958 443 n
968 402 1010 443 fi
1020 417 1041 443 r
1053 417 1092 443 m
1105 417 1129 443 a
1139 405 1158 444 t
1169 403 1183 444 i
1196 418 1220 444 o
1232 417 1260 444 n
1269 417 1290 444 e
1302 418 1344 445 m
1383 404 1613 458 appellant,

54 478 168 532 quod
199 477 417 525 definiunt,
448 475 476 517 S
489 490 665 517 acram
678 477 874 527 entum,
909 489 933 526 q
946 488 1009 516 uo
1022 474 1048 515 d
1071 474 1106 515 B
1120 474 1237 527 apti
1250 490 1270 515 z
1283 475 1389 517 atis
1413 475 1474 516 ab
1497 475 1614 529 Epi-

53 562 219 602 scopo
257 546 545 589 confertur
582 546 635 587 in
672 545 879 598 fronte,
918 560 1012 598 per
1046 559 1256 586 sacrum
1280 545 1524 588 Chrisma
1553 546 1614 587 ab

53 620 332 674 Episcopo
362 617 679 659 necessario
711 618 1116 668 consecratum,
1146 616 1353 658 additis
1377 617 1615 659 solenni-

53 692 81 733 b
92 707 120 733 u
131 706 150 733 s
187 706 213 732 v
226 706 247 732 e
259 705 280 732 r
290 690 317 731 b
329 689 374 731 is
387 722 396 741 ,
435 689 568 742 Signo
597 691 640 730 te
671 688 792 742 signo
824 688 969 740 crucis,
1001 691 1043 730 et
1072 689 1276 731 confirmo
1306 692 1349 731 te
1378 688 1616 731 Ohrismate

54 762 215 814 salutis,
253 761 298 802 in
334 760 505 802 nomine
535 759 689 812 Patris,
718 759 818 801 Filii
847 763 888 802 et
917 759 1102 813 Spiritus
1131 759 1288 812 Sancti,
1320 762 1363 802 et
1390 760 1442 801 in
1453 759 1475 801 f
1479 760 1517 801 li
1529 775 1550 801 c
1562 762 1578 801 t
1592 773 1616 800 a

55 834 231 886 alapa,
261 847 363 885 quo
393 832 535 873 fides
561 832 964 873 corroboratur
989 834 1041 873 et
1064 831 1271 873 homini
1296 831 1614 874 Christiano

54 905 116 947 ad
139 918 327 946 nomen
351 903 390 945 D
405 903 571 945 omini
597 903 1032 956 quandocunque
1057 917 1189 956 opus
1215 904 1316 954 est,
1337 902 1616 955 intrepide

54 975 437 1031 profitendum
466 975 675 1016 animus
704 975 939 1026 additur,
971 973 1138 1016 Catecli.
1170 973 1328 1016 Concil.
1359 973 1548 1015 Trident.
1573 973 1617 1014 in

54 1050 165 1102 part.
203 1048 240 1088 2.
277 1061 368 1100 cap.
405 1047 442 1087 3.
473 1047 656 1099 August.
685 1045 798 1088 Hun.
829 1045 879 1087 de
909 1045 1092 1088 Sacram.
1122 1044 1292 1087 Axiom.
1324 1045 1386 1086 13.
1415 1044 1511 1086 Ηο0
1541 1044 1617 1087 Sa-

55 1121 318 1161 cramentum
347 1132 482 1169 suum,
512 1117 670 1169 dicunt,
700 1132 728 1158 n
741 1131 764 1158 o
776 1131 805 1157 n
834 1131 852 1158 s
867 1131 890 1158 0
903 1117 958 1158 lu
969 1131 1009 1157 m
1041 1131 1062 1158 c
1073 1132 1101 1157 u
1110 1131 1153 1157 m
1182 1116 1217 1157 Β
1231 1130 1254 1157 3
1265 1132 1293 1170 p
1305 1115 1380 1157 tis
1392 1130 1434 1156 m
1446 1130 1469 1157 o
1500 1130 1521 1157 0
1533 1130 1557 1157 0
1568 1130 1617 1156 11-

55 1191 213 1242 ferri,
251 1190 340 1232 sed
378 1189 541 1231 etiam
578 1188 631 1228 in
661 1187 867 1229 duobus
896 1186 1194 1240 praeferri,
1223 1189 1333 1228 tum
1361 1187 1414 1228 in
1443 1187 1618 1240 digni-

55 1266 171 1306 tate
208 1261 479 1313 Ministri,
510 1260 600 1313 qui
631 1262 711 1301 est
741 1259 891 1300 solus
920 1259 1252 1312 Episcopus,
1282 1261 1391 1300 tum
1419 1259 1473 1300 in
1501 1274 1529 1312 p
1545 1274 1619 1301 er-

55 1334 76 1376 f
87 1349 108 1376 e
120 1349 141 1376 c
152 1333 231 1375 tio
242 1347 271 1374 n
282 1346 303 1373 e
333 1346 355 1373 e
365 1331 443 1372 ffe
455 1345 477 1373 c
486 1333 505 1372 t
516 1346 543 1372 u
555 1346 586 1372 s.
615 1330 812 1373 Costerus
842 1330 1063 1374 Enchirid.
1093 1345 1183 1384 cap.
1216 1331 1276 1372 11.

109 1404 184 1447 IV.
222 1404 305 1446 Hic
342 1405 378 1446 si
417 1403 685 1457 requiramus
723 1418 831 1456 quae
859 1403 904 1445 in
934 1403 1050 1444 omni
1081 1402 1354 1445 Sacramento
1384 1402 1620 1444 necessaria

58 1492 149 1519 esse
172 1476 256 1530 ipsi
280 1475 480 1527 fatentur,
504 1489 670 1528 nempe,
697 1475 731 1516 1.
756 1473 1076 1516 Institutionem
1093 1473 1382 1515 immediatam
1398 1488 1421 1514 a
1437 1472 1618 1515 Christo.

57 1549 94 1590 2.
125 1548 305 1601 Signum
336 1547 499 1589 visibile
529 1547 615 1589 sive
646 1546 857 1598 sensibile,
885 1546 1013 1598 idque
1044 1546 1203 1597 datum,
1232 1559 1318 1587 non
1345 1544 1551 1596 naturale,
1578 1547 1620 1586 et

57 1620 179 1662 analo
185 1619 300 1673 giam
336 1618 497 1660 habens
537 1633 633 1660 cum
670 1633 714 1660 re
754 1618 1005 1671 significata,
1044 1632 1119 1659 nec
1150 1632 1200 1658 ex
1227 1616 1426 1659 instituto
1457 1615 1620 1670 signifi-

60 1706 156 1733 cans
194 1693 242 1732 ut
279 1691 419 1732 verba.
458 1691 495 1732 3.
533 1689 724 1732 Verbum
763 1689 963 1731 accedens
1003 1689 1055 1730 ad
1093 1689 1358 1740 elementinn,
1400 1688 1619 1730 continens

57 1763 222 1816 gratiae
250 1762 449 1804 salutaris
477 1761 818 1815 promissionem,
850 1776 977 1814 quam
1005 1760 1089 1814 ipsi
1109 1760 1415 1813 justificantem
1443 1761 1597 1802 vocant
1610 1776 1618 1809 ς

58 1837 171 1876 certe
208 1833 313 1888 ipsis
352 1848 462 1887 aqua
499 1834 737 1876 necessario
777 1833 982 1875 haerebit.
1013 1832 1117 1874 Cum
1145 1833 1257 1874 enim
1285 1832 1430 1884 velint,
1458 1847 1501 1872 m
1513 1846 1537 1873 a
1547 1834 1566 1873 t
1577 1846 1620 1873 e-

56 1906 191 1949 riam
230 1905 322 1959 huj
336 1920 392 1947 us
434 1905 776 1948 Sacramenti
818 1907 1102 1956 remotam,
1143 1919 1259 1946 esse
1299 1904 1475 1946 oleum
1511 1903 1620 1945 bal-

59 1992 201 2020 samo
247 1977 564 2029 admixtum,
609 1977 671 2018 ab
713 1977 953 2031 Episcop
969 1991 992 2018 o
1036 1978 1435 2026 consecratum,
1475 1975 1619 2029 proxi-

58 2063 171 2090 mam
196 2063 310 2101 vero,
335 2049 649 2091 unctionem
673 2064 733 2090 ex
755 2048 876 2101 ipso
900 2048 1020 2090 oleo
1041 2048 1095 2089 in
1113 2047 1298 2089 fronte
1319 2047 1621 2089 adhibitam

59 2120 120 2161 ad
162 2119 390 2162 formam
432 2135 522 2162 seu
562 2121 800 2174 figuram
843 2119 1046 2170 crucis3
1089 2119 1271 2160 formam
1315 2120 1415 2171 ejus,
1458 2118 1622 2160 verba

60 2207 168 2245 quae
205 2206 332 2246 supra
370 2192 415 2234 in
454 2192 699 2234 definitione
738 2192 1031 2245 expressimus,
1072 2193 1150 2232 etc.
1175 2191 1219 2231 in
1247 2190 1314 2231 his
1344 2192 1456 2231 certe
1486 2189 1622 2231 omni-

59 2264 151 2315 bus,
180 2278 266 2305 non
290 2265 472 2317 possunt
496 2263 745 2305 mandatum
771 2265 812 2304 et
836 2262 1151 2303 institutionem
1176 2261 1362 2303 divinam
1387 2261 1622 2312 ostendere,

61 2335 146 2377 imo
187 2350 238 2376 ex
266 2335 318 2376 iis
347 2334 554 2386 nonnulli,
585 2336 633 2375 ut
662 2333 901 2375 Alexander
931 2333 980 2374 de
1009 2332 1112 2374 Ales
1143 2334 1184 2374 et
1213 2331 1528 2384 Bonaventura,
1557 2332 1622 2373 in-

61 2421 197 2460 genue
226 2405 411 2459 professi
440 2408 550 2457 sunt,
580 2405 663 2447 hoc
691 2404 1099 2447 Sacramentum
1127 2418 1299 2457 neque
1329 2418 1352 2444 a
1378 2403 1621 2455 Christo,

61 2492 233 2530 neque
273 2477 334 2518 ab
374 2476 663 2530 Apostolis
700 2476 1047 2528 institutum,
1078 2475 1168 2517 sed
1198 2475 1258 2516 ab
1288 2474 1542 2517 Ecclesia
1570 2474 1624 2515 in

62 2548 93 2591 C
105 2564 128 2591 ο
140 2564 168 2590 n
180 2549 311 2590 cilio
348 2548 393 2589 M
405 2548 450 2589 el
462 2548 488 2589 d
500 2563 521 2589 e
533 2563 561 2589 n
573 2547 636 2600 si,
677 2547 790 2600 quod
827 2547 904 2588 sub
934 2546 1137 2588 Lothario
1166 2546 1249 2588 fuit
1276 2546 1485 2598 habitum,
1514 2548 1624 2588 teste

63 2620 190 2662 Gabr.
219 2620 312 2662 Biel
335 2620 380 2661 in
407 2620 445 2660 4.
475 2618 602 2661 Sente
609 2621 669 2660 nt.
700 2619 884 2660 distinct.
915 2620 950 2661 7.
976 2634 1053 2661 nec
1078 2618 1286 2660 diffitetur
1311 2617 1476 2670 Scotus,
1504 2616 1624 2659 Chri-

62 2695 176 2735 stum
214 2695 256 2734 et
292 2691 542 2745 Apostolos,
572 2690 795 2732 materiam
824 2690 944 2732 illam
976 2693 1017 2732 et
1043 2690 1226 2731 formam
1253 2704 1340 2731 non
1368 2689 1622 2743 adhibuisse,

63 2765 153 2806 sine
191 2779 274 2818 qua
315 2763 530 2805 existimat
570 2761 785 2804 Christum
813 2762 1046 2817 Apostolos
1077 2776 1174 2803 suos
1205 2762 1476 2804 confirmasse
1489 2778 1497 2812 3
1528 2776 1625 2804 cum

62 2835 147 2878 illis
177 2838 321 2878 autem
350 2835 422 2888 qui
445 2835 597 2877 iisdem
611 2849 698 2876 non
722 2833 788 2875 usi
813 2836 922 2886 sunt,
949 2834 1191 2887 dispensare
1218 2833 1422 2886 potuisse,
1448 2836 1625 2888 propter

63 2907 362 2950 miraculosam
414 2906 599 2960 Spiritus
653 2905 796 2949 Sancti
840 2908 882 2947 et
924 2905 1023 2948 doni
1063 2906 1308 2959 linguarum
1351 2905 1626 2950 collationem

65 2993 174 3031 quae
203 2994 348 3021 earum
376 2978 511 3020 vicem
539 2977 809 3031 supplebant.
840 2976 869 3019 S
881 2992 946 3030 up
958 2993 986 3031 p
999 2992 1023 3019 o
1035 2977 1083 3018 ni
1114 2979 1220 3019 tam
1232 2992 1312 3029 en,
1341 2979 1429 3019 utr
1441 2992 1592 3031 amqu
1604 2993 1625 3021 e
