1931 3224
645 100 708 142 DE
737 100 1006 143 PaovaNTIA
1036 99 1127 142 Dm.
1606 101 1658 142 89

102 225 348 279 diligentius
386 226 645 276 inculcatum
685 240 780 267 cum
817 225 951 277 docet,
990 224 1128 266 Deum
1159 224 1184 266 d
1195 240 1218 265 a
1230 239 1250 265 r
1261 239 1282 266 e
1313 239 1336 266 o
1347 239 1390 265 m
1400 224 1452 265 ni
1464 224 1489 265 b
1501 239 1527 265 u
1539 240 1558 266 8
1588 239 1612 266 v
1623 225 1657 266 i-

101 299 229 350 tam,
274 299 324 339 et
366 297 612 349 halitum,
652 299 703 339 et
740 297 938 348 omnia,
970 295 1122 338 Omnia
1159 295 1257 336 Dei
1294 295 1458 336 verbo
1497 295 1658 337 susti-

101 369 237 421 neri,
264 369 316 410 in
340 369 461 422 ipso
487 383 582 411 nos
606 369 809 420 vivere,
834 368 1039 410 moveri
1064 369 1114 409 et
1140 381 1278 419 esse,
1304 367 1658 420 passerculum

101 455 203 482 non
234 440 425 481 cadere
454 439 597 482 humi
626 440 742 482 sine
771 439 936 481 Patre
964 441 1179 491 nostro,
1208 454 1302 492 cap
1318 438 1453 481 illos
1479 453 1657 479 omnes

102 511 306 564 capitis
357 511 537 552 nostri
589 526 704 553 esse
754 512 1088 561 numeratos,
1134 512 1184 551 et
1225 509 1390 551 Deum
1432 508 1657 551 efficere

103 582 280 623 omnia
309 582 596 624 secundum
625 581 1041 635 beneplacitum
1069 581 1379 622 voluntatis
1409 595 1544 632 suae,
1561 579 1657 621 Act.

102 653 164 704 17,
193 653 257 705 25,
287 653 350 694 28.
380 652 512 695 Hebr.
545 654 580 705 1,
611 654 648 694 3.
679 652 771 694 Mat
800 653 863 704 10,
895 653 957 693 29.
985 652 1095 706 Eph.
1127 653 1163 703 1,
1194 652 1256 693 11.
1307 682 1309 685 .
1362 682 1364 686 ι

154 723 227 766 VI.
270 724 350 766 His
397 728 438 767 et
481 725 690 767 similibus
733 724 990 766 testimoniis
1034 724 1252 776 evincitur,
1287 724 1510 765 materiam
1548 724 1659 765 circa

102 811 241 849 quam,
280 796 367 838 sive
405 796 618 850 objectum
655 795 960 849 providentiae,
999 810 1085 837 non
1124 810 1212 837 esse
1252 798 1419 837 tantum
1457 795 1660 837 coelestia

101 869 142 909 et
180 867 536 921 incorruptibilia,
575 870 623 908 ut
660 867 898 919 voluerunt,
939 867 1012 920 qui
1043 867 1068 908 d
1080 881 1101 909 e
1112 882 1138 908 11
1150 882 1168 908 8
1179 882 1203 908 a
1214 882 1233 908 s
1262 882 1290 908 n
1301 883 1329 908 u
1339 867 1366 908 b
1379 881 1399 908 e
1413 882 1431 908 8
1460 867 1509 908 la
1520 869 1538 908 t
1548 867 1563 908 i
1573 866 1600 908 b
1611 881 1659 908 11-

99 939 153 980 lu
163 954 205 980 111
244 938 282 980 D
294 954 316 981 e
328 954 351 980 0
392 954 413 980 0
425 953 445 980 8
454 954 472 980 8
486 954 526 991 0,
568 939 872 990 existimanteS,
911 938 1113 980 inferiora
1152 938 1258 980 haec
1287 952 1382 979 eum
1411 953 1435 979 a
1446 952 1503 991 sp
1516 938 1530 979 i
1543 953 1564 979 c
1576 952 1596 980 e
1607 953 1628 979 r
1639 953 1659 979 e

99 1026 186 1053 non
219 1011 482 1064 judicabant,
527 1010 616 1052 sed
659 1010 919 1051 ambitum
962 1010 1237 1052 coelorum
1281 1009 1658 1061 obambulare,

99 1082 127 1124 J
130 1082 197 1124 ob.
237 1082 299 1134 22,
342 1082 406 1123 14.
448 1081 530 1125 Sed
573 1081 736 1122 nullam
779 1096 868 1122 rem
910 1081 998 1122 sive
1041 1081 1272 1134 superioris
1317 1081 1404 1123 sive
1445 1081 1659 1123 inferioris

99 1155 275 1195 naturae
318 1153 611 1206 excipiendam
654 1167 764 1202 088ος
809 1152 912 1205 quin
952 1153 1096 1206 potius
1138 1153 1411 1195 statuendum
1459 1155 1500 1195 et
1547 1156 1661 1195 certa

99 1225 180 1267 fide
204 1225 445 1276 tenendum,
470 1239 559 1266 esse
584 1224 627 1265 in
652 1223 743 1266 Deo
769 1224 1084 1277 providentiam
1109 1224 1297 1266 omnium
1319 1224 1491 1266 omnino
1508 1238 1659 1277 rerum,

99 1298 188 1338 tam
234 1295 514 1350 singularium
562 1311 689 1349 quam
736 1295 1038 1337 universalium
1050 1312 1058 1345 ;
1108 1298 1197 1337 tam
1236 1295 1579 1349 corruptibilium
1620 1298 1661 1337 et

102 1368 455 1421 contingentium,
496 1382 569 1409 seu
606 1366 894 1417 fortuitarum,
934 1382 1038 1419 quas
1076 1369 1242 1419 vocant,
1283 1382 1410 1420 quam
1439 1367 1661 1421 incorrup-

100 1438 288 1481 tibilium
326 1441 367 1481 et
405 1439 758 1489 necessariarium
796 1440 885 1480 tam
915 1438 1063 1480 vilium
1092 1440 1220 1490 atque
1247 1438 1500 1491 infimarum,
1534 1454 1662 1492 quam

102 1525 246 1553 earum
276 1525 384 1564 quae
411 1510 771 1564 praestantiorem
800 1510 979 1552 sortitae
1009 1512 1107 1552 sunt
1136 1512 1344 1552 naturam.

154 1581 249 1625 VII.
290 1582 395 1624 Cum
432 1582 653 1636 Scriptura
690 1581 795 1633 Deo,
831 1582 1021 1624 omnium
1054 1597 1205 1634 rerum,
1246 1581 1463 1624 actionum
1501 1584 1543 1624 et
1570 1597 1661 1624 mo-

101 1656 223 1695 tuum
252 1653 525 1695 efficientiam
552 1653 726 1706 tribuat,
757 1656 804 1695 ut
834 1653 949 1706 quod
978 1668 1001 1695 o
1015 1669 1042 1707 p
1055 1668 1076 1695 e
1087 1668 1108 1694 r
1119 1668 1141 1695 e
1153 1656 1171 1695 t
1183 1669 1211 1695 u
1222 1668 1243 1695 r
1273 1669 1296 1696 0
1308 1669 1406 1716 ing
1400 1654 1414 1695 i
1426 1669 1450 1696 a
1479 1654 1493 1695 i
1505 1669 1533 1695 n
1563 1669 1586 1695 o
1600 1669 1662 1695 m-

101 1724 284 1777 nibus,
326 1724 440 1777 quod.
475 1739 534 1766 ex
571 1724 714 1778 ipso,
755 1739 849 1778 per
887 1725 1081 1778 ipsum,
1114 1727 1164 1766 et
1192 1725 1245 1766 in
1273 1713 1394 1779 ipso
1425 1725 1663 1785 8111150111-

101 1796 211 1853 ulia,
238 1795 351 1849 quod
379 1796 467 1838 det
496 1795 745 1849 omn-ibus
774 1796 941 1837 vitam
970 1799 1020 1838 et
1048 1796 1503 1850 inspirationem,
1530 1797 1551 1837 1
1569 1784 1663 1838 Cor.

103 1867 166 1919 12,
194 1867 231 1908 6.
260 1865 383 1908 Rom.
413 1867 475 1919 11,
501 1867 564 1909 36.
594 1866 690 1909 Act.
716 1867 778 1919 17,
806 1867 868 1909 25.
896 1882 991 1909 011111
1021 1882 1042 1909 0
1055 1883 1079 1909 a
1109 1883 1210 1920 qua
1223 1882 1244 1909 e
1273 1870 1418 1919 sunt,
1450 1870 1500 1909 et
1530 1882 1664 1920 quae

102 1938 152 1981 fe
163 1940 209 1981 01
220 1942 258 1992 t,
299 1954 378 1993 pro
418 1939 566 1981 eodem
603 1939 853 1992 habeantur,
893 1942 934 1980 et
973 1938 1087 1981 Deus
1119 1939 1165 1981 in
1192 1942 1385 1993 tempore
1413 1938 1521 1980 1111111
1549 1941 1664 1992 agat,

104 2011 218 2065 quod
259 2026 346 2053 non
388 2011 441 2053 ab
485 2013 656 2053 aeterno
696 2011 949 2063 decreverit,
991 2013 1032 2052 et
1070 2011 1130 2052 810
1171 2011 1381 2064 agendum
1411 2010 1662 2061 decreverit,

104 2083 213 2125 sicut
242 2083 354 2137 agit:
384 2083 510 2137 plane
539 2096 800 2135 consequens
832 2084 908 2135 est,
939 2082 1128 2124 omnium
1158 2097 1266 2135 quae
1295 2084 1393 2124 sunt
1422 2084 1463 2123 et
1490 2082 1598 2123 fiunt
1619 2082 1664 2123 in

102 2154 271 2207 mundo,
311 2169 400 2196 esse
439 2153 491 2195 ab
530 2156 702 2196 aeterno
732 2154 943 2196 rationem
967 2154 1011 2195 in
1040 2153 1145 2206 Deo,
1177 2169 1261 2206 qua
1289 2154 1334 2195 in
1363 2168 1461 2195 suos
1489 2153 1593 2195 fines
1620 2153 1665 2194 in

103 2228 296 2280 tempore
325 2225 586 2269 ordinantur.

156 2296 272 2338 VHI.
301 2295 393 2339 Nec
424 2296 610 2338 alienum
638 2299 701 2339 est
730 2312 754 2338 a
782 2296 863 2339 Dei
890 2297 1127 2350 majestate,
1158 2298 1205 2337 ut
1233 2296 1405 2349 quidam
1434 2297 1599 2349 putant,
1630 2295 1665 2336 si

105 2368 234 2410 etiam
270 2368 556 2421 minutissima
593 2383 785 2422 quaeque
815 2371 949 2422 regat,
980 2370 1022 2411 et
1048 2368 1092 2410 in
1120 2370 1342 2410 numerato
1371 2367 1540 2419 habeat,
1571 2381 1664 2409 cum

105 2440 294 2482 omnium
322 2439 379 2481 sit
408 2442 573 2482 creator
602 2442 643 2482 et
668 2440 875 2482 dominus.
903 2439 978 2481 Cui
1001 2439 1208 2494 probrum
1232 2454 1317 2481 non
1342 2441 1406 2480 est
1431 2453 1479 2480 ea
1502 2438 1663 2489 fecisse,

104 2511 239 2554 multo
283 2512 422 2553 minus
464 2511 577 2553 facta
616 2511 799 2565 dirigere
812 2527 820 2562 3
858 2526 935 2553 1100
972 2511 1021 2552 fit
1059 2510 1244 2563 humilis,
1286 2510 1358 2563 qui
1396 2509 1448 2550 ad
1487 2508 1665 2550 humilia

106 2583 300 2635 attendit,
340 2585 414 2624 aut
453 2582 728 2625 altissime
766 2583 1025 2625 habitare
1063 2584 1211 2633 cessat,
1256 2582 1346 2634 qui
1390 2580 1555 2622 demis
1569 2579 1664 2621 sis-

106 2655 234 2697 sime
261 2655 560 2708 prospicit,
590 2654 774 2707 Ps.103,
802 2655 864 2696 19.
888 2656 936 2696 ut
960 2654 1183 2696 dicendum
1212 2652 1277 2705 sit,
1306 2667 1485 2694 curant
1508 2651 1665 2693 boum

107 2742 131 2768 a
160 2725 252 2768 Deo
281 2741 496 2768 removere
525 2725 796 2779 Apostolum,
827 2727 848 2768 1
880 2726 972 2768 Cor.
1003 2727 1040 2777 9,
1071 2726 1107 2767 9.
1137 2739 1223 2766 non
1252 2723 1458 2774 absolute,
1489 2721 1562 2764 sed
1589 2736 1666 2775 per

107 2799 473 2852 comparationem
501 2797 553 2839 ad
581 2796 786 2849 homines,
816 2797 999 2838 maxime
1027 2796 1192 2837 fideles:
1225 2795 1360 2842 ἐπειδὴ
1386 2795 1417 2836 οἳ
1443 2794 1516 2845 μὲν
1543 2798 1664 2842 κοινῆς

107 2869 299 2922 προνοίαις,
345 2871 376 2911 οἱ
418 2870 460 2912 δὲ
503 2869 571 2911 καὶ
613 2868 756 2916 εἷδικῆς
787 2868 854 2910 καὶ
887 2867 1087 2920 {Salpia-ov
1118 2865 1371 2919 προστασίας
1402 2865 1662 2913 ἀπήλαυσαν.

107 2940 283 2993 Alioqui
311 2941 423 2983 enim
450 2940 593 2981 Deus
622 2942 811 2981 noster
840 2939 930 2980 dat
954 2937 1218 2991 jumentis
1248 2936 1442 2988 cibum,
1474 2938 1524 2977 et
1551 2936 1663 2989 pul-
