1931 3224
236 147 313 188 408
828 146 1069 188 DISPUTATIO
1097 145 1294 187 XXXIX.

287 270 331 312 L.
362 270 478 311 Idem
509 272 571 312 est
599 273 797 312 votorum
827 270 1042 323 objectum
1067 270 1362 322 adaequatum,
1389 271 1502 323 quod
1528 274 1590 313 est
1614 285 1798 325 precum,

235 357 387 395 nempe
424 341 552 393 Deus,
591 341 642 382 ad
681 356 807 395 quem
843 341 982 382 solum
1014 341 1103 382 veri
1132 341 1379 383 adoratores
1407 343 1507 383 vota
1535 356 1610 384 sua
1638 342 1799 384 direxe-

235 415 346 464 runt,
371 414 496 466 juxta
524 413 870 467 praeceptionem
897 413 1043 467 ipsius,
1072 412 1200 454 Deut.
1230 414 1294 454 23.
1322 412 1433 455 Psal.
1467 414 1528 455 50.
1560 416 1600 455 et
1630 413 1692 454 75.

289 484 354 526 LI.
386 484 658 537 Quapropter
686 484 935 526 Pontificios
966 484 1039 537 qui
1068 498 1143 526 sua
1174 499 1343 538 quoque
1370 488 1472 527 vota
1495 484 1660 527 Sanctis
1687 499 1800 527 mor-

235 556 319 597 tuis
347 570 395 598 ac
420 555 748 598 Coenobiarchis
774 558 1036 609 nuncupant,
1061 570 1140 609 pro
1167 556 1386 610 sacrilegis
1406 556 1644 598 idololatris
1663 556 1801 598 hono-

236 642 325 669 rem
354 627 433 669 soli
463 642 538 669 suo
571 627 761 669 Creatori
790 627 981 669 debitum
1010 627 1214 669 creaturis
1239 628 1329 680 ejus
1354 627 1686 670 attribuentibus
1707 628 1801 680 jure

236 700 387 742 merito
417 699 635 741 habemus.

288 770 376 813 LII.
406 770 563 813 Forma
586 773 785 813 votorum
808 770 977 813 interna
1000 769 1045 812 in
1070 784 1119 812 eo
1147 769 1354 823 consistit,
1381 773 1429 812 ut
1453 770 1626 824 praevia
1650 770 1802 812 mentis

237 842 539 884 deliberatione
582 842 712 884 libere
752 841 869 894 fiant,
913 844 1043 895 atque
1087 856 1138 883 ex
1182 844 1296 884 certa
1337 841 1433 884 fidei
1473 843 1717 896 cognitione
1754 858 1802 885 ac

235 913 400 966 fiducia,
425 913 514 955 sine
541 927 624 967 qua
648 913 740 956 Deo
765 913 935 968 placere
959 915 1198 966 nequeunt3
1226 915 1412 966 externa,
1438 916 1486 956 ut
1507 914 1636 956 etiam
1655 913 1802 968 lingua

237 985 540 1039 exprimantur,
589 1000 709 1039 quae,
756 985 856 1027 licet
902 985 984 1027 Dei
1025 985 1337 1038 καρδιογνώστου
1383 988 1579 1039 respectu
1619 999 1706 1027 non
1747 985 1802 1027 sit

236 1056 485 1109 necessaria,
515 1057 567 1098 ad
595 1057 733 1099 nostri
759 1059 903 1098 tamen
932 1056 1011 1099 zeli
1040 1056 1261 1110 sanctique
1292 1057 1506 1110 propositi
1530 1059 1633 1099 vota
1656 1059 1803 1099 nostra

237 1129 330 1171 Deo
362 1143 457 1170 cum
485 1128 672 1182 proximi
703 1143 873 1182 quoque
899 1128 1191 1170 aedificatione
1217 1127 1420 1170 offerendi
1445 1127 1803 1178 testificationem,

238 1215 325 1242 non
353 1199 562 1242 inutiliter
590 1200 828 1242 adhibetur.

291 1270 403 1314 LIII.
449 1270 567 1313 Finis
613 1274 812 1313 votorum
857 1286 1043 1313 summus
1092 1286 1140 1313 ac
1182 1270 1395 1325 generalis
1439 1273 1502 1313 est
1544 1270 1625 1313 Dei
1666 1271 1804 1325 gloria

239 1342 506 1386 subordinati
534 1357 582 1385 ac
610 1343 814 1397 speciales
844 1345 964 1385 sunt:

295 1415 331 1456 1.
373 1414 435 1457 Ut
477 1429 578 1468 erga
619 1414 771 1466 Deum,
807 1417 900 1457 tum
935 1417 1129 1457 nostram
1165 1414 1503 1468 resipiscentiam
1541 1415 1595 1457 ob
1631 1417 1805 1470 peccata

241 1486 440 1528 adversus
468 1486 611 1539 ipsum
640 1486 877 1539 commissa,
908 1488 1000 1528 tum
1028 1488 1220 1528 nostram
1251 1486 1513 1540 εὐχαριστίαν
1533 1501 1606 1528 seu
1621 1487 1804 1540 gratitu-

241 1556 382 1599 dinem
411 1556 465 1598 ob
493 1556 700 1598 beneficia
729 1557 782 1598 ab
810 1557 906 1610 ipso
936 1559 1111 1611 accepta
1138 1559 1355 1599 testemur.

294 1629 331 1669 2.
358 1627 421 1671 Ut
448 1627 532 1669 hoc
561 1627 715 1669 calcari
745 1627 797 1669 ad
826 1629 967 1670 cetera
995 1628 1137 1670 omnia
1166 1628 1351 1682 pietatis,
1383 1629 1586 1682 caritatis,
1612 1629 1805 1683 justitiae

242 1703 284 1744 et
321 1699 638 1742 misericordiae
672 1699 825 1752 officia,
864 1714 972 1753 quae
1001 1715 1026 1741 a
1053 1700 1177 1743 nobis
1206 1700 1419 1754 proficisci
1446 1703 1638 1754 possunt,
1669 1701 1806 1755 magis

243 1772 484 1814 excitemur.

651 2170 1128 2219 DISPUTATIO
1173 2170 1404 2219 XXXIX.

1003 2278 1049 2300 DE

529 2364 918 2452 Purgatorio
962 2367 1027 2430 et
1067 2362 1523 2449 Indulgentiis.

618 2491 818 2534 Praeside
848 2490 899 2533 D.
929 2488 1179 2533 ANDREA
1207 2468 1441 2532 RIVETo.

593 2583 871 2633 Respondente
905 2581 1200 2621 GUILIELMO
1236 2580 1465 2620 SOESTIO.

900 2678 1093 2729 Timsrs
1126 2685 1158 2728 I.

399 2792 577 2826 osTQUAM
614 2777 658 2819 in
694 2775 1044 2832 praecedentibus
1084 2775 1446 2829 disputationibus
1484 2776 1626 2817 actum
1664 2777 1728 2817 est
1765 2774 1815 2817 de

398 2849 560 2892 Officiis
590 2848 761 2900 Christi,
792 2848 981 2902 ejusdem
1005 2847 1306 2890 Satisfactione
1331 2861 1409 2900 pro
1434 2845 1619 2901 peccatis
1644 2847 1815 2900 nostris,

247 2920 553 2963 satisfactionis
591 2920 880 2974 applicatione
917 2933 993 2974 per
1029 2933 1173 2961 veram
1211 2917 1338 2960 fidem
1374 2917 1418 2958 in
1446 2915 1630 2958 hominis
1655 2915 1814 2969 justifi-

248 2993 429 3043 catione,
473 2994 514 3033 et
557 3007 704 3034 eorum
743 2991 817 3044 qui
854 2992 943 3044 ejus
981 2989 1214 3043 participes
1251 2988 1435 3040 fuerunt,
1473 2987 1735 3041 gratitudine
1772 2987 1816 3029 in
