1931 3224
278 134 356 177 508
396 112 407 117 -
860 134 1102 177 DISPUTATIO
1132 135 1262 178 XLV.

331 257 490 300 XVIII.
528 257 579 299 In
616 257 776 298 duabus
813 273 941 311 porro
980 258 1095 301 hisce
1124 260 1309 313 acceptis
1339 260 1572 314 speciebus,
1603 261 1836 305 Materia

279 331 503 370 externa
549 328 675 380 hujus
715 329 906 381 mysterii
946 331 1021 381 est,
1062 345 1168 382 quae
1210 331 1379 383 quidem
1419 332 1524 373 duae
1564 332 1836 387 diversaeque

278 399 437 453 species
477 401 586 452 sunt,
626 399 697 440 sed
733 413 819 441 non
856 400 938 441 duo
967 415 1113 442 revera
1142 404 1184 442 et
1211 402 1386 455 proprie
1415 402 1689 446 Sacramenta
1719 405 1837 458 (qua-

277 471 374 512 liter
410 473 554 512 tamen
593 470 765 523 quidam
795 486 846 513 ex
873 471 1102 514 Veteribus
1132 473 1382 526 loquuntur)
1413 475 1461 514 ut
1490 489 1597 526 quae
1626 475 1679 516 ad
1706 491 1837 518 unum

276 542 416 593 finem,
455 541 614 583 scilicet
651 542 784 584 totale
822 557 987 584 sacrum
1019 544 1260 586 convivium
1290 547 1331 586 et
1360 545 1635 587 refectionem
1664 561 1838 589 concur-

276 615 385 654 rant.
425 612 671 666 Disjunctas
710 614 822 655 enim
860 615 1036 668 accepit,
1075 620 1167 657 tum
1196 618 1243 657 ut
1272 616 1504 658 declararet
1533 631 1687 670 corpus
1715 633 1835 659 suum

278 700 502 738 exsangue,
543 687 585 727 et
622 686 873 739 sanguinem
912 686 1033 738 quasi
1070 688 1171 727 tunc
1208 689 1328 728 extra
1367 701 1495 728 Venas
1524 687 1716 740 effusum,
1746 690 1839 730 tum

276 758 323 797 ut
352 771 395 797 se
423 759 563 798 totum
591 757 806 809 integram
833 757 956 799 nobis
986 771 1074 799 esse
1103 757 1350 799 alimoniam
1379 773 1426 800 ac
1455 749 1730 801 refectionem
1754 762 1839 801 tes-

275 830 450 880 taretur,
480 827 578 870 Joh.
607 830 643 880 6,
673 828 736 870 53.
768 831 844 870 etc.

328 898 442 941 XIX.
481 898 603 941 Unde
642 914 741 941 sane
782 899 1046 942 Sacramenti
1074 900 1368 954 integritatem
1397 902 1646 955 gravissime
1675 902 1839 944 violant

275 969 486 1024 Papistae‚
515 985 648 1023 eoque
677 971 874 1025 sacrilegi
904 974 1016 1023 sunt,
1047 971 1120 1024 qui
1150 971 1323 1013 calicem
1351 971 1427 1012 sub
1458 987 1710 1026 quocunque
1738 988 1839 1028 pru-

276 1042 442 1083 dentiae
471 1041 680 1084 humanae
708 1045 945 1097 praetextu,
976 1059 1024 1085 ac
1051 1043 1193 1085 nescio
1224 1045 1342 1095 cujus
1373 1044 1740 1096 concomitantiae,
1766 1047 1839 1087 aut

275 1113 453 1166 gloriosi
482 1114 672 1167 corporis
701 1117 898 1168 respectu
929 1115 1056 1168 (quae
1083 1130 1200 1156 mera
1228 1114 1394 1156 insania
1418 1117 1566 1157 contra
1590 1115 1838 1171 Dominum)

274 1184 469 1226 fidelibus
493 1184 642 1238 Laicis,
669 1186 846 1228 alteram
871 1186 1067 1228 videlicet
1091 1185 1354 1228 Sacramenti
1377 1189 1556 1240 partem,
1577 1187 1837 1238 subducunt;

276 1257 424 1297 contra
454 1255 613 1298 Christi
640 1257 801 1300 factum
832 1261 873 1300 et
900 1259 1159 1310 mandatum,
1190 1258 1287 1300 Luc.
1317 1259 1380 1310 22,
1412 1259 1473 1300 19.
1506 1260 1526 1300 1
1557 1258 1650 1301 Cor.
1683 1259 1745 1312 11,
1775 1260 1837 1302 25.

275 1327 589 1381 Apostolorum
618 1330 798 1383 praxim,
830 1331 851 1371 1
882 1330 974 1372 Cor.
1005 1330 1067 1382 11,
1097 1331 1160 1372 26.
1190 1331 1254 1372 27.
1285 1331 1347 1372 29.
1376 1333 1515 1372 totam
1542 1331 1720 1384 denique
1748 1331 1838 1372 An-

275 1399 534 1453 tiquitatem,
574 1402 615 1442 et
651 1401 893 1442 universam
932 1416 1283 1454 quaquaversum,
1319 1404 1487 1455 praeter
1515 1417 1722 1456 nuperam
1750 1401 1837 1444 Ro-

274 1485 456 1523 manam,
486 1471 721 1514 Ecclesiam
750 1472 843 1514 Dei.

327 1542 420 1584 XX.
454 1542 566 1585 Usus
605 1546 747 1586 autem
784 1546 847 1586 est
883 1559 1005 1599 pane,
1042 1558 1143 1586 vero
1183 1546 1224 1585 et
1263 1544 1434 1596 cibario,
1472 1545 1609 1586 forma
1638 1545 1766 1598 plano
1797 1548 1839 1587 et

273 1628 360 1655 non
402 1615 552 1667 spisso,
598 1630 646 1657 ac
682 1616 859 1670 proinde
896 1616 949 1657 ad
985 1615 1268 1669 frangendum
1305 1615 1469 1664 idoneo,
1508 1617 1555 1656 ut
1593 1630 1685 1657 mos
1721 1615 1837 1657 illius

274 1687 424 1740 populi
460 1687 638 1740 ferebat,
676 1688 931 1741 integroque
971 1691 1011 1730 et
1047 1703 1151 1730 uno:
1191 1687 1383 1741 quinimo
1415 1701 1577 1741 azymo,
1608 1702 1680 1729 seu
1707 1687 1837 1729 infer-

274 1761 478 1810 mentato,
507 1774 659 1812 nempe
692 1774 742 1800 ex
767 1760 986 1812 accidenti,
1012 1761 1191 1813 propter
1215 1758 1577 1801 circumstantiam
1601 1759 1729 1812 primi
1754 1759 1838 1801 diei

274 1844 521 1882 azymorum
556 1830 748 1884 legalem,
779 1845 928 1872 usurus
957 1830 1059 1872 alias
1088 1830 1267 1883 vulgari.
1296 1829 1421 1872 Unde
1450 1828 1642 1870 Christus
1670 1829 1698 1871 J
1702 1829 1769 1871 oh.
1799 1830 1836 1871 6.

274 1902 597 1944 similitudinem
639 1903 768 1944 sumit
810 1917 834 1943 a
875 1902 1043 1955 vulgari
1083 1916 1212 1954 pane;
1257 1903 1299 1943 et
1337 1900 1570 1955 Apostolus
1610 1900 1660 1941 de
1698 1899 1838 1942 Coena

273 1974 452 2026 loquens
480 1974 741 2015 mentionem
769 1973 873 2015 facit
902 1972 1154 2026 simpliciter
1183 1972 1304 2025 panis
1333 1971 1470 2024 qualis
1496 1970 1726 2012 Corinthiis
1750 1971 1837 2013 usi-

272 2048 402 2097 tatus,
432 2060 582 2099 azymo
614 2060 709 2087 cum
737 2059 847 2098 agno
878 2044 1077 2086 Paschali
1101 2043 1362 2096 reliquisque
1389 2043 1636 2085 ceremoniis
1662 2043 1834 2086 abolito.

272 2116 395 2157 Alias
425 2131 525 2158 sane
553 2117 797 2159 indifferens
826 2116 869 2158 id
897 2116 1037 2168 fuerit,
1069 2116 1104 2157 si
1133 2115 1243 2157 absit
1266 2114 1531 2157 necessitatis
1555 2114 1715 2168 opinio.
1742 2114 1837 2157 Ina-

273 2187 338 2229 nis
366 2185 512 2241 itaque
542 2188 800 2230 Graecorum
830 2190 870 2229 et
898 2186 1148 2229 Latinorum
1179 2201 1304 2240 super
1332 2186 1414 2228 hac
1443 2201 1488 2227 re
1519 2186 1790 2228 concertatio.

326 2258 443 2301 XXI.
467 2259 580 2301 Potu
601 2259 797 2301 similiter
823 2274 874 2300 ex
899 2258 1113 2312 genimine
1138 2273 1208 2300 seu
1234 2257 1376 2299 fructu
1400 2257 1512 2309 vitis,
1536 2257 1659 2299 Matt.
1684 2259 1746 2310 26,
1772 2259 1835 2300 29.

273 2330 317 2372 id
341 2333 417 2383 est,
442 2331 554 2372 vino.
583 2330 665 2373 Sed
690 2346 743 2372 an
773 2330 951 2381 rubello,
981 2329 1104 2382 quale
1128 2329 1215 2371 fere
1241 2329 1354 2371 illius
1383 2328 1570 2382 regionis
1605 2331 1678 2381 est,
1709 2328 1834 2371 Prov.

272 2402 336 2454 21,
374 2402 437 2443 31.
479 2402 589 2443 unde
627 2404 668 2443 et
707 2402 879 2454 sanguis
917 2416 1022 2443 uvae
1061 2401 1228 2453 dicitur,
1270 2399 1370 2443 Gen.
1409 2400 1472 2452 49,
1513 2400 1573 2441 11.
1603 2415 1658 2441 an
1686 2400 1835 2453 diluto,

274 2473 388 2527 quod
424 2473 577 2515 mixtio
617 2472 783 2525 dicitur,
824 2488 874 2514 ex
914 2472 1216 2515 consuetudine
1245 2472 1289 2513 in
1318 2471 1420 2514 locis
1450 2470 1534 2512 illis
1564 2470 1835 2514 calidioribus

272 2544 540 2599 temperandi
579 2544 735 2595 vinum,
774 2543 898 2586 Prov.
936 2546 973 2596 9,
1004 2546 1039 2586 2.
1069 2546 1105 2587 5.
1137 2547 1178 2586 et
1206 2546 1269 2598 23,
1299 2545 1362 2586 30.
1392 2545 1601 2586 incertum
1632 2545 1707 2585 est.
1736 2543 1835 2585 Jus-

272 2618 387 2660 tinus
427 2617 628 2671 poculum
671 2632 781 2670 aqua
819 2620 861 2658 et
898 2617 996 2659 vino
1034 2619 1320 2670 temperatum
1359 2616 1598 2658 adhibitum
1636 2615 1834 2658 declarat.

273 2689 478 2731 Attamen
517 2689 559 2730 id
598 2689 651 2730 ad
689 2688 942 2742 religionem
979 2688 1316 2741 mysteriumque
1353 2703 1440 2730 non
1479 2687 1593 2740 facit,
1623 2689 1670 2728 ut
1698 2701 1835 2740 neque

274 2761 454 2803 materia
490 2761 713 2814 formaque
749 2759 907 2814 poculi,
947 2762 1052 2813 puta
1090 2760 1244 2812 calicis,
1279 2760 1408 2813 idque
1445 2759 1590 2815 lignei,
1630 2759 1835 2815 argentei,

274 2835 348 2873 aut
375 2832 572 2874 inaurati.
1823 2891 1828 2894 ι

327 2902 463 2946 XXII.
504 2904 626 2954 Quod
655 2919 756 2947 vero
785 2919 939 2958 panem
968 2906 1010 2946 et
1039 2904 1196 2956 vinum,
1225 2918 1292 2945 res
1320 2902 1516 2956 vulgares
1546 2904 1588 2944 et
1617 2902 1666 2944 de
1694 2901 1833 2944 medio

275 2977 466 3029 sumptas
506 2976 558 3017 ad
595 2976 798 3030 mysteria
828 2976 1116 3030 assumpserit,
1145 2977 1208 3017 est
1237 2977 1415 3028 propter
1443 2973 1764 3017 similitudinem
1793 2976 1835 3015 et
