1931 3224
717 115 780 159 DE
808 116 1081 159 InonoLArmA.
1606 117 1683 159 169

118 245 163 286 in
190 242 371 284 Psalmis
400 242 491 284 Deo
522 244 564 284 et
593 241 762 283 Christo
793 241 1050 293 tribuuntur,
1081 238 1290 282 Domini
1318 240 1489 282 nomine
1514 240 1556 281 in
1587 240 1685 282 Do-

119 315 292 356 minae
320 315 500 366 mutabo,
530 329 606 367 per
636 328 846 355 summum
875 312 1145 366 sacrilegium
1176 311 1430 364 adjudicent.

171 386 284 428 XXI.
322 387 359 427 3.
389 385 592 438 Ejusdem
624 385 811 427 criminis
840 385 901 427 rei
932 386 1042 436 sunt,
1072 398 1167 425 cum
1196 383 1463 434 Sanctorum,
1492 398 1683 436 praeser-

118 458 197 499 tim
238 457 478 510 Martyrum
520 457 772 510 corporibus
817 455 879 509 (si
922 459 1098 497 tamen
1137 454 1461 508 Martyrum,
1504 457 1551 495 ut
1591 470 1686 496 cum

118 529 375 582 Augustino,
407 529 457 571 de
487 543 614 582 opere
643 528 838 570 Monach.
870 543 959 581 cap.
990 528 1052 569 28.
1080 525 1307 580 excipiam)
1336 540 1565 580 corporum
1589 540 1686 580 par-

117 600 256 642 ticulis
294 602 368 641 aut
394 600 586 653 reliquiis
617 601 845 653 quibusvis,
877 599 962 641 vim
991 600 1203 652 quandam
1230 598 1596 652 supernaturalem
1624 597 1687 639 af-

118 672 246 713 fixam
289 673 492 723 statuunt,
536 687 619 724 qua
659 672 704 712 in
745 672 918 713 modum
959 671 1232 725 physicarum
1270 684 1502 722 causarum,
1533 672 1573 712 et
1601 685 1687 712 non

119 743 254 785 solum
293 742 490 795 efficacia,
530 745 577 784 ut
616 743 861 795 loquuntur,
899 743 1063 794 morali,
1095 741 1269 795 proprie
1298 741 1470 783 morbos
1501 741 1685 795 abigere,

119 814 340 856 daemonia
369 814 530 867 ejicere,
562 816 604 855 et
634 815 832 855 contactu
863 827 937 855 suo
966 812 1281 854 benedictiones
1312 813 1503 866 corporis
1529 816 1569 855 et
1596 814 1685 855 ani-

117 899 210 926 mae
250 885 440 927 conferre
482 886 762 935 contendunt;
800 885 1027 927 eorundem
1057 884 1312 927 Sanctorum
1340 885 1543 936 membra,
1575 885 1686 927 cine-

118 971 195 1009 reS,
234 959 385 1009 vestes,
421 959 499 998 etc.
527 956 724 1010 religiose
757 956 900 998 colunt
929 959 970 997 et
999 956 1189 1005 adorant,
1221 956 1365 997 eadem
1395 956 1447 997 ad
1476 956 1632 998 cultum
1665 972 1686 998 e

119 1028 323 1081 sepulcris
367 1031 531 1080 eruunt,
574 1031 794 1070 asservant
831 1028 874 1069 in
913 1028 1098 1082 templis,
1136 1028 1358 1070 includunt
1384 1028 1520 1070 aureis
1551 1032 1591 1070 et
1621 1044 1687 1070 ar-

118 1100 282 1154 genteis
335 1101 482 1152 thecis,
528 1101 573 1142 in
614 1101 955 1154 processionibus
998 1101 1340 1154 circumgestant.
1385 1099 1548 1149 Quibus
1593 1115 1687 1141 cum

119 1172 304 1214 divinam
332 1172 536 1213 virtutem
566 1173 791 1225 ascribant,
817 1173 860 1214 in
884 1173 1034 1214 iisdem
1058 1173 1257 1214 fiduciam
1281 1172 1499 1223 collocent,
1524 1171 1569 1212 in
1594 1172 1686 1213 loco

117 1243 319 1296 religioso
363 1244 530 1285 easdem
572 1245 625 1286 ad
667 1244 829 1286 cultum
871 1246 1128 1298 proponant,
1172 1244 1224 1285 iis
1263 1244 1453 1285 suffitum
1493 1244 1686 1296 offerant,

118 1315 380 1357 adorabundi
422 1330 565 1358 coram
606 1316 657 1357 iis
699 1316 936 1371 procidant,
979 1316 1065 1358 dies
1103 1316 1235 1357 festos
1273 1316 1325 1356 ad
1354 1331 1498 1357 earum
1527 1316 1687 1358 cultum

121 1390 376 1441 consecrent,
417 1388 469 1430 ad
499 1403 643 1430 earum
671 1390 833 1430 tactum
859 1390 1149 1441 juramentum
1179 1390 1410 1441 praestent,
1439 1390 1486 1428 ut
1515 1387 1687 1440 religio-

117 1475 213 1502 nem
251 1460 302 1501 iis
340 1461 545 1513 majorem
579 1460 816 1512 concilient,
848 1460 1013 1501 votivas
1042 1459 1408 1514 peregrinationes
1438 1459 1686 1511 instituant3

118 1534 311 1586 apertam
350 1532 402 1573 ab
439 1532 491 1573 iis
531 1535 572 1574 et
610 1532 890 1586 multiplicem
928 1531 1220 1573 Idololatriam
1259 1531 1479 1583 committi,
1510 1545 1595 1572 non
1625 1533 1687 1572 est

121 1604 234 1657 quod
276 1603 540 1653 dubitemus3
585 1605 703 1656 cujus
746 1603 983 1645 horrendae
1026 1602 1351 1656 profanationis,
1394 1602 1477 1644 hoc
1509 1603 1599 1655 jam
1637 1602 1687 1644 de

118 1676 223 1729 ipsis
261 1675 443 1729 sumpsit
473 1675 729 1728 supplicium
754 1675 882 1727 Deus,
914 1675 1026 1728 quod
1057 1675 1280 1726 excaecati,
1311 1674 1428 1716 falsis
1458 1676 1499 1715 et
1529 1689 1688 1727 suppo-

119 1746 211 1788 sitis
238 1747 429 1800 reliquiis
460 1746 593 1788 delusi
624 1747 720 1799 sint,
753 1749 794 1788 et
823 1746 1022 1788 acciderit
1051 1761 1176 1799 saepe
1205 1748 1252 1787 ut
1278 1761 1422 1787 eorum
1453 1760 1688 1798 corpora

119 1817 478 1860 adoraverint
516 1817 568 1858 in
606 1817 797 1865 terris,
839 1832 1066 1870 quorum
1105 1817 1314 1858 animae
1352 1819 1687 1870 torquentur

118 1889 172 1932 in
209 1890 296 1931 inf
303 1891 430 1941 eris;
464 1881 632 1945 praeter
661 1890 899 1932 socordiam
926 1890 1044 1931 illam
1074 1904 1157 1942 qua
1186 1890 1410 1931 brutorum
1441 1889 1569 1931 etiam
1597 1889 1687 1931 ani-

119 1962 293 2003 malium
322 1976 429 2014 ossa,
458 1977 544 2004 non
573 1977 669 2004 raro
699 1976 777 2015 pro
807 1961 1004 2002 humanis
1029 1961 1263 2003 deosculati
1286 1963 1396 2013 sunt,
1422 1963 1469 2002 ut
1494 1960 1687 2003 Genevae

120 2036 217 2076 ante
253 2034 360 2076 lucis
399 2036 553 2086 ortum,
592 2033 808 2075 cervinum
845 2033 1083 2075 membrum
1111 2047 1188 2087 pro
1219 2031 1398 2073 Antonii
1427 2031 1615 2083 brachio,
1646 2034 1687 2073 et

120 2105 331 2159 pumicem
360 2105 525 2147 aridum
551 2121 630 2159 pro
660 2105 778 2148 Petri
807 2105 992 2147 cerebro.

173 2176 309 2218 XXII.
345 2177 383 2218 4.
421 2176 670 2230 Multiplicis
708 2177 811 2219 item
847 2176 1120 2218 Idololatriae
1159 2176 1466 2217 convincuntur
1494 2174 1538 2215 in
1563 2174 1687 2216 effor-

119 2248 308 2289 matione
345 2250 386 2289 et
425 2247 542 2289 cultu
578 2248 793 2289 variarum
828 2248 1064 2301 imaginum
1101 2248 1182 2289 Dei
1211 2251 1253 2289 et
1281 2247 1546 2289 Sanctorum.
1575 2244 1686 2287 Ima-

122 2318 241 2371 gines
284 2319 395 2360 enim
425 2318 465 2360 S.
483 2319 522 2361 S.
541 2319 762 2361 Trinitatis
792 2320 993 2374 effingere
1022 2322 1311 2373 praesumunt,
1343 2321 1492 2361 contra
1518 2332 1687 2371 expres-

122 2404 208 2431 sam
249 2389 330 2431 Dei
368 2390 717 2444 prohibitionem,
756 2391 941 2433 caventis
980 2391 1101 2444 serio,
1137 2406 1189 2432 ne
1219 2391 1349 2432 ullam
1378 2390 1416 2431 ei
1445 2389 1687 2431 similitudi-

121 2476 218 2503 nem
261 2462 559 2516 exprimamus,
602 2463 754 2505 Deut.
795 2464 833 2516 4,
877 2464 939 2505 15.
985 2464 1098 2517 quod
1141 2463 1270 2505 etiam
1312 2463 1403 2504 fieri
1440 2477 1525 2504 non
1563 2477 1687 2515 posse

121 2535 305 2575 testatur
348 2532 580 2587 Scriptura,
623 2535 701 2577 Es.
744 2537 782 2587 4,
827 2537 890 2578 18.
933 2536 1046 2578 Act.
1090 2537 1152 2587 17,
1192 2536 1253 2577 29.
1290 2534 1432 2576 Rom.
1463 2535 1498 2585 l,
1529 2534 1590 2575 13.
1621 2534 1687 2575 cui

122 2605 272 2647 Patres
313 2620 457 2647 omnes
495 2606 568 2658 qui
605 2606 655 2648 de
693 2607 773 2649 hac
799 2623 845 2649 re
873 2608 1144 2661 scripserunt,
1176 2606 1446 2648 consentiunt
1474 2620 1606 2658 usque
1636 2606 1688 2647 ad

122 2677 433 2719 Damascenum
471 2677 575 2719 alias
611 2677 907 2731 Iconolatram,
940 2679 1013 2732 qui
1040 2682 1182 2720 tamen
1213 2692 1443 2720 summae
1473 2692 1587 2719 esse
1615 2676 1688 2718 in-

124 2748 424 2802 sipientiae
463 2751 512 2790 et
550 2748 865 2802 impietatis
903 2749 1067 2792 Deum
1095 2749 1342 2802 figurare
1370 2748 1542 2801 fatetur,
1573 2763 1688 2790 eum-

125 2835 205 2873 que
243 2823 467 2874 sequentes
502 2820 613 2862 inter
650 2820 917 2863 Pontificios:
957 2821 1198 2872 Abulensis,
1236 2820 1442 2873 Peresius,
1471 2820 1688 2862 Hesselius

125 2894 167 2941 et
191 2891 274 2944 alii,
301 2894 556 2946 agnoscente
579 2891 672 2947 ipso
698 2891 895 2934 Bellarm.
922 2892 994 2934 De
1021 2891 1178 2945 [mag.
1205 2891 1312 2933 Lib.
1342 2892 1377 2933 3.
1410 2906 1517 2944 cap.
1547 2892 1582 2933 8.
1615 2891 1687 2944 qui

124 2962 202 3004 etsi
231 2962 499 3016 sacrilegium
527 2962 632 3004 illud
660 2962 834 3017 palliar'e
863 2965 1048 3014 conetur,
1078 2962 1269 3005 adductis
1299 2962 1551 3015 quibusdam
1580 2962 1684 3004 loc-is
