1931 3224
326 124 390 166 DE
418 125 613 168 C0N01L11s
643 140 713 167 SEU
741 124 1013 168 CONVENTmUS
1042 123 1371 167 Eccmsmscmms.
1546 120 1623 161 607

60 247 245 290 ferenter
273 251 314 290 et
344 249 583 302 promiscue
613 250 932 303 quibuscunque
960 249 1141 302 Synodis
1165 246 1359 289 habenda
1381 245 1486 286 haec
1510 244 1622 285 fides,

61 317 174 361 Nam
217 322 259 361 et
302 319 499 363 Pastores
541 321 786 375 depastores
830 336 919 363 esse
961 322 1152 374 possunt,
1196 318 1294 360 Esa.
1333 318 1396 368 56,
1437 316 1498 357 10.
1537 314 1623 356 Jer.

63 390 125 441 16,
165 390 226 432 14.
266 390 417 433 Ezech.
456 393 520 444 22,
549 392 613 434 25.
644 395 685 434 et
714 391 907 434 Ecclesia
934 392 977 433 in
1008 391 1227 445 Synodum
1258 387 1510 432 conveniens
1539 400 1625 427 non

61 460 154 514 Dei,
199 462 271 504 sed
312 463 650 516 malignantium,
691 463 818 505 etiam
857 478 963 516 quae
1000 477 1154 504 nomen
1192 461 1273 503 Dei
1301 458 1554 514 praetendit,
1585 460 1626 499 et

62 532 181 574 abuti
209 535 424 587 potestate
454 549 528 576 sua
558 538 706 576 contra
734 535 969 585 veritatem,
999 533 1122 575 Matt.
1150 534 1212 585 26,
1239 533 1275 573 3.
1300 532 1337 573 4.
1358 532 1419 573 57.
1442 533 1484 572 et
1502 530 1566 581 27,
1589 530 1625 569 1.

61 603 207 646 Actor.
242 604 280 656 4,
310 605 346 646 5.
379 607 455 646 etc.
486 606 557 647 sed
584 620 708 648 verae
737 606 906 647 demum
935 605 1162 656 Ecclesiae,
1196 619 1316 656 quae,
1346 606 1388 645 et
1417 603 1626 655 quatenus

63 678 348 729 congregatur
385 676 429 717 in
468 676 627 718 Christi
665 677 846 729 nomine,
887 677 1112 719 secundum
1146 675 1249 716 illud
1276 674 1398 716 Matt.
1432 674 1492 716 18.
1522 672 1627 716 Ubi

63 747 162 789 duo
199 747 284 788 vel
321 749 434 788 tres
474 749 800 801 congregati
839 749 1051 790 fuerint
1088 749 1142 789 in
1170 747 1384 789 nomine
1415 760 1546 797 meo,
1575 745 1630 786 in

62 819 238 861 medio
280 819 525 873 ipsorum
566 835 696 870 sum3
736 823 777 861 et
815 819 1001 873 Spiritus
1041 818 1187 861 Sancti
1220 819 1394 860 ductum
1424 817 1628 870 sequitur,

62 890 157 932 Act.
189 890 249 932 15.
279 889 465 932 Visum
495 892 575 932 est
603 890 843 944 Spiritui
873 889 1072 932 Sancto
1104 892 1154 931 et
1183 889 1352 931 nobis.

116 960 264 1003 LXXI.
303 961 385 1003 Sed
421 977 508 1004 non
540 977 617 1017 par
646 962 756 1004 ratio
786 961 1152 1015 Apostolicae
1182 960 1389 1014 Synodi
1422 962 1471 1001 et
1500 959 1629 1001 alia-

64 1049 186 1077 rum.
215 1033 329 1076 Nam
357 1034 470 1075 illius
499 1034 732 1076 auctoritas
759 1034 1009 1087 simpliciter
1038 1033 1180 1074 divina
1209 1034 1386 1086 propter
1411 1030 1631 1073 immedia-

63 1107 152 1146 tam
191 1108 233 1147 et
270 1107 523 1159 perpetuam
561 1104 746 1158 Spiritus
784 1104 930 1146 Sancti
967 1104 1265 1155 assistentiam,
1304 1104 1400 1145 Act.
1439 1104 1475 1154 2,
1504 1103 1542 1144 4.
1571 1101 1632 1143 At

63 1192 163 1219 vero
201 1177 365 1229 harum,
405 1180 519 1219 certo
558 1179 727 1218 tantum
756 1179 963 1229 respectu,
993 1179 1041 1217 ut
1072 1191 1179 1228 quae
1209 1175 1432 1216 hominum
1460 1174 1631 1227 piorum

65 1248 234 1301 quidem
278 1251 320 1291 et
361 1264 385 1290 a
426 1247 591 1302 Spiritu
630 1247 785 1290 Sancto
825 1248 1060 1299 ductorum,
1099 1248 1171 1289 sed
1210 1262 1258 1288 ea
1299 1261 1495 1288 mensura
1524 1260 1631 1298 quae

65 1335 136 1362 eos
191 1320 244 1361 ab
297 1321 412 1362 omni
470 1335 611 1362 errore
661 1334 747 1361 non
796 1319 990 1361 vindicet.
1043 1319 1113 1360 Sic
1163 1319 1275 1360 enim
1324 1318 1417 1371 regi
1468 1316 1632 1369 Spiritu

65 1390 221 1434 Sancto
260 1394 451 1444 possunt,
494 1394 542 1433 ut
585 1391 764 1444 obrepat
806 1390 943 1432 carnis
984 1390 1182 1440 studium,
1218 1391 1259 1430 et
1282 1387 1527 1429 humanitus
1556 1386 1631 1428 ali-

66 1463 167 1515 quid
192 1463 413 1516 patiantur
441 1462 629 1514 adeoque
657 1462 702 1502 in
730 1461 984 1513 quibusdam
1005 1460 1223 1501 averitate
1240 1459 1479 1501 deflectant.
1507 1457 1632 1500 Unde

64 1549 150 1576 non
192 1534 471 1588 particularia
512 1533 638 1575 modo
684 1532 887 1584 Concilia,
931 1533 1003 1574 sed
1042 1534 1083 1573 et
1121 1529 1377 1573 universalia
1416 1528 1633 1570 aberrasse

64 1605 267 1647 videmus.

118 1676 287 1718 LXXII.
316 1676 505 1718 Eatenus
535 1691 636 1730 ergo
666 1678 763 1717 sunt
793 1675 947 1727 divina,
979 1677 1186 1728 quatenus
1212 1674 1257 1715 in
1280 1672 1450 1714 nomine
1476 1671 1634 1713 Christi

68 1750 397 1804 congregantur,
429 1750 470 1789 et
499 1748 810 1789 consentienter
832 1747 976 1789 Verbo
1001 1746 1082 1788 Dei
1105 1747 1150 1787 in
1175 1744 1395 1797 Scriptura
1421 1756 1632 1796 expresso,

68 1835 154 1862 non
191 1823 333 1862 autem
370 1834 444 1861 suo
485 1819 677 1871 arbitrio,
706 1818 865 1871 aliquid
896 1819 1138 1868 decernunt,
1167 1818 1419 1867 tantumque
1449 1813 1632 1855 auctori-

68 1892 170 1933 tatis
207 1891 379 1943 habent,
419 1894 625 1944 quantum
664 1906 687 1932 a
726 1890 959 1944 Scriptura,
998 1892 1046 1930 ut
1078 1904 1102 1930 a
1129 1888 1216 1929 sole
1244 1885 1356 1938 luna,
1385 1887 1635 1927 mutuantur

70 1965 112 2004 et
141 1951 366 2016 accipiunt.
396 1963 601 2016 Adeoque
629 1965 797 2004 tantum
827 1961 947 2003 abest
975 1963 1023 2002 ut
1051 1975 1127 2013 per
1157 1974 1200 2001 se
1229 1972 1378 2000 norma
1407 1955 1505 1997 fidei
1535 1956 1633 2006 sint,

68 2036 116 2075 ut
146 2034 197 2076 ad
228 2049 320 2075 eam
350 2035 436 2075 sint
466 2033 685 2088 exigenda.

123 2104 315 2147 LXXIII.
347 2105 514 2147 Horum
544 2108 684 2147 autem
714 2104 996 2146 Conciliorum
1030 2101 1276 2144 auctoritati
1309 2099 1416 2141 nihil
1445 2113 1578 2153 appr
1590 2112 1635 2139 0-

69 2177 293 2219 batione
321 2177 501 2230 Papae
531 2177 705 2228 accedit,
737 2179 811 2217 aut
838 2175 1066 2228 rejectione
1097 2172 1271 2214 decedit.
1300 2170 1391 2212 Imo
1417 2170 1521 2223 ipse,
1538 2169 1636 2210 dum

71 2248 214 2301 agitur
252 2248 302 2289 de
338 2248 739 2290 reformatione
778 2245 1064 2288 Ecclesiae
1102 2244 1155 2285 in
1195 2242 1375 2296 capite
1405 2243 1455 2283 et
1483 2255 1633 2282 mem-

70 2319 205 2371 bris,
246 2319 460 2372 Synodo
500 2318 821 2371 subjicitur:
853 2316 965 2369 quod
995 2315 1154 2356 dictum
1184 2313 1239 2355 sit
1269 2315 1311 2354 et
1339 2312 1481 2364 Petro,
1513 2312 1633 2364 cujus

71 2405 114 2432 se
157 2405 442 2432 successorem
481 2390 685 2441 venditat,
728 2388 827 2430 Dic
869 2387 1172 2438 Ecclesiae,
1215 2384 1337 2426 Matt.
1382 2383 1446 2435 18,
1486 2383 1548 2424 17.
1588 2384 1636 2422 ut

73 2463 220 2502 contra
247 2460 388 2515 Papae
416 2462 666 2513 usurpatam
694 2459 738 2500 in
767 2458 961 2512 Synodos
990 2459 1261 2511 potestatem,
1292 2469 1456 2508 semper
1485 2452 1634 2494 unani-

71 2532 197 2574 miter
243 2532 422 2573 asseruit
465 2534 506 2573 et
548 2531 734 2572 defendit
776 2529 967 2571 Ecclesia
1009 2530 1053 2570 in
1094 2528 1264 2579 Pisano,
1308 2524 1633 2575 Constantiensi,

72 2602 380 2656 Basiliensique
410 2601 624 2644 Conciliis.

87 2678 91 2684 '
125 2673 316 2716 LXXIV.
355 2673 422 2716 Ex
459 2673 612 2726 quibus
651 2672 846 2714 omnibus
882 2672 1024 2714 videre
1064 2674 1139 2723 est,
1172 2674 1278 2723 tum,
1309 2670 1411 2723 quid
1439 2670 1489 2712 de
1517 2669 1638 2723 Papa

73 2744 267 2787 Romano
305 2744 374 2786 hic
404 2745 676 2786 statuendum
705 2745 771 2796 sit,
802 2744 874 2796 qui
905 2744 1003 2785 dum
1032 2757 1176 2785 omnes
1206 2741 1368 2796 Synodi
1394 2744 1539 2795 partes
1568 2755 1637 2783 06-

75 2820 215 2871 cupat,
258 2820 363 2871 puta
407 2817 442 2858 1.
485 2815 727 2857 Indicentis.
772 2816 807 2855 2.
838 2814 1062 2856 Praesidis.
1105 2815 1142 2855 3.
1171 2812 1347 2855 Judicis.
1388 2813 1426 2854 4.
1457 2812 1637 2866 denique

74 2888 402 2942 Approbatoris,
431 2887 570 2928 nullas
600 2886 692 2928 aliis
720 2885 935 2938 relinquit.
961 2884 1052 2927 Imo
1079 2900 1122 2927 se
1147 2884 1336 2927 Concilio
1361 2886 1637 2939 superiorem,

77 2960 417 3002 Antichristiana
455 2958 654 3012 superbia
692 2959 733 2999 et
770 2957 1046 3011 usurpatione
1084 2956 1257 2999 statuit:
1293 2958 1385 2998 tum
1422 2971 1505 3010 quo
1543 2956 1636 2998 loco
