1931 3224
487 96 550 140 DE
578 93 682 139 NAT.
712 96 791 139 Dm
818 111 865 138 Er
893 96 1029 140 DIVIN.
1058 98 1225 142 Arrmss.
1611 104 1663 145 53

105 221 367 276 gubernator
404 221 601 273 universi,
637 221 911 274 Redemptor,
952 225 1142 265 servator
1181 227 1223 265 et
1252 225 1514 281 glorificator
1544 227 1665 270 Elec-

103 295 261 335 torum.

156 363 314 406 XVIII.
357 363 475 406 Haec
511 364 592 406 Dei
634 364 861 418 descriptio
905 365 1042 407 tribus
1084 367 1286 409 membris
1324 371 1501 421 constat,
1540 371 1663 413 unius

103 434 322 477 Essentiae
352 450 428 488 per
455 437 573 478 varia
593 436 801 478 attributa
817 437 1111 489 declaratione,
1127 438 1410 481 Personarum
1429 441 1664 485 divinarum

103 507 432 559 enumeratione,
476 510 516 549 et
560 506 748 561 Operum
785 508 1082 561 patefactione.
1122 508 1205 552 Sed
1247 511 1409 553 duobus
1439 514 1663 566 postremis

103 578 279 631 omissis,
308 578 352 620 in
380 580 621 632 praesentia
650 580 700 621 de
729 580 865 635 primo
896 595 1082 634 agemus.

154 650 268 692 XIX.
311 651 531 693 Essentiae
575 651 754 693 Divinae
796 652 967 694 nomine
1009 652 1286 707 intelligimus
1326 655 1368 696 id
1409 656 1522 708 quod
1551 656 1665 699 Deus

102 724 187 772 est3
218 721 371 764 dicitur
400 723 512 764 enim
542 738 642 775 esse,
674 723 800 764 Heb.
831 724 892 775 11,
921 724 958 765 6.
990 726 1030 766 013
1060 725 1076 766 ὁ
1101 724 1146 766 ὧν
1168 726 1235 767 ux)
1259 727 1275 768 ὃ
1297 722 1349 775 ἦν,
1369 726 1529 780 Apoc.
1559 729 1596 781 4,
1626 731 1662 771 8.

100 793 304 835 tribuitur
347 793 384 835 ei
426 793 559 848 φύσις,
603 797 821 844 113131113,
861 793 949 836 Gal.
988 796 1026 847 4,
1065 796 1102 836 8.
1144 799 1185 837 et
1220 797 1418 840 Divina
1446 802 1663 853 natura,

101 865 126 905 2
155 864 263 906 Pet.
304 865 338 917 1,
376 865 413 906 4.
446 864 657 918 (quamvis
687 865 730 906 id
759 866 811 907 ad
840 865 1015 908 Divinas
1045 867 1330 921 proprietates
1359 871 1659 925 restringatur)

101 938 229 989 atque
258 935 414 985 θεότης,
444 937 637 989 deitaS,
677 936 848 979 Colos.
879 939 914 990 2.¹
944 939 981 980 9.
1022 941 1064 980 et
1103 939 1272 989 θειότης,
1316 940 1662 995 Divinitas,

99 1007 240 1050 Rom.
275 1009 311 1060 1,
338 1009 401 1050 20.
427 1010 469 1050 et
493 1009 536 1051 τὸ
569 1008 685 1058 θεῖον,
714 1009 968 1051 Divinum
998 1025 1087 1053 seu
1119 1026 1332 1063 numen,
1362 1012 1476 1054 Act.
1508 1014 1569 1065 17,
1599 1014 1661 1056 29.

100 1080 142 1121 et
173 1080 308 1134 μορφὴ
340 1083 451 1129 Θεοῦ,
489 1080 661 1122 forma
699 1080 818 1133 Dei,
857 1080 992 1123 Phil.
1032 1084 1069 1134 2,
1099 1083 1135 1124 6.
1168 1085 1209 1124 et
1238 1083 1347 1131 Θεὸς,
1375 1082 1489 1126 Deus
1516 1086 1660 1139 appel-

98 1150 223 1202 latur,
248 1150 344 1192 Act.
375 1151 436 1203 17,
466 1151 529 1193 24.
560 1152 623 1193 29.
652 1151 721 1194 Ab
750 1152 830 1195 hac
858 1168 970 1206 vero,
1002 1156 1043 1196 et
1071 1154 1115 1196 in
1146 1154 1237 1207 hac,
1264 1157 1361 1197 sunt
1387 1158 1428 1197 et
1453 1157 1661 1199 exsistunt

99 1221 241 1264 omnia
269 1237 344 1264 suo
375 1222 718 1276 participationis
747 1224 932 1267 modulo.

150 1293 244 1335 XX.
281 1293 360 1335 Est
389 1296 532 1336 autem
562 1309 611 1336 ea
639 1293 894 1349 Spiritualis.
923 1295 1091 1338 Dicitur
1122 1297 1232 1339 enim
1261 1297 1376 1340 Deus
1406 1298 1589 1354 Spiritus
1621 1300 1664 1342 in

98 1365 252 1420 Script.
282 1365 323 1408 S.
353 1365 452 1408 Joh.
482 1366 520 1418 4,
550 1367 613 1408 24.
645 1369 854 1420 quatenus
882 1367 934 1409 ab
966 1383 1013 1410 ea
1042 1383 1207 1422 corpus,
1238 1372 1366 1423 atque
1395 1385 1518 1413 omne
1549 1372 1661 1425 quod

99 1452 362 1491 corporeum,
393 1439 567 1491 ejusque
595 1438 657 1480 vis
684 1441 726 1481 et
754 1441 872 1481 actus
901 1443 1154 1493 removetur,
1194 1441 1307 1483 Luc.
1338 1443 1401 1494 24,
1430 1443 1493 1484 39.
1522 1443 1660 1485 Esai.

96 1509 160 1559 31,
190 1509 229 1551 3.
258 1508 316 1551 Et
346 1508 516 1562 quidem
546 1509 671 1551 sicuti
698 1524 784 1552 non
814 1525 976 1566 corpus,
1008 1512 1079 1554 sed
1108 1512 1292 1565 Spiritus
1322 1515 1396 1565 est,
1430 1513 1492 1555 ita
1521 1516 1562 1556 et
1592 1529 1660 1556 co-

97 1581 211 1632 loris,
250 1580 413 1622 formae
451 1579 698 1635 figuraeque
737 1597 887 1636 expers
927 1585 1001 1634 est,
1039 1583 1192 1625 Deut.
1229 1585 1267 1635 4,
1307 1586 1369 1626 12.
1408 1600 1457 1627 30
1484 1585 1660 1639 proinde

97 1652 287 1694 sensibus
317 1652 532 1706 corporeis
561 1667 647 1695 non
673 1656 736 1695 est
765 1654 1066 1708 perceptibilis,
1093 1656 1282 1708 adeoque
1306 1671 1443 1709 neque
1470 1657 1656 1709 visibilis,

95 1723 265 1774 tactilis,
308 1723 606 1779 imaginabilis,
650 1725 722 1766 sed
763 1724 999 1777 invisibilis,
1042 1725 1180 1768 Rom.
1225 1728 1260 1777 1,
1304 1728 1366 1769 20.
1410 1728 1474 1769 23.
1517 1728 1660 1771 Ε531.

95 1795 159 1846 40,
190 1794 252 1836 18.
282 1793 398 1837 Joh.
431 1796 466 1846 1,
498 1795 558 1837 18.
589 1794 760 1837 Colos.
791 1796 826 1847 1,
858 1796 919 1838 15.
951 1798 971 1838 1
1003 1796 1127 1839 Tim.
1159 1798 1195 1849 1,
1227 1798 1288 1839 17.
1320 1801 1361 1840 013
1387 1814 1493 1852 pura
1517 1803 1658 1842 mente

96 1866 322 1920 animoque
365 1867 732 1921 apprehendenda.
780 1867 980 1917 Quamvis
1024 1870 1250 1911 secundum
1295 1871 1451 1924 gradus
1494 1872 1655 1925 gloriae

96 1941 294 1981 externae
323 1938 403 1981 sibi
432 1940 747 1995 appropriatae,
776 1940 888 1982 Exo
904 1941 942 1982 d.
974 1941 1037 1993 24,
1070 1942 1131 1983 16.
1164 1944 1213 1983 et
1237 1942 1300 1993 33,
1329 1943 1390 1984 18.
1416 1944 1477 1985 19.
1504 1945 1566 1986 20.
1594 1945 1656 1987 23.

97 2009 224 2063 (quae
259 2010 446 2061 remissa,
486 2011 669 2064 dorsum,
710 2014 752 2053 et
788 2011 955 2053 intenta
993 2012 1122 2054 facies
1153 2013 1319 2065 dicitur,
1349 2013 1493 2057 Num.
1528 2016 1589 2068 12,
1620 2017 1656 2058 8.

95 2082 116 2123 1
158 2081 388 2124 Timoth.
419 2083 455 2135 6,
487 2082 568 2135 16.)
600 2083 826 2125 videndum
855 2098 897 2125 se
926 2084 1182 2137 praebuerit,
1213 2084 1284 2126 sed
1316 2100 1399 2138 qua
1427 2088 1490 2128 est
1519 2086 1657 2129 inten-

92 2152 270 2205 tissima,
307 2168 393 2195 non
430 2153 544 2195 item.
576 2154 655 2196 Est
686 2157 828 2196 autem
860 2155 997 2196 omnis
1027 2155 1260 2208 spiritualis
1288 2158 1465 2199 naturae
1495 2160 1655 2209 auctor,

93 2224 204 2265 unde
233 2226 275 2266 et
303 2224 430 2266 Pater
461 2228 503 2266 et
532 2224 647 2267 Deus
676 2225 915 2279 Spirituum
941 2226 1268 2279 dicitur,Num.
1287 2228 1349 2280 16,
1366 2229 1428 2270 22.
1447 2230 1575 2282 et27,
1594 2230 1656 2271 16.

91 2295 236 2349 Atque
264 2295 363 2337 hinc
394 2296 487 2348 quis
516 2299 559 2338 et
589 2297 692 2350 quid
722 2297 777 2339 sit
805 2297 933 2349 Deus,
965 2298 1271 2352 cognoscimus.

144 2365 258 2408 XXI.
302 2366 502 2416 Quamvis
542 2383 671 2421 porro
716 2369 897 2411 essentia
935 2369 1039 2411 haec
1077 2369 1168 2412 Deo
1208 2370 1399 2413 absolute
1428 2374 1654 2427 competat,

91 2439 152 2480 ita
189 2441 237 2480 ut
274 2453 360 2481 non
398 2439 453 2481 sit
491 2439 604 2481 aliud
642 2443 684 2482 et
722 2441 836 2483 aliud
875 2441 919 2482 in
948 2441 1052 2494 Deo,
1084 2443 1155 2484 sed
1186 2442 1387 2495 quicquid
1417 2446 1490 2496 est,
1522 2444 1655 2497 ipsius

92 2510 271 2552 essentia
314 2510 389 2561 sit;
434 2513 623 2553 attamen
666 2512 803 2555 varias
845 2513 1132 2566 proprietates
1175 2528 1247 2555 seu
1284 2514 1502 2567 attributa,
1545 2530 1652 2568 quae

92 2582 281 2632 θεότητος
307 2583 479 2625 nomine
507 2583 692 2636 veniunt,
722 2584 863 2626 Rom.
898 2588 932 2637 1,
961 2586 1023 2627 20.
1054 2587 1274 2638 tamquam
1303 2586 1356 2628 ab
1386 2601 1446 2639 ea,
1480 2589 1520 2629 et
1546 2587 1657 2629 inter

91 2668 134 2696 se
162 2654 410 2707 differentia,
438 2655 475 2697 ei
500 2670 596 2697 vere
621 2655 902 2709 assignamus;
929 2672 1016 2699 non
1039 2659 1182 2698 tamen
1207 2657 1390 2709 realiter,
1416 2659 1487 2701 sed
1513 2659 1655 2712 σχέσει

91 2727 133 2767 013
175 2725 350 2777 ratione,
392 2729 521 2781 prout
561 2726 604 2768 in
648 2728 850 2769 creaturis
894 2731 936 2770 et
978 2731 1124 2770 nostra
1163 2728 1436 2782 perceptione
1491 2731 1654 2774 diversa

90 2799 200 2839 sunt.
220 2797 365 2851 Atque
388 2798 498 2851 hinc,
526 2798 619 2852 quis
644 2798 864 2853 qualisque
889 2800 944 2842 sit
967 2800 1093 2853 Deus,
1118 2815 1160 2842 se
1175 2800 1297 2842 nobis
1314 2803 1651 2855 cognoscendum

89 2869 276 2922 praebet,
301 2870 452 2924 hisque
475 2885 624 2913 verum
637 2869 719 2913 Dei
733 2887 757 2913 a
771 2872 899 2924 falsis,
915 2873 1125 2926 rebusque
1141 2873 1335 2915 omnibus
1352 2873 1647 2931 disjungimus.

141 2939 276 2984 XXII.
307 2940 416 2984 Sunt
444 2945 585 2984 autem
613 2942 686 2984 illa
715 2943 922 2986 attributa
959 2944 1138 2986 duorum
1167 2959 1381 2997 generum,
1411 2946 1499 2999 alia&
1526 2946 1654 2999 primi
