1931 3224
710 131 774 174 DE
804 130 890 175 SE.
920 131 1158 174 Tnnonosm.
1688 134 1712 174 5

155 259 349 314 partibus
386 258 619 313 aequaliter
654 256 807 308 infusa,
844 256 1024 310 ideoque
1062 256 1307 310 Theologus
1346 271 1438 298 eam
1474 256 1632 309 passim
1670 257 1713 298 111

156 331 284 373 sacris
312 330 446 372 literis
475 343 559 371 uno
589 343 754 382 semper
783 328 1013 381 eodemque
1042 328 1168 369 modo
1199 327 1449 370 considerat.

207 401 300 443 XX.
330 400 545 444 Secundus
574 399 834 452 Theologiae
866 413 965 440 usus
993 412 1041 440 ac
1070 398 1165 439 finis
1194 401 1269 450 est,
1301 398 1414 451 quod
1441 398 1712 451 nos-sapien-

154 475 217 515 tes
240 472 389 515 reddat
414 472 466 514 ad
491 471 670 513 salutem
695 472 737 512 et
758 485 881 512 omne
904 470 1062 512 bonum
1081 469 1193 512 vitae
1214 469 1447 523 praesentis
1469 471 1511 511 et
1532 469 1712 522 i'uturae,

155 544 180 585 2
207 543 332 585 Tim.
361 544 400 594 3,
430 543 544 585 15.1
576 541 702 583 Tim.
730 542 768 593 4,
799 541 836 583 8.

206 613 321 656 XXI.
375 614 564 658 Ultimus
615 612 879 669 Theologiae
920 612 1015 654 finis
1059 614 1121 654 est
1161 612 1243 654 Dei
1286 612 1436 666 gloria,
1481 627 1564 665 qua
1605 612 1714 654 hanc

154 687 287 728 solam
324 685 404 727 sibi
441 685 677 740 proposuit,
717 699 812 726 cum
840 684 920 725 sibi
949 684 1028 726 soli
1055 684 1266 727 sufficiens
1295 683 1410 725 nulla
1438 698 1483 725 re
1510 683 1713 736 indigeat,

153 757 345 809 nihilque
372 756 456 810 ipsi
484 771 560 810 per
590 770 667 798 nos
697 755 892 797 accedere
922 755 1069 808 possit.

206 826 341 870 XXII.
379 827 446 869 Ex
482 827 548 869 his
574 826 709 868 oritur
738 826 951 880 quaestio:
980 826 1049 868 An
1077 825 1163 869 SE.
1194 826 1432 880 Theologia
1461 827 1516 869 sit
1544 827 1713 871 theore-

152 900 250 952 tica,
291 914 345 941 an
386 914 486 941 vero
525 898 743 952 practica?
781 897 850 939 Ad
888 912 1015 950 quam
1053 898 1355 950 quaestionem,
1394 897 1713 954 Theologorum

154 970 238 1023 alii,
280 985 372 1012 eam
413 969 705 1022 theoreticam,
745 969 829 1021 alii,
868 984 961 1011 eam
998 969 1242 1023 practicam,
1282 969 1365 1020 alii,
1407 984 1498 1010 eam
1536 970 1713 1012 mixtam

154 1056 256 1094 esse,
283 1041 552 1095 respondent.
581 1040 672 1083 Nos
702 1042 1017 1094 postremorum
1045 1039 1312 1094 responsioni
1340 1040 1399 1082 sic
1422 1041 1712 1095 astipulamur,

153 1115 200 1155 ut
238 1127 478 1156 censeamus
515 1127 609 1154 eam
637 1115 679 1154 et
707 1112 986 1154 theoreticam
1016 1115 1058 1154 et
1086 1112 1318 1166 practicam
1348 1126 1435 1153 esse
1466 1127 1713 1166 nuncupan-

154 1183 262 1236 dam,
300 1186 394 1225 tum
432 1185 610 1237 propter
646 1183 825 1237 duplicis
863 1184 975 1226 illius
1012 1184 1120 1236 finis,
1155 1184 1356 1226 nimirum
1386 1185 1642 1238 cognitionis
1671 1188 1713 1227 et

153 1255 290 1298 cultus
327 1254 407 1297 Dei
444 1255 525 1297 hac
562 1255 606 1296 in
645 1255 733 1297 vita
762 1256 1127 1310 aggregationem,
1157 1259 1249 1298 tum
1277 1259 1455 1310 propter
1484 1257 1606 1299 unius
1635 1258 1711 1299 sub

152 1327 285 1369 altero
326 1327 646 1369 ordinationem.
682 1326 1047 1377 Quemadmodum
1075 1327 1186 1370 enim
1216 1328 1354 1381 pietas
1381 1330 1550 1370 nostrae
1578 1328 1713 1371 beati—

153 1399 233 1441 tati
270 1413 319 1441 ac
356 1398 517 1453 gloriae
554 1398 647 1450 Dei,
685 1399 744 1441 sic
773 1399 961 1452 cognitio
991 1400 1143 1453 pietati
1172 1400 1216 1441 in
1246 1400 1374 1442 sacris
1402 1400 1535 1442 literis
1565 1400 1713 1443 subor-

155 1470 336 1521 dinatur,
367 1471 388 1512 1
419 1469 544 1512 Tim.
571 1471 609 1521 4,
640 1471 677 1512 8.
707 1469 810 1512 Col.
839 1471 877 1522 3,
909 1472 970 1512 16.
1000 1471 1082 1513 Tit.
1115 1473 1150 1523 1,
1181 1473 1216 1514 1.

207 1541 363 1584 XXIII.
403 1541 502 1584 Non
541 1556 642 1596 ergo
682 1542 849 1584 theoria
886 1545 927 1584 et
955 1543 1098 1596 praxis
1129 1545 1227 1584 sunt
1254 1543 1298 1585 in
1328 1543 1565 1599 Theologia
1594 1545 1712 1587 diffe-

153 1614 314 1656 rentiae
352 1614 597 1668 oppositae:
638 1614 710 1656 sed
749 1614 1012 1656 conditiones
1045 1614 1155 1657 inter
1184 1630 1228 1657 se
1256 1616 1308 1657 ad
1336 1616 1465 1658 vitam
1497 1620 1711 1660 aeternam

154 1686 490 1738 consequendam
520 1685 797 1737 consociatae,
828 1700 989 1739 suoque
1018 1686 1164 1728 ordine
1194 1687 1436 1729 collocatae.

205 1755 360 1798 XXIV.
390 1755 481 1798 Nec
509 1755 745 1811 Theologia
774 1757 818 1798 in
846 1757 959 1799 nuda
989 1759 1030 1799 et
1053 1757 1170 1799 inani
1194 1758 1387 1800 consistit
1412 1760 1711 1812 speculatione,

152 1827 223 1868 sed
264 1827 308 1868 in
346 1827 521 1870 scientia
557 1828 757 1882 practica,
796 1828 1059 1871 voluntatem
1098 1844 1327 1883 omnesque
1365 1830 1501 1872 cordis
1539 1831 1712 1874 affectus
1793 1843 1802 1848 ’·

151 1897 378 1940 efficaciter
415 1902 612 1942 movente
650 1900 702 1941 ad
739 1899 875 1941 Deum
915 1900 1136 1942 colendum
1175 1915 1223 1942 ac
1261 1901 1503 1954 proximum
1533 1902 1713 1956 diligen·
1749 1919 1753 1934 ·

149 1969 259 2012 dum.
301 1970 414 2012 Hinc
453 1971 556 2013 fides
594 1971 822 2014 efficaciter
859 1986 984 2025 agere
1024 1971 1176 2014 dicitur
1213 1987 1289 2026 per
1327 1973 1562 2025 caritatem,
1602 1973 1708 2016 Gal.

150 2041 187 2093 5,
216 2042 252 2084 6.
292 2042 312 2083 1
347 2037 527 2085 Thess
568 2044 602 2093 1,
631 2044 667 2085 3.
697 2042 811 2085 Hinc
840 2057 1009 2096 quoque
1039 2058 1082 2085 se
1110 2043 1225 2097 ipsos
1254 2043 1358 2085 falsa
1387 2044 1710 2087 ratiocinatione

149 2111 293 2155 fallere
332 2113 540 2167 dicuntur,
581 2114 654 2168 qui
691 2113 772 2156 Dei
802 2129 1039 2157 sermonem
1070 2115 1206 2157 solum
1236 2115 1426 2167 audiunt,
1455 2130 1541 2157 non
1570 2118 1711 2158 autem

149 2198 295 2226 revera
322 2187 552 2238 praestant,
581 2185 777 2228 Jacobi
807 2186 842 2238 1,
872 2187 935 2228 22.
966 2189 1008 2228 et
1037 2187 1418 2240 sequentibus.

201 2255 337 2297 XXV.
378 2256 492 2299 Huic
535 2272 659 2299 verae
702 2257 962 2311 Theologiae
1006 2258 1209 2300 hactenus
1248 2274 1272 2299 a
1310 2258 1433 2300 nobis
1477 2258 1710 2313 explicatae

148 2327 253 2369 falsa
280 2330 511 2382 repugnat3
540 2328 585 2370 in
614 2343 701 2382 qua
728 2329 926 2371 bifariam
954 2332 1174 2383 peccatur:

213 2398 248 2439 1.
294 2400 696 2455 Ἑτεροδιδαισκοιλίᾳ,
737 2399 790 2442 id·
820 2403 895 2452 est,
935 2401 1128 2443 doctrina
1165 2401 1219 2443 ab
1249 2401 1489 2444 orthodoxa
1517 2401 1711 2456 Prophe-

115 2494 118 2496 >
148 2471 289 2511 tarum
340 2472 382 2512 et
430 2470 740 2525 Apostolorum
792 2471 1061 2515 institutione
1112 2487 1286 2526 prorsus
1333 2473 1512 2525 diversa,
1552 2474 1710 2527 partim

150 2541 290 2594 quoad
317 2556 383 2583 res
406 2541 533 2595 ipsas,
557 2543 715 2596 partim
742 2544 881 2596 quoad
905 2559 1047 2586 rerum
1070 2545 1381 2598 tractationem,
1408 2546 1428 2588 1
1457 2545 1582 2588 Tim.
1610 2546 1646 2598 l,
1670 2546 1707 2588 3.

151 2613 192 2653 et
218 2612 256 2660 4,
286 2612 322 2654 7.
351 2613 376 2653 2
406 2611 515 2655 Pet.
544 2615 580 2664 2,
610 2615 646 2657 1.

201 2683 239 2725 2.
275 2685 573 2741 Μοιτκωλογίᾳ
601 2688 642 2728 et
676 2686 937 2742 Aoyopaleqc,
966 2687 1010 2730 id
1039 2690 1113 2740 est,
1142 2688 1462 2742 vaniloquentia
1489 2691 1531 2732 et
1558 2690 1708 2734 verbo-

147 2769 242 2796 rum
283 2770 440 2809 pugna,
485 2771 567 2809 qua
611 2757 720 2799 circa
760 2757 905 2801 inanes
948 2760 1216 2812 quaestiones
1255 2760 1511 2803 insanientes
1549 2777 1573 2803 a
1606 2775 1706 2804 vero

147 2826 442 2869 immaculatae
470 2827 688 2881 religionis
717 2844 845 2883 scopo
874 2830 1085 2882 aberrant,
1114 2832 1135 2872 1
1168 2831 1292 2874 Tim.
1323 2832 1359 2885 1,
1389 2833 1425 2874 6.
1456 2835 1498 2874 et
1526 2834 1563 2885 6,
1593 2833 1630 2875 4.

199 2897 355 2941 XXVI.
384 2898 501 2941 Haec
527 2899 634 2941 falsa
663 2899 898 2954 Theologia
927 2901 980 2942 ad
1007 2904 1093 2943 tres
1121 2902 1370 2956 praecipuas
1400 2903 1560 2957 species
1584 2918 1705 2946 revo-

78 2966 81 2969 “
147 2968 232 3011 cari
260 2971 426 3023 potest3
455 2970 508 3012 ad
537 2970 818 3025 Theologiam
845 2972 1017 3024 scilicet,
