1931 3224
616 88 679 130 DE
709 87 891 131 PaccAro
920 87 1143 130 OmeINAm.
1583 90 1660 131 123

101 213 282 269 pentis
325 214 509 268 plaga,
553 227 772 265 venenum,
809 212 976 266 pondus
1015 212 1182 266 antiqui
1221 211 1421 265 criminis,
1463 216 1540 256 etc.
1579 213 1661 256 Sed

100 287 198 339 post
227 286 422 326 exortum
449 284 685 338 Pelagium,
714 284 996 338 Augustinus,
1022 286 1072 326 ut
1096 283 1435 325 adversariorum
1460 284 1661 338 strophas

101 359 143 398 et
171 356 556 409 aequivocationes,
587 356 768 398 aliorum
796 355 1017 398 nominum
1045 355 1266 398 occasione
1295 358 1465 408 arrepta
1489 357 1662 410 excogi-

99 429 224 479 tatas,
263 427 391 469 etiam
428 427 522 480 ipso
551 427 759 470 vocabulo
788 429 1099 481 praeverteret3
1128 429 1352 481 peccatum
1381 427 1463 469 hoc
1495 427 1660 481 origi-

99 498 240 550 nale,
270 498 337 540 vel
367 499 629 552 originis,
658 498 819 552 passim
847 498 1096 551 nominavit,
1126 498 1235 539 unde
1259 497 1342 540 hoc
1363 512 1518 540 nomen
1544 498 1660 540 dein-

101 584 198 623 ceps
234 569 279 611 in
315 570 505 612 Ecclesia
541 570 870 623 frequentatum,
912 585 936 611 a
964 569 1089 612 nobis
1118 569 1247 611 etiam
1275 570 1494 621 retinetur,
1524 572 1571 611 ut
1600 570 1661 612 rei

101 642 373 696 explicandae
403 642 506 684 satis
534 642 802 684 commodum
831 644 872 684 et
903 642 1166 684 conveniens.

153 713 225 755 IX.
264 713 433 755 Dicitur
471 715 613 755 autem
644 712 957 766 Originale,
987 728 1073 755 non
1103 713 1155 755 ad
1182 713 1508 766 restrictionem,
1539 714 1660 767 quasi

99 784 328 838 aequivoce
356 786 579 838 peccatum
606 784 919 838 appellaretur3
950 784 1023 826 sed
1054 784 1106 826 ad
1137 784 1453 827 distinctionem
1482 786 1661 827 actualis

98 857 274 910 peccati.
313 855 404 898 Nec
441 856 570 898 etiam
599 855 818 910 Originale
850 856 1099 911 appellatur,
1133 856 1246 909 quod
1275 856 1330 897 sit
1360 857 1541 899 aliorum
1571 873 1661 899 om-

96 928 215 969 nium
257 930 531 982 peccatorum
572 927 668 969 fons
712 930 754 970 et
797 927 931 981 origo,
978 927 1293 981 significatione
1336 929 1574 981 transitiva,
1619 933 1660 971 et

98 999 264 1041 ratione
294 999 444 1051 effecti,
477 998 643 1041 etiamsi
671 998 714 1040 id
742 998 823 1053 ipsi
851 1001 1084 1053 competat3
1116 999 1188 1040 sed
1215 999 1282 1040 vel
1307 999 1407 1052 quia
1432 999 1541 1041 inest
1566 1001 1660 1041 uni-

100 1069 250 1123 cuique
288 1070 340 1111 ab
371 1072 469 1112 ortu
497 1084 586 1121 suo,
616 1070 659 1111 id
689 1072 765 1122 est,
797 1070 849 1111 ab
878 1069 972 1123 ipso
1005 1069 1296 1123 conceptionis
1326 1073 1556 1124 momento,
1587 1075 1663 1113 aut

99 1142 199 1195 quia
235 1142 503 1184 contrahitur
538 1158 562 1184 a
600 1142 737 1196 prima
766 1142 941 1195 origine,
970 1142 1014 1183 id
1043 1144 1119 1193 est,
1152 1157 1176 1183 a
1203 1141 1342 1195 primo
1372 1144 1560 1195 parente,
1590 1145 1663 1184 aut

99 1214 199 1267 quia
228 1228 374 1256 omnes
396 1215 487 1268 jam
514 1213 611 1256 inde
639 1214 692 1255 ab
721 1213 845 1255 initio
874 1213 918 1254 in
945 1213 1085 1255 Adam
1112 1216 1414 1267 peccaverunt3
1445 1229 1553 1267 quae
1576 1216 1662 1256 tres

96 1286 285 1329 rationes
315 1285 416 1327 olim
446 1301 469 1327 a
496 1284 670 1327 diversis
700 1285 865 1337 allatae,
891 1285 936 1326 in
960 1284 1070 1326 hanc
1094 1299 1222 1326 unam
1247 1284 1442 1326 contrahi
1468 1289 1662 1339 possunt,

101 1358 135 1401 O
152 1358 392 1412 riginale
421 1357 575 1410 vocari,
606 1357 707 1411 quia
736 1356 1048 1411 propagatione
1076 1356 1362 1398 haereditaria
1391 1357 1662 1399 nativitatem

96 1433 287 1472 nostram
326 1429 568 1482 maculavit,
599 1431 729 1482 atque
757 1429 801 1470 in
830 1428 952 1470 nobis
983 1428 1142 1480 statim,
1172 1430 1220 1469 ut
1248 1428 1436 1481 primum
1464 1427 1661 1472 homines

98 1517 255 1553 sumus,
298 1501 465 1553 insedit,
505 1503 545 1543 et
582 1503 761 1542 naturae
799 1502 840 1542 et
880 1499 1058 1554 originis
1094 1499 1189 1554 lege
1226 1499 1271 1540 in
1307 1514 1384 1541 nos
1424 1500 1658 1542 derivatum

98 1575 182 1624 est;
222 1575 270 1614 ut
306 1573 402 1627 ipso
431 1572 615 1614 nominis
645 1574 788 1626 etymo
819 1573 1062 1625 opponatur
1091 1571 1425 1627 Pelagianorum
1456 1571 1661 1628 dogmati,

97 1644 346 1699 negantium
377 1646 599 1698 peccatum
627 1643 761 1685 ullum
791 1658 886 1686 cum
914 1643 1086 1685 homine
1114 1645 1243 1697 nasci,
1273 1646 1346 1688 sed
1371 1647 1414 1688 in
1444 1661 1492 1689 eo
1522 1647 1661 1689 solum

97 1732 193 1759 011111
220 1716 409 1758 nascitur
439 1716 552 1769 quod
580 1715 695 1757 Deus
725 1715 926 1767 condidit,
949 1715 1141 1757 inveniri.
1168 1716 1305 1765 Quam
1329 1719 1661 1772 appellationem

98 1788 226 1831 etiam
263 1788 515 1830 confirmant
554 1787 639 1829 loci
677 1786 925 1840 Scripturae
963 1802 1091 1840 supra
1129 1788 1367 1841 memorati,
1408 1804 1457 1831 ex
1496 1788 1597 1831 Gen.
1623 1790 1659 1832 8.

96 1858 181 1901 Job
212 1859 274 1901 14.
303 1858 373 1901 Ps.
403 1859 467 1901 51.
500 1861 542 1900 et
570 1858 683 1912 Eph.
713 1860 748 1900 2.

150 1931 202 1973 X.
254 1931 324 1973 Ad
374 1946 462 1973 rem
515 1930 629 1984 quod
678 1930 844 1983 attinet,
898 1932 1121 1984 peccatum
1169 1931 1378 1984 originale
1426 1931 1658 1993 definimus,

97 2003 267 2055 ἀνομίαν
314 2018 387 2045 seu
423 2003 704 2045 vitiositatem
742 2003 1086 2055 haereditariam,
1125 2018 1175 2044 ex
1206 2003 1441 2046 defectione
1472 2004 1660 2047 omnium

96 2074 320 2117 hominum
359 2075 547 2116 naturali
584 2075 710 2117 modo
751 2075 803 2116 ab
844 2074 1010 2117 Adamo
1051 2078 1404 2128 propagatorum,
1442 2076 1485 2117 in
1525 2076 1659 2130 ipsius

98 2146 225 2200 primi
260 2147 450 2200 parentis
487 2146 642 2189 lumbis
679 2147 858 2198 factam3
899 2162 982 2200 qua
1018 2147 1101 2189 toti
1136 2148 1285 2200 quanti
1314 2149 1426 2199 sunt,
1456 2147 1657 2200 corrupti,

98 2232 232 2271 eoque
259 2218 312 2260 ab
342 2218 459 2260 omni
482 2217 595 2259 bono
620 2218 769 2270 aversi,
795 2220 837 2260 et
861 2218 913 2260 ad
939 2232 1062 2259 omne
1087 2218 1249 2260 malum
1272 2220 1441 2259 tantum
1456 2219 1659 2272 propensi

99 2291 140 2331 et
168 2288 370 2341 inclinati,
401 2288 463 2330 rei
492 2290 590 2329 sunt
616 2289 705 2331 irae
732 2288 813 2331 Dei
844 2291 885 2331 et
915 2288 1045 2330 morti
1073 2292 1270 2331 aeternae
1300 2289 1485 2331 obnoxii.

150 2360 222 2402 XI.
274 2360 475 2403 Efficiens
525 2360 652 2414 hujus
694 2360 859 2414 peccati
892 2375 1018 2402 causa
1059 2363 1121 2402 est
1158 2361 1396 2414 primorum
1433 2363 1660 2415 parentum

96 2432 255 2487 lapsus,
287 2447 370 2485 quo
395 2433 512 2485 justo
541 2432 624 2474 Dei
643 2432 803 2484 jndicio
828 2435 970 2474 reatus
996 2435 1037 2475 et
1062 2434 1251 2486 pravitas
1275 2435 1452 2475 naturae
1476 2435 1660 2476 attracta

99 2507 174 2558 est,
214 2508 256 2547 et
283 2505 328 2547 in
355 2507 493 2547 totam
522 2506 821 2559 posteritatem
849 2505 1076 2548 transfusa.
1108 2505 1216 2555 Quia
1246 2505 1358 2547 enim
1386 2506 1431 2547 in
1460 2505 1658 2558 paradiso

98 2577 310 2630 duplicem
339 2577 477 2619 Adam
506 2577 683 2631 gerebat
706 2592 943 2631 personam,
979 2592 1074 2619 011111
1097 2592 1217 2619 suam
1239 2578 1385 2631 ipsius,
1410 2579 1504 2618 tum
1526 2577 1659 2618 totius

98 2649 364 2703 posteritatis
403 2651 520 2703 cujus
559 2649 796 2691 sustinebat
824 2664 1029 2700 massam;
1061 2650 1190 2692 etiam
1217 2651 1438 2703 peccatum
1469 2649 1558 2702 ejus
1587 2663 1659 2701 ge-

98 2721 260 2763 minum
288 2721 440 2763 habuit
468 2724 719 2775 respectum,
759 2724 851 2764 tum
880 2722 932 2764 ad
960 2722 1112 2776 ipsum,
1145 2724 1186 2763 et
1216 2722 1275 2763 sic
1305 2723 1394 2763 erat
1422 2723 1660 2775 personalis

99 2794 140 2834 et
179 2793 358 2835 actualis
396 2793 529 2848 ipsius
568 2794 864 2847 transgressio,
903 2809 989 2836 non
1017 2793 1192 2848 proprie
1223 2794 1444 2847 originalis
1474 2794 1546 2837 sed
1575 2795 1660 2836 ori-

99 2864 263 2917 ginans,
307 2879 380 2907 seu
423 2865 633 2919 originem
675 2866 882 2919 praebens
926 2866 1122 2908 omnibus
1167 2865 1259 2906 aliis
1303 2867 1345 2906 et
1386 2867 1660 2918 peccatorum

98 2935 327 2988 effectibus,
371 2938 463 2978 tum
506 2936 558 2977 ad
602 2938 742 2977 totum
784 2935 1050 2989 posteritatis
1086 2949 1231 2988 genus,
1272 2935 1386 2987 quod
1420 2935 1464 2977 in
1500 2935 1657 2977 lumbis
