1931 3224
347 159 411 202 ΒΕ
440 158 638 202 Consumis
667 174 737 202 SEU
765 159 1036 203 CONVENrfflus
1064 159 1393 202 Eoctnsmsriffis.
1569 162 1648 203 603

86 283 348 326 confessione
390 283 579 337 propria,
621 286 664 325 et
705 283 962 326 testimoniis
1000 284 1181 326 aliorum
1218 283 1268 326 de
1304 283 1496 337 ipsorum
1524 283 1648 337 dog-

85 357 224 397 mate
263 356 486 408 ejusque
525 356 674 396 statu
713 355 996 407 statuendum,
1036 355 1133 397 inde
1173 354 1578 405 conferendum,
1609 357 1650 396 et

85 426 121 467 si
166 441 271 481 opus
313 427 406 478 erit,
448 426 835 479 disputandum
878 427 1023 478 amice,
1067 429 1319 480 argumenta
1358 428 1400 468 et
1430 440 1650 468 causarum

85 497 439 549 circumstantiae,
483 497 635 549 debite,
680 497 907 550 diligenter
949 499 991 538 et
1034 497 1226 550 sollicite,
1265 498 1378 539 bona
1416 512 1512 539 cum
1550 512 1649 539 con-

84 568 262 610 scientia
298 583 347 609 ac
383 568 472 609 sine
508 568 594 609 ullo
634 568 906 621 praejudicio,
936 569 989 610 ad
1018 567 1148 610 divini
1172 567 1291 609 verbi
1321 568 1520 609 amussim
1552 582 1650 609 exa-

85 639 297 690 minanda,
339 641 387 680 ut
429 639 501 691 ita,
545 639 581 680 si
621 639 714 680 fieri
752 641 908 692 potest,
946 640 1031 693 ipsi
1069 640 1113 681 in
1140 639 1253 681 viam
1280 642 1546 691 revocentur,
1577 641 1650 680 aut

85 711 237 753 saltem
289 712 451 752 rectum
497 710 704 763 judicium
755 711 922 752 institui
966 711 1114 764 possit.
1159 710 1351 759 Qualiter
1392 711 1436 752 in
1477 710 1648 765 Synodo

85 781 478 835 Hierosolymitana
515 796 672 834 magna
710 781 930 834 inquisitio
959 796 1007 823 ac
1035 781 1172 823 multa
1201 782 1456 834 disceptatio
1486 784 1650 823 senten-

84 853 170 894 tiae
214 853 443 895 dictionem
487 853 724 905 antecessit,
770 852 865 894 Act.
905 853 968 904 15,
1007 853 1042 894 7.
1082 853 1140 894 Et
1168 868 1253 895 non
1282 853 1424 906 piguit
1453 853 1649 906 deinceps

85 923 234 966 Patres
264 939 360 966 cum
389 923 522 966 Paulo
552 923 842 976 Samosateno,
873 924 1000 965 Arrio
1033 924 1211 976 aliisque
1239 923 1477 975 haereticis,
1503 923 1547 964 in
1571 923 1650 976 Sy-

84 995 219 1047 nodis,
251 995 444 1048 quamvis
474 1011 599 1049 saepe
629 996 798 1047 frustra,
830 995 1044 1037 disserere.
1075 994 1316 1037 Cavendum
1345 1010 1444 1037 sane
1471 995 1651 1049 diligen-

84 1069 150 1108 ter
188 1069 263 1119 est,
300 1082 352 1108 ne
391 1067 485 1120 quis
522 1067 641 1120 prius
678 1082 721 1108 se
760 1067 1017 1119 damnatum,
1057 1081 1185 1120 quam
1214 1066 1406 1108 auditum
1449 1066 1651 1119 conqueri

84 1138 238 1180 merito
267 1138 416 1192 possit.

138 1209 246 1252 LIV.
275 1210 420 1262 Atque
449 1209 519 1250 hic
547 1209 775 1250 videndum
800 1208 944 1251 sedulo
972 1211 1047 1260 est,
1074 1208 1124 1250 de
1149 1207 1514 1261 Dogmatibus
1541 1207 1651 1261 qui-

87 1282 198 1323 dem
237 1282 291 1322 in
329 1281 769 1323 controversiam
808 1280 1080 1332 adductis,
1112 1293 1219 1332 quae
1248 1281 1289 1320 et
1318 1281 1424 1331 quot
1452 1279 1524 1320 illa
1553 1279 1650 1331 sint,

85 1369 139 1396 an
176 1353 226 1395 de
262 1353 539 1395 fundamento
579 1367 652 1394 seu
688 1351 1088 1400 fundamentalibus,
1117 1366 1171 1392 an
1199 1365 1298 1392 vero
1329 1350 1379 1392 de
1409 1350 1652 1392 accessoriis

85 1424 361 1478 Tlieologiae,
404 1425 425 1466 1
466 1424 559 1466 Cor.
593 1426 630 1466 3.
660 1425 696 1465 si
727 1424 777 1466 de
804 1424 1066 1475 necessariis,
1096 1438 1180 1476 quo
1209 1422 1476 1464 necessitatis
1505 1423 1652 1476 gradu,

84 1496 180 1538 Act.
225 1495 274 1537 15
317 1511 422 1538 vers.
464 1497 528 1538 28.
570 1495 776 1548 Adeoque
813 1510 863 1537 an
902 1494 1136 1537 tolerabilis
1175 1494 1387 1536 sententia
1424 1497 1498 1536 aut
1535 1510 1652 1537 error

86 1568 153 1619 sit,
183 1582 237 1608 an
267 1582 435 1620 quoque
463 1568 507 1609 in
535 1567 743 1617 Doctore3
774 1582 827 1609 an
856 1569 1017 1618 contra,
1046 1568 1095 1607 ut
1122 1580 1209 1608 non
1237 1565 1447 1616 ferendus,
1475 1564 1652 1606 refutari

88 1639 444 1692 condemnarique
474 1638 636 1680 debeat.

139 1710 226 1752 LV.
266 1710 330 1752 De
367 1710 629 1752 Personis
667 1723 767 1751 vero
808 1707 1234 1758 controvertentibUS,
1264 1709 1432 1749 rectene
1461 1721 1515 1747 an
1543 1706 1652 1748 male

85 1781 292 1831 sentiant;
332 1781 544 1834 quomodo
585 1782 738 1832 errent,
777 1779 980 1821 leviterne
1020 1794 1073 1820 an
1112 1779 1312 1832 graviter,
1352 1778 1568 1820 seductine
1597 1792 1651 1819 an

85 1853 340 1905 seductores,
373 1852 625 1906 discipuline
655 1866 708 1892 an
739 1850 958 1902 Doctores,
988 1849 1155 1892 Laicine
1185 1864 1238 1890 an
1266 1849 1477 1898 Pastores,
1508 1864 1558 1891 ex
1585 1848 1650 1890 in-

85 1923 353 1975 firmitatene,
391 1923 435 1964 id
465 1925 540 1974 est,
570 1922 815 1976 ignorantia
845 1922 1040 1975 simplici,
1072 1924 1114 1963 et
1142 1921 1273 1962 stulta
1302 1920 1575 1973 simplicitate
1603 1935 1651 1961 ac

85 1994 344 2044 credulitate,
384 1996 451 2036 vel
480 1994 725 2048 ignorantia
760 1993 969 2045 affectata,
1003 2006 1211 2045 caecoque
1241 1991 1344 2043 zelo,
1374 1992 1441 2033 vel
1469 1991 1650 2044 denique

86 2066 260 2118 malitia,
300 2066 389 2107 sine
427 2064 715 2118 pertinaciane
753 2079 807 2105 an
845 2064 1132 2117 pertinaciter.
1172 2062 1376 2105 Similiter
1405 2063 1454 2104 de
1482 2062 1650 2104 factis

87 2141 138 2179 et
191 2136 537 2187 criminibus,
589 2136 732 2178 omnia
772 2135 962 2188 legitime
1004 2137 1046 2176 et
1086 2134 1315 2188 prudenter
1358 2133 1651 2187 cognoscenda

86 2211 196 2250 sunt.
239 2208 297 2249 Et
340 2206 568 2249 secundum
608 2205 713 2247 haec
752 2205 962 2247 sententia
1000 2205 1175 2247 dicenda
1203 2208 1268 2246 est
1298 2204 1351 2245 ab
1380 2219 1649 2257 unoquoque,

82 2279 374 2333 judiciumque
401 2277 620 2319 ferendum
650 2277 941 2329 communiter,
971 2276 1066 2318 Act.
1098 2277 1160 2329 15,
1190 2277 1254 2318 22.
1284 2277 1347 2318 25.

140 2349 247 2391 LVI.
288 2349 316 2391 J
327 2348 566 2390 udicium
605 2350 745 2408 autem
783 2348 850 2389 vel
885 2350 948 2389 est
976 2347 1020 2388 in
1049 2348 1328 2400 absolutione,
1358 2348 1425 2390 vel
1455 2347 1651 2390 condem-

86 2420 273 2471 natione,
315 2421 407 2461 tum
450 2432 598 2460 causae
639 2421 731 2460 tum
773 2433 991 2471 personae.
1033 2418 1122 2460 Aut
1166 2419 1277 2461 enim
1318 2433 1417 2461 vera
1450 2419 1650 2471 justaque

88 2506 213 2533 causa
243 2490 526 2545 approbatum
556 2492 753 2542 recteque
783 2489 1012 2531 sentientes
1042 2492 1115 2532 aut
1144 2492 1318 2543 agentes
1350 2490 1649 2540 absolvuntur3

88 2566 161 2605 aut
183 2563 292 2605 falsa
319 2563 562 2615 injustaque
588 2561 867 2615 improbatur,
898 2564 939 2604 et
967 2562 1075 2604 male
1104 2562 1332 2604 sentientes
1363 2562 1490 2615 idque
1518 2561 1651 2615 perti-

87 2635 260 2687 naciter,
301 2636 376 2675 aut
414 2636 587 2687 agentes
617 2633 706 2675 sine
734 2633 1011 2687 poenitentia,
1041 2633 1337 2676 Ecclesiastice
1367 2633 1649 2675 condemnan-

87 2709 169 2758 tur,
198 2709 247 2747 ut
275 2705 514 2757 scismatici,
544 2707 617 2747 aut
644 2705 861 2757 haeretici,
892 2707 965 2746 aut
994 2704 1211 2758 flagitiosi,
1242 2704 1338 2747 Act.
1369 2704 1432 2755 15,
1460 2705 1523 2745 24.

140 2777 272 2820 LVII.
314 2778 520 2819 Attamen
561 2777 605 2819 in
644 2777 808 2819 diversa
844 2777 1053 2818 sententia
1091 2792 1139 2818 ac
1169 2791 1306 2828 senSU,
1337 2776 1386 2818 de
1412 2776 1649 2830 Religionis

88 2849 291 2904 apicibus,
322 2864 370 2891 ac
396 2848 557 2890 rebus
587 2848 648 2890 ad
676 2848 908 2890 salutem
931 2848 1106 2889 minus
1130 2848 1482 2901 necessariis,
1506 2849 1649 2892 mode-

87 2921 198 2963 ratio
230 2920 437 2974 quaedam
464 2919 646 2961 tenenda
675 2921 751 2970 est,
780 2933 828 2960 ac
856 2920 1180 2972 controversiae,
1212 2920 1350 2973 quoad
1378 2920 1468 2962 fieri
1492 2923 1648 2974 potest,

86 2990 337 3034 minuendae
373 2990 518 3044 potius
557 2992 667 3041 sunt,
707 3005 834 3042 quam
863 2990 1092 3043 augendae.
1123 2990 1234 3039 Quin
1261 2991 1305 3033 in
1333 2991 1458 3034 rebus
1486 2991 1648 3034 indif-
