1931 3224
254 152 332 193 268
811 147 1054 190 DISPUTATIO
1083 145 1260 189 XXVII.

253 275 598 331 gravissimarum
624 287 879 327 poenarum3
911 272 1091 324 interna,
1121 272 1167 312 in
1197 270 1439 313 obedientia
1467 271 1552 324 illa,
1583 285 1711 325 quam
1741 287 1812 315 ex-

253 347 393 388 hibuit
431 345 550 386 Patri
586 359 723 397 usque
753 344 805 384 ad
833 344 1016 384 mortem
1046 342 1193 394 crucis,
1225 357 1308 394 qua
1337 342 1590 384 sacrificium
1618 358 1740 384 suum
1767 344 1812 385 in

254 433 326 459 ara
354 416 487 458 crucis
517 415 708 457 oblatum
736 414 918 455 maxime
948 413 1271 464 commendavit,
1299 413 1344 454 in
1372 428 1455 467 quo
1481 413 1590 456 idem
1618 414 1812 456 sacerdos

254 490 296 531 et
323 487 496 530 victima
524 486 660 537 unica,
688 500 765 539 pro
796 484 981 537 peccatis
1010 484 1175 536 idonea,
1206 484 1393 538 seipsum
1420 487 1561 527 totum
1588 484 1710 527 Patri
1737 485 1812 527 ob-

252 559 354 601 tulit
378 561 420 600 et
447 557 697 607 immolavit,
728 555 836 597 Heb.
867 556 903 607 9,
936 556 998 597 14.
1029 555 1127 597 doh.
1160 556 1221 608 17,
1253 557 1315 598 19.

305 629 441 671 XXII.
480 629 592 671 Hinc
629 630 678 670 de
715 628 798 669 fine
836 627 985 669 mortis
1024 626 1182 669 Christi
1213 628 1443 681 dijudicare
1472 628 1595 671 facile
1624 631 1708 680 est3
1740 630 1814 682 qui

253 702 406 757 duplex
457 700 752 743 constituitur:
805 699 841 740 1.
884 699 1088 752 Expiatio
1132 702 1406 752 peccatorum
1448 702 1694 742 nostrorum
1736 715 1813 754 per

252 773 584 815 satisfactionem
612 770 770 812 infiniti
797 770 953 812 valoris
982 773 1023 812 et
1051 772 1192 825 pretii.
1221 773 1257 813 2.
1288 770 1488 824 Corporis
1511 772 1676 825 peccati
1698 786 1813 814 mor-

250 844 428 886 tificatio
468 846 509 885 et
547 843 735 894 abolitio,
776 857 883 895 quae
921 842 965 883 in
995 843 1181 895 ejusdem
1212 844 1433 897 sepultura
1463 843 1703 897 significata
1736 847 1811 896 est,

252 918 369 970 cujus
406 919 623 959 consortes
659 916 762 958 facti
800 915 945 959 fideles
981 930 1065 956 11113
1104 930 1199 957 611111
1237 914 1407 957 Christo
1436 917 1612 968 peccato
1641 915 1811 968 mortui,

251 987 528 1041 sepeliuntur,
580 990 628 1028 ut
679 988 723 1029 in
773 1003 928 1030 novam
978 988 1111 1029 vitam
1163 989 1401 1041 resurgant,
1444 985 1567 1028 Rom.
1611 986 1647 1039 6,
1689 986 1727 1028 4.
1771 988 1813 1028 61

252 1058 339 1101 Col.
368 1059 405 1111 2,
435 1059 497 1101 12.

305 1129 465 1172 XXIII.
503 1129 642 1183 Hujus
680 1133 823 1172 autem
850 1130 960 1182 finis,
992 1130 1188 1172 omnibus
1219 1130 1271 1172 ad
1300 1144 1406 1183 quos
1435 1128 1551 1170 Deus
1579 1143 1656 1183 pro
1685 1129 1813 1171 bene-

253 1202 411 1255 placito
441 1201 673 1244 voluntatis
703 1216 801 1243 suae
830 1202 965 1243 mittit
993 1201 1277 1255 Evangelium
1305 1200 1552 1242 annunciati
1582 1202 1624 1242 et
1653 1214 1813 1254 propo-

253 1273 336 1325 siti,
379 1273 458 1315 5011
499 1273 543 1313 111
587 1272 804 1314 Christum
843 1272 1060 1314 credentes
1098 1272 1205 1313 fiunt
1234 1272 1488 1325 participes3
1518 1272 1707 1324 adeoque
1735 1271 1814 1313 etsi

253 1345 305 1386 ad
356 1345 543 1386 omnium
593 1344 928 1398 redemptionem
971 1343 1376 1385 sufficientissimum
1421 1343 1476 1385 sit
1517 1342 1727 1398 passionis
1769 1345 1811 1384 et

251 1415 402 1457 mortis
433 1414 591 1458 Christi
619 1416 818 1470 pretium,
847 1418 990 1457 tamen
1020 1430 1070 1457 ex
1098 1415 1315 1457 liberrimo
1342 1414 1422 1456 Dei
1447 1415 1625 1456 consilio
1651 1416 1692 1456 et
1717 1428 1814 1467 gra-

250 1487 480 1529 tiosissima
516 1487 737 1529 voluntate
777 1489 818 1528 et
849 1485 1099 1538 intentione,
1128 1486 1292 1528 vivifica
1321 1488 1363 1528 et
1393 1485 1577 1528 salvifica
1605 1485 1692 1537 ejus
1723 1483 1814 1526 effi-

251 1558 377 1610 cacia,
417 1574 460 1600 se
498 1558 542 1600 in
581 1558 681 1600 solis
719 1558 912 1599 fidelibus
951 1557 1118 1609 exserit,
1149 1558 1201 1599 ad
1231 1572 1302 1599 eos
1344 1557 1425 1599 fide
1449 1557 1710 1610 justificante
1740 1556 1814 1598 do-

249 1631 422 1683 nandos,
467 1633 507 1672 et
550 1645 626 1683 per
669 1645 762 1672 eam
805 1630 858 1671 ad
899 1629 1079 1671 salutem
1123 1632 1238 1671 certo
1282 1630 1594 1683 perducendos,
1625 1631 1815 1672 servator

251 1701 363 1744 enim
395 1704 458 1744 est
486 1702 678 1756 populi
707 1701 810 1753 sui,
843 1702 1094 1755 corporis
1125 1702 1228 1754 sui,
1258 1701 1363 1743 Mat.
1390 1703 1425 1753 1,
1451 1702 1514 1743 21.
1539 1701 1651 1755 Eph.
1681 1701 1718 1753 5,
1750 1701 1812 1742 23.

249 1788 344 1827 pro
387 1773 576 1815 ovibus
620 1773 847 1814 animam
888 1772 1095 1826 posuit,
1139 1773 1237 1815 Joh.
1282 1773 1344 1825 10,
1384 1773 1446 1815 15.
1486 1775 1527 1815 et
1563 1772 1813 1814 filiorum

251 1859 383 1897 quos
419 1845 472 1886 in
510 1845 745 1898 gratiam
783 1845 1032 1897 adduxit,
1069 1845 1330 1899 princeps
1372 1844 1575 1886 salutis
1613 1858 1710 1897 per
1742 1843 1813 1886 af-

250 1915 540 1958 flictiones
571 1919 927 1959 consecratus
959 1919 1059 1968 est,
1088 1916 1196 1958 Heb.
1226 1917 1264 1968 2,
1295 1916 1358 1958 10.

241 2014 250 2022 ·
303 1987 461 2030 XXIV.
504 1988 572 2030 Ad
613 1988 954 2031 humiliationem
996 1989 1125 2031 etiam
1167 1988 1364 2042 pertinet,
1403 1987 1516 2041 quod
1544 1987 1589 2030 in
1618 1987 1811 2042 symbolo

250 2059 348 2102 fidei
386 2060 565 2111 additur,
606 2059 821 2102 Christum
860 2061 921 2102 ad
959 2061 1171 2102 inferos
1202 2059 1575 2111 descendisse,
1607 2059 1680 2112 qui
1709 2058 1812 2100 arti-

251 2131 381 2182 culus,
425 2131 503 2172 etsi
545 2131 680 2172 lectus
720 2131 821 2173 olim
858 2146 943 2173 non
980 2131 1122 2183 fuerit,
1160 2132 1205 2173 in
1234 2131 1448 2173 Ecclesiae
1477 2130 1708 2183 Romanae,
1739 2132 1813 2172 aut

250 2202 465 2245 Ecclesiae
495 2201 723 2244 Orientalis
755 2203 971 2257 symbolis,
1005 2205 1047 2244 et
1077 2219 1101 2245 a
1125 2202 1425 2245 vetustissimis
1450 2202 1704 2255 quibusdam
1729 2201 1812 2243 Pa-

249 2273 401 2326 tribus,
441 2274 541 2316 dum
577 2274 643 2316 vel
680 2289 887 2316 summam
924 2275 1023 2317 fidei
1053 2274 1318 2317 Christianae
1349 2274 1568 2327 colligunt,
1599 2273 1667 2316 vel
1693 2272 1812 2328 Apo-

250 2345 461 2387 stolorum
497 2345 739 2400 symbolum
776 2348 1009 2399 exponunt,
1047 2345 1174 2388 fuerit
1213 2346 1404 2399 omissus,
1442 2360 1520 2388 nec
1548 2345 1717 2398 quando
1745 2345 1812 2387 in-

250 2419 409 2458 sertum
439 2416 494 2459 sit
522 2417 731 2471 symbolo,
762 2420 876 2460 certo
907 2418 1109 2460 constitui
1138 2418 1294 2472 possit;
1324 2432 1411 2460 non
1435 2419 1500 2460 est
1522 2419 1666 2459 tamen
1687 2415 1812 2458 nihili

250 2487 285 2528 si
315 2487 368 2529 ad
394 2487 492 2529 fidei
521 2488 765 2541 analogiam
795 2489 991 2542 exigatur
1021 2490 1108 2542 ejus
1137 2489 1452 2543 interpretatio.

303 2558 438 2601 XXV.
477 2558 648 2601 Nomen
678 2540 809 2602 ‘'7Nw
850 2560 1059 2612 scheol,
1100 2561 1166 2603 cui
1203 2560 1435 2615 respondet
1465 2574 1665 2614 graecum
1696 2559 1808 2615 ᾅδης,

251 2632 292 2672 61
331 2631 513 2674 latinum
549 2631 825 2683 infernus,
865 2633 968 2674 duas
1003 2632 1134 2675 habet
1172 2633 1519 2687 significationes,
1557 2647 1686 2674 unam
1709 2646 1810 2686 pro-

249 2702 400 2755 priam,
444 2703 621 2745 alteram
661 2703 911 2757 figuratam:
955 2704 1132 2758 propria
1175 2704 1488 2759 significatione
1516 2703 1561 2745 in
1589 2702 1811 2759 Scriptura

251 2774 472 2827 accipitur,
513 2789 592 2828 pro
632 2776 747 2817 omni
786 2776 900 2828 quod
939 2776 1160 2829 superficie
1197 2778 1336 2818 terrae
1370 2775 1544 2817 inferius
1570 2775 1696 2828 jacet,
1725 2789 1810 2816 una

251 2845 526 2887 annotatione
567 2846 814 2888 absumendi
857 2849 899 2888 et
943 2847 1181 2900 excipiendi
1224 2847 1366 2889 omnia
1408 2860 1516 2899 quae
1551 2846 1649 2888 viva
1685 2847 1810 2887 antea

250 2915 422 2966 fuerint;
451 2919 579 2970 atque
607 2917 669 2959 ita
697 2918 796 2970 quia
825 2917 1044 2959 interitum
1074 2920 1252 2971 spectat,
1284 2919 1490 2971 quantum
1518 2931 1570 2959 ex
1596 2916 1710 2958 illius
1733 2930 1810 2958 na-

252 2988 348 3029 tura
390 2989 465 3041 est,
503 2989 552 3029 fit
590 2991 638 3031 ut
672 2989 808 3031 omnis
845 2987 1067 3030 hominum
1103 2989 1152 3030 de
1180 2989 1261 3031 hac
1289 2989 1378 3032 vita
1405 2987 1576 3031 mortali
1605 2987 1809 3031 exceden-

1916 2823 1931 3072 ..'.M.4....-.·Q-.h
1928 2808 1931 2815 1
1928 2770 1931 2785 ,Δ
1926 2719 1931 2758 ,μμ
1930 2674 1931 2678 Α
1930 2651 1931 2654 Α
