1931 3224
293 156 371 197 564
834 154 1075 195 DrsrtrrA'mo
1104 153 1276 195 XLVII.

345 279 522 322 XXVII.
562 279 759 320 Potestas
799 292 899 331 ergo
942 278 1105 332 ligandi
1142 280 1183 320 et
1221 277 1423 331 solvendi,
1452 278 1488 319 si
1514 280 1690 332 peccata
1719 279 1857 321 consi-

298 353 489 394 deremus
519 350 686 392 ratione
715 349 863 403 culpae
894 351 936 391 et
967 350 1128 391 aeterni
1156 351 1313 401 reatus,
1337 349 1566 392 secundum
1589 349 1859 405 Magistrum,

291 423 400 464 nihil
454 424 517 463 est
569 420 682 462 aliud
725 435 852 473 quam
896 422 1088 473 potestas
1133 420 1374 462 declarandi
1418 423 1490 462 aut
1531 435 1555 462 0
1569 423 1616 463 st
1628 436 1649 462 e
1659 436 1684 462 n
1699 421 1723 462 d
1735 436 1757 463 e
1767 436 1796 462 n
1806 420 1858 462 di

290 495 615 545 peccatores
656 507 677 534 e
693 507 776 534 sse
815 492 1025 545 ligatos
1065 493 1116 532 et
1146 491 1380 544 solutos,
1409 493 1457 533 ut
1488 491 1589 533 olim
1618 491 1695 533 sub
1723 491 1857 534 veteri

290 566 384 618 lege
423 563 685 616 Sacerdotes,
715 578 801 605 non
829 562 1092 604 mundabant
1122 562 1328 616 leprosos,
1360 563 1432 604 sed
1461 562 1756 605 discernebant
1785 563 1858 616 qui

288 636 435 678 mundi
475 636 542 678 vel
584 635 792 677 immundi
835 636 986 676 essent.
1025 632 1128 675 Inde
1165 636 1297 688 patet,
1336 633 1534 687 Magistri
1570 636 1776 688 tempore,
1815 636 1857 676 et

288 708 458 750 illorum
488 707 560 760 qui
592 706 848 749 sententiam
879 707 967 758 ejus
992 706 1124 747 secuti
1148 707 1260 758 sunt,
1284 705 1594 759 poenitentiam
1618 720 1704 748 non
1727 705 1856 747 fuisse

287 780 482 821 habitam
519 794 599 833 pro
630 778 904 821 Sacramento
933 776 1049 820 Novi
1080 776 1194 819 Test.
1224 777 1398 831 proprie
1427 778 1553 830 dicto,
1585 780 1627 819 et
1655 777 1857 830 quemad-

286 851 460 892 modum
500 854 615 893 recte
658 866 704 893 ex
747 850 935 903 ejusdem
982 849 1211 892 Lombardi
1253 849 1447 891 doctrina
1486 849 1654 892 deducit
1691 848 1855 902 Scotus,

286 923 490 964 nullam
531 922 792 964 habuisse
838 920 1262 973 causalitatem,
1302 921 1385 963 vel
1424 920 1856 975 dispositionem

288 994 561 1036 causalem
598 993 660 1035 ad
697 993 925 1047 primam
956 991 1213 1046 gratiam,
1244 991 1368 1044 quia
1394 1005 1667 1044 nunquam
1695 990 1856 1045 digne

287 1065 617 1119 suscipitur,
647 1065 701 1106 ni
717 1065 760 1106 si
790 1065 851 1106 ab
880 1064 974 1116 iis,
1006 1064 1097 1116 qui
1123 1064 1228 1116 jam
1258 1066 1385 1105 sunt
1413 1063 1466 1105 in
1494 1063 1697 1116 gratia,
1730 1062 1856 1116 quia

288 1136 475 1178 nullus
520 1135 838 1178 ostenditur
880 1136 1121 1187 solutus,
1161 1134 1251 1187 qui
1288 1135 1443 1188 prius
1481 1148 1583 1176 non
1622 1132 1795 1175 fuerit
1831 1148 1868 1186 a

286 1206 325 1248 D
339 1222 396 1249 eo
427 1207 488 1249 ab
500 1222 519 1249 s
531 1207 581 1249 ol
595 1209 688 1249 utu
702 1222 733 1249 s.
762 1206 812 1248 In
840 1207 879 1248 4.
909 1208 1014 1248 sent.
1041 1205 1137 1248 dist.
1169 1207 1230 1249 19.
1261 1221 1300 1259 q.
1330 1206 1365 1248 1.

711 1365 1086 1413 EXTREMA
1132 1363 1436 1413 UNCTIO.

340 1497 540 1541 XXVIII.
567 1497 761 1539 Tertium
785 1497 1107 1539 Sacramentum
1132 1496 1388 1547 addititium,
1417 1497 1711 1537 extremam
1734 1509 1801 1536 un
1813 1508 1854 1535 c-

287 1571 495 1612 tionem
533 1569 753 1623 appellant
782 1567 1013 1620 Pontificii,
1043 1583 1170 1621 quam
1200 1567 1419 1619 definiunt,
1449 1566 1855 1609 Sacramentum

286 1640 569 1683 unctionis
603 1642 880 1682 extremae
909 1640 1146 1682 hominis
1175 1638 1411 1691 infirmi,
1436 1639 1544 1691 jam
1573 1637 1853 1690 morituri,

287 1711 696 1765 poenitentiam
748 1711 969 1765 agentis
1022 1712 1081 1753 de
1131 1711 1377 1765 peccatis
1430 1710 1562 1760 suis,
1613 1709 1759 1752 facta
1801 1708 1854 1750 in

287 1784 459 1825 certis
495 1782 749 1825 membris
788 1783 1063 1836 corporis,
1094 1798 1118 1824 a
1148 1781 1471 1834 Sacerdote,
1502 1796 1614 1823 cum
1643 1781 1761 1823 oleo
1791 1780 1851 1821 ab

287 1854 568 1908 Episcopo
600 1856 949 1906 consecrato,
980 1853 1296 1896 efficaciter
1326 1853 1642 1896 conferente
1669 1852 1852 1894 remis-

287 1927 494 1968 sionem
535 1926 903 1979 reliquiarum
944 1925 1184 1978 peccati,
1227 1925 1288 1966 ad
1324 1924 1520 1967 mentis
1556 1924 1852 1966 relevatio·

284 2013 398 2039 nem
437 2000 599 2051 atque
638 1997 890 2051 corporis
920 1997 1213 2039 sanitatem
1242 1996 1681 2050 recuperandam.
1712 1994 1852 2048 Hujus

286 2069 550 2111 Sacramenti
576 2069 800 2111 materiam
825 2070 1032 2111 remotam
1058 2082 1147 2109 esse
1174 2067 1337 2120 volunt,
1363 2067 1536 2109 oleum
1563 2066 1850 2118 olivarum,

286 2141 336 2183 de
376 2140 642 2183 Sacramenti
682 2141 876 2192 essentia,
906 2140 958 2182 ad
988 2155 1116 2193 quam
1145 2139 1274 2182 etiam
1302 2140 1516 2193 pertinere
1545 2133 1696 2181 volunt
1723 2138 1852 2192 pleri-

285 2227 380 2264 que,
418 2215 466 2253 ut
504 2212 559 2254 sit
595 2227 681 2254 non
711 2228 735 2253 a
763 2211 943 2265 simplici
975 2211 1247 2265 Presbytero,
1278 2210 1349 2253 sed
1378 2210 1431 2252 ab
1459 2209 1676 2264 Episcopo
1706 2222 1852 2250 conse-

286 2284 450 2325 cratum
490 2283 587 2336 (etsi
625 2283 820 2325 nonnulli
854 2283 1151 2334 existimarint,
1181 2283 1225 2324 id
1253 2284 1421 2324 tantum
1448 2280 1734 2323 necessarium
1763 2293 1852 2321 esse

284 2354 536 2396 necessitate
560 2353 797 2407 praecepti)
826 2354 1005 2407 singulis
1031 2354 1151 2395 annis
1175 2356 1441 2405 renovatum,
1467 2351 1534 2394 cui
1553 2354 1697 2393 tamen
1713 2350 1852 2393 oleum

286 2441 371 2468 non
416 2428 710 2468 consecratum
752 2425 962 2478 paulatim
1006 2425 1104 2467 addi
1144 2427 1302 2479 potest,
1342 2424 1480 2466 Tolet.
1519 2423 1592 2465 lib.
1630 2423 1666 2464 7.
1694 2437 1784 2476 cap.
1815 2422 1849 2464 1.

284 2497 510 2540 Materiam
549 2513 648 2540 vero
686 2498 937 2553 proximam,
977 2498 1224 2540 unctionem
1261 2497 1412 2551 ipsam,
1452 2510 1558 2549 quae
1588 2495 1646 2537 (10
1675 2509 1850 2536 essen!

283 2569 360 2610 tia
402 2568 748 2612 Sacramenti
785 2569 910 2611 debet
946 2569 1039 2611 fieri
1076 2569 1120 2611 in
1159 2569 1307 2622 oculis,
1344 2568 1529 2620 auribus,
1561 2566 1748 2618 naribus,
1778 2580 1850 2608 ore

284 2642 326 2682 et
362 2640 584 2691 manibus;
622 2640 671 2682 de
700 2640 950 2694 integritate
979 2642 1123 2683 autem
1152 2641 1252 2694 ejus,
1282 2640 1362 2682 etsi
1390 2653 1476 2682 non
1506 2639 1556 2681 de
1584 2637 1849 2689 necessitate,
1913 2634 1918 2657 ³

282 2711 528 2753 hominibus
571 2711 753 2765 quidem,
791 2711 836 2753 in
875 2711 1045 2754 renibus
1085 2714 1126 2754 et
1164 2711 1364 2765 pedibus3
1402 2709 1571 2752 feminis
1608 2710 1764 2760 autem,
1795 2708 1849 2749 in

282 2782 558 2825 umbilico.
593 2782 683 2825 Jac.
713 2783 877 2836 Angles
911 2784 955 2824 in
985 2783 1077 2826 flor.
1108 2783 1161 2825 ad
1187 2784 1224 2825 4.
1256 2785 1360 2825 sent.
1391 2783 1553 2836 quaest.
1583 2780 1634 2822 de
1662 2779 1847 2822 Sacram.

284 2855 387 2894 extr.
415 2856 529 2896 unct.
556 2854 750 2896 adhibita
773 2855 826 2896 ad
852 2870 997 2897 omnes
1023 2854 1244 2897 unctiones
1269 2857 1396 2908 stupa
1419 2868 1541 2905 nova,
1568 2866 1675 2904 quae
1699 2852 1849 2905 postea

286 2924 572 2967 comburatur.

338 2993 490 3036 XXIX.
532 2995 731 3039 Formam
773 2997 901 3050 hujus
938 2998 1003 3039 sui
1043 2997 1307 3050 sacramenti,
1346 2996 1497 3038 volunt
1535 2994 1728 3048 plerique
1758 3008 1847 3036 esse
1911 3034 1916 3038 .
