1931 3224
333 129 397 172 DE
427 130 622 173 CONCILIIS
651 145 721 173 SEU
751 131 1020 174 CONVENTIBUS
1049 130 1378 174 Ecemsmsmms.
1555 132 1633 173 605

125 253 253 296 LXII.
281 255 400 309 Ergo
430 271 478 298 ea
502 270 567 298 res
592 259 764 299 eatenus
790 259 853 298 est
877 255 1105 307 Ecclesiae,
1129 270 1178 298 ac
1200 255 1379 309 proinde
1394 257 1436 296 et
1452 254 1635 307 Synodi:

73 342 181 380 quae
218 327 398 380 decreta,
434 327 719 381 Synodalibus
748 327 955 381 Epistolis
983 327 1035 370 ad
1064 327 1277 370 Ecclesias
1306 326 1428 374 datis,
1458 328 1531 368 aut
1560 340 1637 379 per

73 398 290 452 delegatos
329 399 584 451 exsequitur.
623 397 691 440 Ita
729 398 924 453 Synodus
959 398 1352 452 Hierosolymitana
1380 397 1638 451 Synodicam

73 469 222 512 scribit
261 470 314 512 ad
349 469 585 512 Ecclesiam
622 470 948 522 Antiochenam,
979 470 1180 523 aliasque,
1212 484 1260 512 ac
1288 469 1472 524 Legatos
1502 469 1637 511 mittit

72 544 242 594 praeter
278 541 459 583 Paulum
496 544 538 584 et
574 540 825 594 Barnabam,
865 541 1020 584 ‚Iudam
1058 544 1100 584 et
1137 541 1279 594 Silam,
1320 542 1393 594 qui
1421 542 1560 584 verbis
1589 556 1638 584 ea

73 613 342 664 annuncient,
385 626 493 665 quae
535 626 559 653 a
599 611 770 665 Synodo
816 615 936 655 erant
978 613 1156 666 decreta,
1195 613 1414 667 literisque
1453 616 1637 666 exarata,

73 684 168 726 Act.
200 684 263 736 15,
291 684 355 725 22.
385 684 448 725 30.
480 686 521 725 et
554 683 616 736 16,
643 683 681 725 4.
712 687 754 725 εὴ
782 684 845 736 21,
877 684 939 726 25.

127 754 278 796 LXIII.
308 754 502 796 Altera
530 757 804 808 potestaS,
836 755 1056 798 scilicet
1081 755 1297 809 Civilis,
1327 760 1496 798 externe
1523 771 1639 799 coer-

75 826 202 868 citiva
240 841 335 868 cum
372 827 440 876 sit,
479 826 516 868 ei
546 826 687 878 etiam,
718 842 802 879 qua
829 827 940 879 talis,
969 842 1047 881 pro
1077 843 1152 869 sua
1182 828 1417 880 vocatione,
1448 828 1639 870 executio

76 898 293 951 competit.
333 896 438 939 Cum
472 898 584 939 enim
614 898 668 939 sit
696 898 918 951 utriusque
946 899 1116 940 tabulae
1145 901 1298 951 custos,
1331 898 1520 952 adeoque
1550 901 1640 952 ejus

75 968 130 1010 sit
158 968 430 1023 blasphemas
461 970 682 1023 opiniones
711 969 951 1022 prohibere,
982 973 1022 1012 et
1046 969 1261 1012 Ecclesiae
1284 970 1470 1023 bonique
1496 973 1538 1012 et
1563 986 1641 1024 pu-

74 1040 176 1082 blici
216 1040 374 1082 ordinis
414 1040 621 1092 defensor,
659 1041 783 1082 debet
821 1040 1005 1094 Synodo,
1037 1041 1136 1093 quia
1165 1040 1378 1083 Ecclesiae
1404 1042 1642 1084 membrum

76 1114 150 1162 est,
194 1127 281 1154 non
322 1111 449 1154 modo
494 1111 791 1164 obedientiam,
835 1112 906 1154 sed
950 1115 990 1154 et
1032 1115 1126 1153 rata
1166 1115 1303 1154 tacere
1343 1112 1503 1167 Synodi
1527 1114 1643 1166 justa

76 1184 305 1225 secundum
345 1182 536 1225 Verbum
580 1182 662 1224 Dei
702 1183 880 1235 decreta,
924 1182 1193 1236 Legibusque
1237 1199 1285 1225 ac
1321 1185 1470 1237 poenis
1509 1199 1569 1235 ea,
1607 1184 1643 1225 si

76 1269 244 1297 neeesse
274 1258 349 1307 est,
380 1257 422 1297 et
449 1256 579 1308 prout
610 1254 929 1296 accommodum
958 1257 1022 1296 est
1050 1254 1201 1308 Regno
1231 1254 1389 1296 Christi
1415 1254 1642 1308 spirituali,

76 1326 128 1367 ad
165 1327 358 1380 vigorem
394 1326 588 1381 publicae
619 1325 914 1368 observantiae
943 1326 1117 1378 sancire,
1148 1328 1190 1367 et
1218 1325 1455 1368 haereticos
1483 1326 1642 1379 flagiti-

76 1412 171 1440 osos
224 1413 427 1441 coercere.
479 1398 546 1440 Ita
597 1399 864 1449 Aurelianus,
920 1399 1112 1451 quamvis
1162 1396 1353 1449 GentiliS,
1401 1397 1642 1452 depositum

74 1469 256 1512 Paulum
308 1470 644 1522 Samosatenum‚
688 1485 773 1512 non
815 1471 1028 1512 volentem
1068 1473 1213 1511 tamen
1255 1469 1503 1523 Episcopali
1545 1469 1645 1511 aede

76 1542 233 1594 cedere,
264 1542 361 1583 inde
390 1542 546 1595 depelli
573 1542 803 1591 mandavit,
834 1541 1135 1584 Constantinus
1164 1541 1350 1592 Arrium,
1380 1539 1645 1582 Theodosius

78 1613 217 1655 minor
259 1612 520 1665 Nestorium,
565 1616 642 1655 etc.
686 1614 731 1655 in
770 1613 951 1667 Synodis
990 1612 1227 1664 damnatos,
1267 1611 1483 1667 deportari
1508 1612 1646 1664 jusse-

75 1687 187 1736 runt,
218 1687 295 1726 etc.

131 1755 282 1798 LXIV.
327 1756 410 1799 Sed
452 1756 679 1810 diligenter
722 1756 986 1799 monenda
1029 1759 1092 1798 est
1133 1758 1387 1809 potestas
1426 1754 1645 1805 Civilis,

78 1842 131 1869 ne
170 1828 240 1869 hic
277 1827 402 1869 facile
432 1830 578 1869 utatur
607 1828 861 1870 auctoritate
892 1830 933 1869 et
962 1829 1178 1881 potestate
1208 1842 1282 1868 sua
1310 1826 1436 1868 rebus
1466 1827 1564 1867 ante
1593 1824 1645 1865 ab

80 1898 272 1940 Ecclesia
299 1914 385 1940 non
414 1899 607 1951 legitime
637 1898 820 1952 cognitis
841 1898 1139 1951 judicatisque,
1169 1913 1193 1939 a
1223 1912 1306 1951 qua
1331 1899 1372 1939 et
1402 1895 1647 1950 cognitione

82 1972 124 2011 et
161 1969 322 2022 judicio
361 1984 498 2022 neque
535 1970 642 2023 ipsa,
673 1970 795 2022 quasi
824 1970 876 2011 ab
905 1970 978 2011 illa
1007 1984 1180 2024 prorsus
1209 1968 1359 2020 aliena,
1390 1967 1646 2016 excluditur;

81 2040 154 2082 sed
181 2040 225 2081 in
254 2043 296 2082 et
324 2041 402 2082 sub
430 2040 622 2082 Ecclesia
651 2041 903 2092 continetur,
933 2043 981 2082 ut
1007 2042 1094 2093 ejus
1121 2039 1321 2082 eximium
1345 2038 1582 2079 membrum
1607 2039 1649 2078 et

81 2126 195 2164 pars,
225 2114 273 2153 ut
302 2114 400 2153 ante
431 2114 647 2154 ostensum
676 2115 749 2154 est.
779 2111 965 2153 Tantum
991 2112 1110 2153 abest
1133 2114 1181 2152 ut
1207 2125 1297 2152 esse
1322 2109 1472 2151 debeat
1489 2108 1649 2150 alienae

82 2183 318 2225 sententiae
346 2185 517 2224 tantum
545 2197 667 2225 caeca
697 2183 924 2234 executrix,
954 2185 1002 2223 ut
1029 2181 1148 2234 Papa
1177 2180 1395 2222 Romanus
1425 2193 1473 2221 eo
1504 2178 1649 2220 tradu-

83 2268 174 2296 cere
211 2253 504 2308 Magistratus,
542 2253 777 2308 Principes,
815 2252 954 2306 Reges
987 2255 1028 2295 et
1055 2251 1361 2306 Imperatorem
1391 2250 1650 2292 intolerabili

84 2325 240 2367 scelere
270 2326 440 2378 sategit.
1353 2377 1356 2382 ὴ

137 2395 264 2438 LXV.
306 2396 418 2446 Quin
457 2395 769 2447 cavendum,
799 2410 851 2437 ne
880 2409 966 2437 non
996 2395 1099 2437 satis
1127 2394 1280 2437 idoneo
1310 2393 1380 2435 hic
1407 2392 1546 2434 medio
1576 2394 1650 2433 aut

83 2467 270 2509 remedio
313 2470 460 2508 utatur
500 2467 544 2508 in
580 2466 741 2509 morbis
779 2467 909 2508 animi
947 2466 1184 2519 mentisque
1223 2464 1496 2519 opinionibus
1532 2462 1649 2504 falsis

85 2539 293 2592 susceptis
323 2538 451 2591 (quae
480 2552 566 2580 non
593 2538 677 2579 nisi
707 2538 904 2592 opposita
931 2537 1110 2580 veritate
1139 2535 1358 2588 curantur)
1389 2533 1649 2586 eruncandis,

86 2610 312 2652 severitate
351 2609 511 2651 scilicet
547 2610 680 2652 nimia
718 2612 904 2662 externa,
942 2624 1074 2663 regno
1114 2608 1272 2651 Christi
1303 2607 1553 2660 neutiquam
1582 2619 1650 2647 ac-

87 2681 320 2733 commoda,
358 2682 406 2722 ut
444 2695 552 2733 quae
588 2680 838 2734 hypocritas
875 2681 1032 2734 potius,
1071 2695 1198 2733 quam
1228 2679 1472 2722 emendatos
1499 2676 1651 2719 reddit.

88 2750 290 2801 Quamvis
320 2752 625 2806 compescenda
656 2752 826 2794 omnino
858 2755 932 2804 est,
962 2754 1055 2793 tum
1083 2751 1254 2805 publica
1284 2749 1473 2802 offensio,
1498 2748 1649 2790 seditio

89 2826 130 2865 et
171 2824 326 2876 quietis
367 2823 681 2876 interturbatio,
725 2826 818 2865 tum
857 2823 1137 2876 privatorum,
1180 2822 1319 2875 quoad
1360 2821 1452 2863 fieri
1494 2821 1651 2874 potest,

87 2894 378 2947 praecavenda
407 2894 595 2936 seductio
626 2896 667 2936 et
696 2894 857 2936 eversio
887 2897 963 2936 est.

143 2964 292 3008 LXVI.
330 2966 447 3008 Haec
485 2967 626 3007 autem
666 2965 802 3008 omnis
840 2980 864 3007 a
899 2965 1022 3008 nobis
1051 2965 1133 3007 huc
1161 2979 1294 3017 usque
1323 2964 1653 3006 commemorata
