1931 3224
259 164 336 205 362
679 176 684 180 ’
806 159 1051 201 DISPUTArio
1080 158 1256 201 XXXV.

260 302 360 329 ones
390 287 445 328 sit
474 285 787 328 attendendum.
817 283 990 326 Nemini
1019 284 1131 324 enim
1153 282 1268 324 Deus
1293 283 1500 325 concessit
1523 285 1822 327 auctoritatem

259 358 326 400 vel
372 356 694 409 αὐτοκρατορικὴν
725 355 791 397 vel
820 353 1076 406 νομοθετικὴν
1104 354 1148 395 in
1177 354 1399 397 hominum
1428 355 1719 409 conscientias,
1749 357 1822 399 ubi

260 429 309 471 de
351 428 467 469 cultu
509 426 664 480 agitur,
707 427 751 468 in
793 441 876 479 quo
920 425 1036 467 Deus
1079 425 1195 466 solus
1237 424 1479 468 immediate
1523 427 1822 469 conscientiam

260 500 455 552 devincit,
485 499 559 552 qui
596 512 730 540 unus
769 499 848 539 est
885 496 1207 550 legislator,
1247 496 1337 549 qui
1376 498 1564 549 potest
1603 512 1822 541 servare

260 574 311 614 et
338 571 588 626 perdere,
618 569 774 621 ι1004,
807 569 869 610 12.

310 641 468 684 XVIII.
495 640 672 691 Quando
698 641 841 681 autem
866 639 915 681 de
940 638 1147 692 regimine
1171 639 1346 693 proprie
1370 639 1581 693 spirituali
1596 640 1822 693 loquimur,

260 715 373 768 quod
409 715 550 755 totum
588 711 678 754 Deo
717 712 790 753 uni
832 711 1104 753 vendicamus
1142 710 1255 764 (cum
1294 710 1346 752 ad
1384 725 1563 764 regnum
1602 712 1823 764 spirituale

259 786 483 840 pertineat,
526 784 570 826 in
608 799 692 837 quo
730 783 846 825 Deus
883 783 1087 825 vicarium
1124 797 1211 824 11011
1248 783 1455 835 admittit)
1489 783 1686 825 nolumus
1716 797 1823 835 quae

260 858 310 899 de
347 856 560 910 spirituali
598 855 796 897 libertate
836 855 1013 898 dicimus
1042 869 1268 908 perperam
1297 855 1350 896 ad
1378 854 1604 908 politicum
1633 854 1824 896 ordinem

259 929 385 981 trahi,
425 943 473 970 ac
517 928 552 969 si
590 926 822 969 Christiani
851 926 925 980 qui
954 926 1184 969 secundum
1214 926 1414 979 spiritum
1441 926 1566 967 liberi
1596 928 1706 979 sunt,
1736 927 1822 968 exi-

258 1002 474 1042 merentur
503 1001 732 1053 propterea
761 998 877 1040 omni
907 999 1041 1040 carnis
1072 998 1287 1040 servitute.
1316 997 1547 1050 Rejicimus
1569 998 1681 1039 enim
1703 998 1823 1040 fana-

258 1072 378 1123 ticos,
418 1071 490 1124 qui
528 1073 754 1124 praetextu
791 1071 1003 1112 libertatis
1034 1069 1311 1122 Christianae,
1343 1069 1626 1112 obedientiam
1656 1084 1824 1112 omnem

259 1143 426 1185 civilem
464 1142 698 1194 excutiunt,
737 1156 832 1183 cum
868 1157 945 1195 per
982 1141 1163 1183 Paulum
1193 1139 1308 1182 Deus
1336 1143 1384 1182 ut
1413 1140 1657 1183 obediamus
1686 1142 1822 1195 magi-

259 1215 413 1257 stratui
437 1213 687 1267 praecipiat,
711 1228 816 1255 non
843 1227 1049 1268 poenae
1079 1212 1252 1255 solum
1280 1214 1444 1265 metu,
1475 1213 1564 1254 sed
1592 1215 1823 1266 propter

261 1286 676 1338 conscientiam,
706 1285 829 1328 Rom.
859 1286 922 1338 13,
953 1285 988 1326 1.
1020 1287 1062 1327 et
1091 1285 1127 1326 5.

312 1356 427 1399 XIX.
463 1356 556 1399 Nec
593 1359 736 1399 tamen
772 1357 867 1399 ideo
905 1357 1109 1409 sequitur,
1146 1355 1333 1410 politicis
1370 1355 1549 1409 legibus,
1588 1371 1696 1409 quae
1725 1371 1824 1410 pro-

260 1430 352 1483 prie
389 1429 601 1471 humanae
640 1431 751 1481 sunt,
788 1444 867 1470 nec
895 1428 1007 1470 inter
1034 1427 1116 1470 Dei
1145 1428 1261 1482 leges
1288 1427 1512 1479 habentur,
1544 1427 1754 1470 directe
1784 1431 1825 1471 et

258 1500 572 1542 immediate
603 1500 816 1553 obstringi
845 1499 1138 1550 conscientias,
1170 1499 1283 1552 quod
1307 1498 1524 1540 Pontificii
1551 1499 1824 1551 contendunt,

261 1572 360 1625 quia
389 1572 564 1626 proprie
594 1573 636 1612 et
663 1586 740 1625 per
769 1586 812 1613 se
840 1571 883 1612 id
912 1570 1216 1613 conscientiam
1238 1570 1483 1612 immediate
1509 1570 1687 1624 obligat,
1713 1571 1826 1623 quod

258 1645 434 1697 propter
464 1642 545 1684 Dei
573 1641 822 1683 mandatum
850 1641 988 1684 facere
1015 1656 1184 1684 necesse
1213 1644 1288 1693 est,
1319 1641 1398 1682 etsi
1427 1641 1582 1683 nullius
1607 1644 1824 1684 creaturae

259 1714 509 1756 mandatum
545 1716 618 1755 aut
656 1715 874 1767 respectus
906 1713 1136 1755 accederet.
1167 1712 1282 1754 Talis
1311 1727 1397 1754 non
1426 1715 1490 1755 est
1518 1713 1696 1756 materia
1725 1729 1825 1768 pro-

258 1785 353 1839 pria
401 1785 544 1838 legum
585 1784 880 1836 humanarum,
924 1798 1029 1837 quas
1072 1786 1215 1825 tamen
1260 1784 1528 1826 concedimus
1572 1785 1826 1839 obligare

260 1857 634 1899 conscientias
663 1856 858 1909 mediate,
889 1856 931 1898 vi
961 1856 1171 1909 generalis
1201 1856 1392 1898 mandati
1421 1856 1564 1908 divini,
1593 1872 1677 1909 quo
1702 1872 1825 1911 prae-

260 1928 416 1982 cipitur
459 1927 700 1970 obedientia
736 1941 839 1980 erga
874 1927 1187 1980 magistratum.
1228 1926 1332 1968 Cum
1370 1929 1513 1969 autem
1543 1928 1732 1970 humana
1758 1928 1826 1971 lex

259 2000 434 2053 primo
474 2002 516 2042 et
553 2014 646 2053 per
684 2014 735 2041 se
763 2014 851 2041 non
879 1998 1055 2053 obliget,
1087 1999 1160 2041 sed
1188 1999 1513 2041 secundario
1545 2001 1596 2041 et
1625 2014 1720 2053 per
1749 2014 1826 2041 ac-

260 2072 464 2124 cidens,
495 2072 650 2113 falsum
674 2072 737 2112 est
761 2070 916 2123 dogma
941 2085 966 2111 a
989 2069 1252 2111 Bellarmino
1278 2072 1611 2124 propugnatum,
1637 2070 1681 2112 L.
1707 2071 1744 2112 3.
1777 2071 1826 2113 de

259 2142 410 2185 memb.
448 2142 564 2184 Eccl.
601 2141 725 2184 milit.
765 2157 798 2184 0.
839 2142 901 2183 11.
941 2140 1131 2195 Legem
1172 2142 1393 2184 civilem
1428 2157 1533 2184 non
1564 2142 1738 2184 minus
1767 2143 1827 2184 li-

259 2228 386 2267 gare
414 2213 467 2254 in
497 2213 846 2256 conscientia
875 2227 1028 2266 quam
1058 2213 1236 2266 legem
1260 2213 1520 2266 divinam,
1549 2217 1598 2256 et
1624 2229 1827 2256 omnem

259 2286 454 2339 legem,
498 2301 522 2326 a
565 2299 888 2337 quocunque
930 2284 1164 2334 feratur,
1208 2285 1324 2327 sive
1369 2300 1394 2326 a
1435 2284 1568 2338 Deo,
1612 2286 1724 2328 sive
1765 2286 1826 2328 ab

259 2355 493 2409 Angelo,
524 2356 637 2397 sive
667 2356 728 2397 ab
771 2355 1009 2408 homine,
1042 2356 1222 2398 eodem
1254 2356 1402 2398 mode
1433 2356 1695 2410 obligare.

312 2426 404 2469 XX.
433 2426 652 2469 Hactenus
691 2427 740 2469 de
769 2426 969 2480 gradibus
999 2429 1039 2469 et
1066 2427 1261 2480 partibus
1290 2427 1502 2470 libertatis
1525 2428 1710 2470 filiorum
1734 2428 1827 2481 Dei,

260 2499 456 2542 omnibus
507 2498 716 2551 fidelibus,
761 2498 877 2540 omni
917 2501 1123 2552 tempore,
1167 2501 1375 2552 quatenus
1418 2500 1484 2541 vel
1524 2500 1569 2541 in
1613 2499 1828 2542 Christum

257 2573 482 2614 venturum
512 2570 791 2618 crediderunt,
819 2570 887 2612 vel
915 2571 959 2612 in
988 2570 1206 2613 Christum
1234 2571 1472 2613 exhibitum
1501 2571 1688 2623 credunt,
1714 2586 1827 2614 com-

258 2642 468 2695 munibus,
501 2643 580 2685 etsi
610 2642 840 2684 secundum
875 2642 969 2695 plus
993 2643 1060 2685 vel
1082 2642 1221 2684 minus
1248 2642 1582 2686 communicatis.
1608 2643 1677 2685 Ad
1699 2643 1828 2686 liber-

258 2717 392 2757 tatem
429 2715 650 2769 propriam
685 2714 951 2768 temporibus
989 2712 1103 2756 Novi
1134 2713 1399 2756 Testamenti
1429 2714 1616 2769 pertinet
1645 2714 1827 2757 vindica-

258 2787 320 2829 tio
364 2802 388 2828 a
425 2786 627 2828 servitute
667 2785 939 2829 oeconomica
976 2785 1083 2839 legis
1124 2786 1428 2838 ceremonialis,
1465 2800 1572 2839 quae
1601 2785 1826 2839 multiplex

260 2861 322 2901 est
359 2857 588 2900 secundum
623 2857 763 2899 varios
804 2856 991 2909 ejusdem
1029 2856 1137 2910 legis
1166 2859 1396 2910 respectus.
1427 2855 1572 2898 Primo
1603 2856 1714 2898 enim
1745 2857 1826 2899 hoc

258 2928 420 2981 habuit,
459 2929 574 2982 quod
601 2928 682 2970 fuit
712 2928 978 2982 signaculum
1008 2927 1371 2970 condemnationis
1403 2927 1651 2981 peccatoris,
1684 2930 1726 2969 et
1755 2927 1825 2969 de-

259 2999 339 3041 biti
380 2999 517 3041 nostri
561 2998 907 3052 chirographum,
952 2997 1042 3040 Gal.
1085 2999 1122 3051 3,
1164 2999 1227 3040 21.
1272 2998 1520 3052 impositum
1558 3012 1727 3050 usque
1766 2998 1827 3040 ad
