1931 3224
486 153 549 196 DE
579 152 774 195 Honmun
805 151 1033 193 VocATmNE
1062 166 1111 192 AD
1142 150 1337 193 SALUTEM.
1611 151 1688 191 295

131 277 386 321 Sanctorum
415 278 459 320 in
489 277 581 320 luce
610 276 964 331 participandam,
995 276 1205 330 sapientes
1235 274 1467 316 redduntur
1497 274 1549 316 ad
1577 273 1688 316 salu-

131 352 219 392 tem
244 365 318 405 per
346 349 473 391 fidem
501 350 547 390 in
575 349 723 391 Jesum
754 347 980 399 Christum,
1011 346 1098 389 Col.
1130 347 1165 398 1,
1196 346 1258 387 12.
1288 346 1350 387 13.
1382 346 1402 386 1
1430 345 1536 387 Tim.
1561 345 1598 396 3,
1626 345 1688 386 15.

186 420 302 463 VIII.
334 420 552 472 Quocirca,
582 421 707 463 sicuti
735 420 838 462 fides
862 419 1099 473 justificans
1131 420 1194 460 est
1218 417 1389 459 unicum
1414 417 1541 459 sortis
1570 431 1688 458 sanc-

131 494 273 534 torum
309 492 353 533 in
389 492 481 533 luce
514 491 837 545 participandae
873 491 1223 539 instrumentum;
1264 489 1324 529 sic
1354 488 1521 530 vocatio
1552 487 1689 529 Evan—

132 562 269 616 gelica
299 564 362 603 est
389 562 550 614 primus
581 562 633 603 ad
660 562 787 603 fidem
814 561 967 603 aditus.

183 631 256 673 IX.
294 632 452 674 Errant
489 632 624 688 igitur
659 633 733 685 qui
760 647 846 674 non
874 635 1041 674 tantum
1068 631 1383 685 Evangelicam,
1414 631 1487 672 sed
1516 632 1689 672 natura-

130 703 215 746 lem
252 718 421 757 quoque
459 703 726 746 vocationem
763 704 914 746 salutis
952 702 1211 745 vestibulum
1249 702 1424 754 faciunt,
1456 717 1552 744 cuni
1580 717 1686 743 non-

129 774 234 816 nulli
273 774 442 827 quidem
480 775 775 828 Evangelicae,
804 775 911 816 nulli
941 777 1083 816 autem
1112 774 1318 816 naturalis
1348 773 1584 815 vocationis
1614 774 1686 815 be-

129 846 279 888 neficio
308 846 361 887 ad
391 847 680 900 cognitionem
710 841 943 889 Salvatorss
972 847 1108 887 nostri
1137 845 1240 888 Jesu
1270 845 1427 887 Christi
1454 845 1580 898 (quae
1598 845 1687 887 sola

130 918 194 959 est
222 918 274 959 ad
303 917 435 959 vitam
466 921 681 960 aeternam
711 918 796 971 via)
826 917 1087 971 perveniant,
1117 917 1215 959 Joh.
1248 918 1310 968 14,
1342 918 1379 958 6.
1410 919 1450 958 01
1482 913 1606 969 17‚'3.

181 989 233 1031 Χ.
262 988 512 1032 Vocationis
540 988 824 1042 Evangelicae
849 1003 974 1030 causa
999 988 1184 1030 efficiens
1210 988 1458 1041 principalis
1485 990 1548 1030 est
1570 987 1685 1029 Deus

128 1061 267 1113 Pater,
293 1061 337 1102 in
361 1060 485 1113 Filio,
510 1076 586 1114 per
609 1060 817 1114 Spiritum
842 1060 1057 1112 Sanctum,
1085 1060 1105 1100 1
1132 1059 1277 1101 Thess.
1301 1060 1337 1111 2,
1357 1061 1417 1101 12.
1434 1060 1545 1113 Eph.
1564 1061 1599 1111 1,
1624 1060 1685 1101 17.

129 1134 170 1173 01
197 1132 234 1184 4,
265 1133 326 1173 11.
357 1132 420 1173 12.
448 1131 584 1185 Apoc.
613 1132 651 1184 3,
682 1132 744 1172 20.

181 1202 252 1244 XI.
290 1202 422 1244 Filius
454 1202 578 1255 enim,
608 1205 655 1244 ut
683 1202 896 1245 Mediator
924 1202 1006 1245 Dei
1035 1205 1077 1244 et
1106 1202 1339 1253 hominum,
1370 1217 1418 1243 ac
1447 1204 1575 1256 caput
1604 1203 1685 1244 Ec-

127 1274 288 1327 clesiae,
326 1274 405 1316 1108
442 1289 518 1328 per
557 1273 766 1328 Spiritum
803 1275 1005 1317 Sanctum
1044 1276 1085 1316 et
1121 1274 1312 1316 Verbum
1340 1274 1531 1315 veritatis
1562 1274 1614 1315 ad
1643 1290 1685 1316 se

126 1348 262 1397 vocat,
308 1345 432 1387 Matt.
480 1346 544 1398 11,
588 1347 649 1387 28.
689 1346 874 1400 Spiritus
913 1346 1092 1388 Sanctus
1131 1345 1250 1387 verbi
1290 1360 1520 1399 praecones
1565 1346 1685 1387 donis

124 1418 298 1459 instruit
339 1418 586 1460 necessariis
623 1418 675 1459 ad
715 1433 798 1470 eos,
836 1418 889 1460 ad
927 1433 1032 1470 quos
1071 1433 1094 1459 a
1132 1417 1260 1459 Patre
1299 1417 1343 1458 in
1380 1418 1551 1459 nomine
1584 1417 1684 1459 Filii

124 1489 366 1541 mittuntur,
405 1504 479 1531 sua
514 1489 767 1531 invitatione
807 1490 851 1531 in
889 1489 1058 1531 Christo
1097 1490 1437 1532 communionem
1467 1489 1683 1531 attrahen-

125 1561 213 1612 dos,
246 1561 266 1602 1
297 1559 390 1602 Cor.
421 1562 483 1613 12,
511 1562 549 1602 4.
579 1561 687 1603 Heb.
717 1563 755 1614 2,
783 1562 821 1603 4.

177 1630 273 1673 XII.
307 1630 441 1673 Causa
472 1633 754 1685 προηγουμένη,
789 1648 872 1686 qua
901 1632 1016 1675 Deus
1046 1648 1094 1674 ex
1124 1648 1167 1674 se
1196 1633 1449 1675 intrinsecus
1479 1635 1682 1682 movetur,

124 1706 186 1745 est
223 1704 358 1757 ipsius
396 1704 534 1758 gratia
564 1706 691 1757 atque
724 1705 877 1747 εὐδοκία
915 1719 987 1745 8011
1017 1719 1232 1758 propensa
1261 1705 1457 1746 voluntas
1485 1704 1536 1746 ad
1565 1719 1683 1746 suam

123 1775 303 1817 salutem
330 1776 494 1817 miseris
524 1775 820 1829 peccatoribus
848 1775 893 1817 in
923 1774 1090 1817 Christo
1122 1776 1392 1817 offerendam.

175 1846 293 1889 XIII.
331 1846 471 1900 Hujus
510 1846 624 1888 socia
662 1847 744 1889 fuit
784 1848 1018 1889 consultrix
1061 1850 1103 1888 et
1141 1848 1319 1900 provida
1349 1847 1429 1889 Dei
1458 1849 1679 1901 sapientia,

122 1933 206 1972 qua
243 1917 357 1960 Deus
393 1919 695 1960 nonnullorum
723 1934 773 1961 ex
802 1919 996 1961 universa
1024 1918 1245 1960 hominum
1274 1921 1545 1972 peccatorum
1573 1919 1680 1960 111111-

120 1989 302 2032 titudine
340 1991 607 2032 vocationem
635 1991 863 2032 salutarem
892 1991 951 2032 sic
981 1990 1204 2044 disposuit,
1234 1992 1281 2031 ut
1311 2005 1429 2031 suam
1460 2005 1559 2044 erga
1586 1991 1680 2032 illos

121 2061 454 2103 misericordiam
479 2062 637 2115 absque
661 2061 759 2113 ullo,
788 2064 860 2103 aut
880 2062 1085 2115 justitiae,
1111 2064 1184 2103 aut
1210 2061 1421 2104 libertatis
1444 2077 1542 2104 suae
1558 2077 1680 2115 prae-

116 2132 275 2185 judicio
305 2132 594 2174 demonstrare
622 2135 779 2186 posset.

174 2202 288 2245 XIV.
330 2203 464 2245 Causa
495 2206 828 2257 προκαταρκτικὴ,
867 2220 939 2246 800
977 2205 1197 2259 impellens
1228 2208 1413 2258 externa,
1445 2208 1507 2247 081
1537 2206 1679 2258 expia-

120 2273 231 2316 toria
257 2273 360 2316 Jesu
390 2274 548 2316 Christi
575 2290 653 2329 pro
684 2276 968 2318 vocandorum
1001 2276 1186 2330 peccatis
1217 2277 1392 2319 oblatio.

172 2345 267 2387 XV.
320 2345 456 2388 Causa
505 2346 839 2389 instrumentalis
891 2348 1106 2390 ordinaria
1158 2351 1221 2390 est
1264 2349 1382 2390 verbi
1424 2349 1556 2390 divini
1603 2364 1679 2403 per

119 2417 344 2471 Evangelii
369 2432 598 2472 praecones
623 2418 949 2471 administratio,
975 2420 999 2460 2
1028 2419 1172 2461 Τ11088.
1203 2420 1240 2472 2,
1267 2420 1327 2461 14.
1355 2419 1419 2462 De
1445 2420 1678 2462 extraordi-

118 2489 240 2531 naria
270 2489 373 2531 certi
402 2489 509 2531 nihil
538 2504 590 2531 ex
618 2489 841 2544 Scriptura
870 2492 1002 2533 statui
1030 2494 1187 2545 potest.

171 2559 288 2602 XVI.
327 2559 508 2602 Materia
546 2561 656 2603 circa
696 2576 836 2614 quam,
876 2562 948 2604 seu
987 2563 1201 2616 objectum
1232 2564 1480 2615 11οο3110018,
1511 2567 1574 2606 081
1602 2579 1676 2618 ge-

118 2647 196 2674 nus
224 2631 456 2674 humanum
486 2632 541 2674 ob
569 2635 792 2686 peccatum
820 2634 949 2676 morti
977 2637 1174 2677 aeternae
1204 2635 1448 2687 obnoxium,
1473 2650 1559 2678 non
1581 2636 1675 2678 uni—

117 2704 351 2756 versaliter,
381 2703 454 2745 sed
479 2705 758 2746 communiter
781 2719 830 2746 ac
853 2705 1122 2748 distributive
1147 2709 1375 2760 sumptum,
1401 2706 1524 2749 Matt.
1549 2708 1585 2760 9,
1612 2709 1674 2750 13.

171 2774 309 2817 XVII.
347 2774 530 2817 Proinde
570 2776 605 2817 si
636 2778 869 2819 communis
898 2777 1120 2819 hominum
1149 2780 1302 2819 natura
1332 2781 1529 2833 corrupta
1557 2794 1674 2834 spec-

116 2847 243 2898 tetur,
283 2861 428 2889 omnes
458 2848 556 2888 sunt
584 2847 746 2901 pariter
775 2847 855 2890 Dei
883 2849 1106 2891 vocatione
1136 2849 1188 2890 ad
1217 2849 1395 2891 salutem
1423 2850 1601 2904 indigni,
1633 2853 1674 2893 et

118 2917 171 2958 ad
208 2918 547 2971 respondendum
584 2918 733 2972 inepti,
771 2922 818 2961 ut
850 2921 923 2973 qui
950 2920 1110 2974 pariter
1139 2922 1297 2962 mortui
1327 2924 1425 2963 sunt
1453 2922 1497 2963 in
1525 2936 1673 2976 pecca-

117 2987 185 3040 tis,
224 2991 266 3031 et
301 2989 378 3030 filii
415 2989 513 3039 irae,
551 3005 576 3031 a
614 2990 702 3032 vita
731 2989 812 3033 Dei
839 2991 1082 3044 abalienati,
1109 2992 1328 3045 ipsiusque
1355 2993 1528 3045 inimici,
1558 2993 1670 3047 Eph.
