1931 3224
227 151 305 196 428
771 154 1014 198 DISPUTATIO
1043 156 1240 199 XXXIX.

226 276 390 320 nullum
428 279 602 320 dubium
637 281 781 332 potest
818 281 1000 321 moveri:
1039 283 1088 322 ut
1120 284 1262 323 autem
1289 283 1375 324 sint
1403 283 1550 326 inanes
1579 288 1786 339 quatenus

228 350 546 401 satisfactoriae,
581 352 623 391 et
661 351 750 393 sine
786 352 864 393 tali
901 352 1053 394 fructu·
1071 353 1107 394 si
1136 355 1358 407 egentibus
1388 370 1474 397 non
1503 357 1786 411 applicentur,

226 421 336 466 nihil
373 422 436 462 est
466 421 745 475 incommodi3
775 422 834 464 sic
863 423 974 465 enim
1001 439 1054 466 ne
1083 424 1319 467 Pontificiis
1348 427 1518 480 quidem
1546 443 1786 484 repugnan-

226 495 354 546 tibus,
372 497 494 536 erunt
508 495 655 537 inanes
670 497 891 549 passiones
909 498 1098 538 omnium
1113 496 1365 540 Sanctorum
1384 500 1455 552 qui
1470 500 1514 541 in
1531 499 1596 541 die
1612 499 1787 543 Domini

226 565 458 608 manebunt
487 567 761 619 superstites;
793 570 834 609 et
865 582 972 620 quae
999 570 1093 610 tum
1116 568 1161 609 in
1184 569 1385 612 thesauro
1411 570 1627 613 Ecclesiae
1650 572 1788 614 adhuc

227 639 490 690 supererunt,
522 638 621 691 quia
649 640 750 680 tunc
777 639 885 680 nulli
915 642 1037 681 erunt
1067 639 1220 692 quibus
1245 640 1480 694 dispensari
1504 644 1681 696 possint,
1705 643 1788 685 nisi

226 710 336 751 forte
374 709 619 751 existiment
657 708 886 763 Pontificii,
926 714 1127 754 evacuato
1166 715 1432 766 purgatorio,
1467 714 1596 756 etiam
1623 714 1788 757 futuras

227 781 322 822 sub
366 783 525 834 styge
566 780 739 823 ferias
782 783 1081 835 spiritibus
1119 784 1468 837 nocentibus,
1508 788 1581 827 aut
1619 788 1788 829 eosdem

227 853 355 894 etiam
380 852 551 894 tandem
575 852 617 894 vi
640 853 981 896 satisfactionum
1005 869 1253 907 emersuros,
1279 856 1392 908 quod
1408 856 1604 898 delirium
1620 858 1788 911 aliquos

227 940 277 966 ex
306 925 358 966 iis
387 924 490 966 olim
517 925 754 981 fascinavit,
785 927 939 979 quibus
968 927 1200 969 arriserunt
1228 929 1432 982 suffragia
1459 944 1536 984 pro
1568 929 1787 973 defunctis.

278 995 451 1038 XLVII.
496 995 933 1040 Communicationem
974 1013 1074 1040 vero
1114 999 1455 1042 satisfactionum
1492 1016 1568 1056 pro
1601 1002 1788 1056 peccatis

226 1081 312 1109 non
348 1066 529 1120 requirit
567 1066 895 1112 Sanctorum
934 1071 1247 1113 communio.
1277 1071 1391 1114 Nam
1420 1073 1456 1114 1.
1487 1073 1627 1115 differt
1657 1088 1789 1116 com-

226 1141 404 1182 munio
443 1156 468 1182 a
506 1142 900 1195 communicatione,
940 1158 1034 1185 cum
1073 1146 1289 1197 supponat
1324 1144 1565 1186 communio
1595 1160 1684 1187 rem
1712 1145 1789 1187 ali-

228 1227 355 1264 quam
394 1227 672 1266 communem,
707 1215 759 1256 ad
793 1229 921 1267 quam
945 1216 1015 1268 jus
1043 1215 1204 1257 habent
1233 1215 1409 1268 aequale
1436 1215 1513 1268 illi,
1541 1216 1654 1258 inter
1683 1231 1789 1270 quos

227 1285 292 1325 est
319 1284 573 1326 communio.
602 1283 703 1326 Non
732 1286 876 1328 eadem
905 1289 968 1328 est
996 1287 1106 1329 ratio
1137 1287 1199 1329 rei
1228 1301 1336 1340 quae
1362 1288 1711 1340 communicatur,
1736 1288 1789 1330 ab

228 1370 276 1397 eo
308 1356 375 1398 cui
402 1370 488 1397 non
519 1359 582 1398 est
605 1358 857 1410 necessaria,
882 1358 954 1400 alii
980 1359 1053 1411 qui
1079 1373 1127 1400 ea
1150 1359 1326 1412 indiget.
1353 1359 1523 1412 Contra,
1549 1361 1789 1403 communio

227 1430 482 1480 sanctorum,
521 1428 803 1481 particulares
840 1430 967 1483 hujus
1005 1432 1078 1472 aut
1116 1430 1230 1472 illius
1269 1431 1581 1474 satisfactiones
1614 1447 1790 1486 prorsus

227 1500 400 1550 evertit3
440 1501 541 1553 quia
578 1500 933 1553 quemadmodum
970 1501 1015 1542 in
1054 1516 1103 1543 eo
1137 1501 1334 1543 consistit
1363 1502 1602 1544 communio
1631 1506 1790 1556 nostra,

226 1574 275 1613 ut
303 1571 481 1613 eundem
504 1571 737 1614 habeamus
761 1571 911 1625 Deum,
938 1573 1114 1615 eandem
1137 1573 1275 1625 fidem,
1299 1573 1412 1615 idem
1436 1573 1662 1628 baptisma,
1691 1589 1791 1616 eun-

228 1643 322 1685 dem
359 1643 579 1697 Spiritum,
617 1658 704 1686 non
742 1646 789 1685 ut
821 1643 1042 1699 Spiritum,
1066 1644 1204 1698 fidem,
1234 1645 1460 1698 baptisma,
1489 1645 1613 1687 nobis
1644 1661 1791 1699 super-

224 1715 358 1757 fluum
386 1716 480 1757 aliis
509 1716 887 1758 communicemus:
925 1717 984 1758 sic
1011 1717 1056 1758 in
1085 1731 1134 1758 eo
1165 1717 1294 1758 etiam
1323 1717 1517 1759 consistit
1546 1719 1791 1759 sanctorum

229 1788 482 1840 communio,
523 1789 637 1841 quod
674 1803 818 1830 omnes
847 1789 916 1841 jus
943 1788 1104 1830 habent
1131 1789 1185 1830 ad
1213 1788 1382 1830 unicam
1411 1787 1569 1830 Christi
1597 1789 1790 1832 satisfac-

226 1860 400 1902 tionem.
430 1861 746 1914 Argumentum
774 1861 909 1913 igitur
939 1876 962 1902 a
992 1861 1363 1903 communione
1389 1863 1721 1915 sanctorum,
1745 1862 1790 1904 in

228 1932 490 1974 adversarios
521 1932 748 1974 efficaciter
776 1934 1062 1985 retorquetur.

279 2002 471 2045 XLVIII.
509 2003 601 2046 Nec
633 2003 755 2045 firmo
794 2004 931 2057 magis
960 2003 1112 2045 nititur
1140 2004 1428 2057 fundamento,
1461 2004 1574 2057 quod
1604 2019 1628 2045 a
1657 2018 1789 2045 com-

226 2092 269 2118 m
279 2077 620 2128 unicatione,
670 2091 777 2129 quae
820 2076 948 2118 etiam
989 2076 1102 2118 inter
1144 2075 1408 2118 Christianos
1450 2076 1591 2117 Iocum
1631 2075 1789 2117 habere

227 2147 364 2200 debet,
394 2147 638 2199 desumitur,
668 2163 767 2189 nam
794 2147 1121 2190 communicatio
1147 2147 1272 2189 debet
1296 2162 1384 2189 esse
1409 2161 1556 2189 eorum
1578 2147 1789 2189 bonorum

227 2234 336 2272 quae
374 2220 677 2262 communicari
714 2222 906 2273 possunt,
945 2222 987 2261 et
1015 2219 1068 2261 ab
1097 2234 1180 2261 uno
1210 2220 1263 2262 ad
1291 2219 1421 2261 alium
1449 2219 1652 2261 transire:
1681 2219 1788 2261 tales

226 2292 369 2333 autem
411 2305 501 2332 esse
543 2290 731 2332 fidelium
774 2291 1005 2344 passiones,
1046 2291 1221 2345 probari
1257 2305 1344 2333 non
1381 2292 1536 2344 potest.
1574 2289 1666 2332 Nec
1701 2290 1789 2331 ulla

223 2363 334 2404 ratio
373 2364 518 2416 potest
557 2362 710 2413 afferri,
750 2377 823 2404 cur
863 2377 995 2415 opus
1030 2362 1224 2404 bonum
1255 2376 1356 2414 qua
1383 2363 1539 2415 parte
1568 2360 1787 2402 merito-

225 2434 361 2476 rium
400 2436 504 2486 est,
534 2448 637 2475 non
665 2432 845 2487 possit
874 2433 1003 2475 aliis
1033 2432 1330 2487 applicari,
1361 2432 1475 2485 quod
1503 2431 1661 2473 fatetur
1689 2430 1787 2473 Bel-

224 2506 344 2548 larm.
379 2506 428 2548 de
452 2505 748 2560 Indulgentiis,
779 2505 869 2547 Lib.
901 2507 936 2547 1.
963 2521 1052 2559 cap.
1083 2506 1119 2547 2.
1152 2507 1193 2547 et
1221 2507 1365 2546 tamen
1392 2504 1505 2546 idem
1535 2518 1653 2557 opus,
1683 2518 1787 2557 qua-

224 2580 348 2619 tenus
386 2577 732 2629 satisfactorium,
770 2577 908 2631 possit
944 2576 1258 2619 communicari.
1288 2576 1423 2628 Adde,
1453 2574 1787 2617 satisfactionem

224 2665 312 2692 non
349 2664 439 2692 esse
476 2650 636 2692 bonum
674 2650 929 2702 absolutum,
964 2650 1036 2691 sed
1068 2649 1293 2690 relativum
1322 2649 1374 2690 ad
1403 2662 1498 2689 eum
1526 2648 1593 2689 cui
1620 2646 1786 2688 satisfit.

227 2721 497 2777 Quapropter
528 2721 657 2764 etiam
685 2722 720 2763 si
744 2721 842 2763 talis
867 2721 1142 2775 participatio
1170 2723 1211 2762 et
1238 2719 1563 2762 communicatio
1591 2733 1641 2760 ex
1664 2721 1786 2771 parte

226 2794 526 2845 membrorum,
574 2808 651 2847 per
692 2792 980 2835 satisfaciendi
1020 2792 1302 2834 intentionem
1342 2791 1658 2842 institueretur3
1699 2805 1786 2832 non

226 2864 323 2906 inde
356 2866 603 2917 sequeretur
631 2864 869 2918 acceptatio
900 2880 924 2906 a
951 2866 1074 2918 parte
1103 2863 1336 2916 creditoriS,
1365 2863 1455 2905 sine
1484 2877 1568 2915 qua
1599 2877 1785 2925 commu-

227 2935 453 2977 nicationis
482 2936 713 2990 applicatio
743 2951 918 2990 prorsus
946 2935 1109 2977 inutilis
1139 2937 1261 2977 esset.

280 3005 430 3051 XLIX.
468 3006 638 3050 Vanum
675 3007 811 3063 igitur
848 3009 910 3049 est
948 3007 1062 3060 quod
1095 3007 1252 3059 dic-unt,
1287 3006 1598 3049 satisfactiones
1626 3006 1784 3049 alienas
