1931 3224
602 275 1073 323 DISPUTATIO
1116 274 1225 321 VH.

889 385 935 407 DE

491 460 957 529 Sacro-Sancta
1007 459 1332 526 Trinitate.

423 607 620 649 Praeside
653 607 705 648 D.
733 605 1012 649 JOHANNE
1042 603 1410 648 POLYANDRO.

503 699 780 749 Respondente
810 698 973 736 TOBIA
1000 696 1327 735 DAMMANNO.

787 786 975 827 THEsis
1012 785 1044 827 1.

292 891 639 918 UEMADMODUM
671 876 773 918 fides
803 875 1044 917 Christiana
1073 874 1211 916 Deum
1238 888 1369 915 unum
1396 873 1441 914 in
1469 871 1690 923 Trinitate,

177 884 274 1016 Q
292 947 350 989 sic
391 962 668 1001 personarum
710 947 965 989 Trinitatem
1002 947 1048 988 in
1085 946 1290 988 essentiae
1327 945 1492 987 divinae
1529 945 1692 985 unitate

135 1021 371 1061 veneratur.

188 1090 241 1132 II.
279 1090 344 1132 De
379 1091 459 1132 hac
491 1105 770 1144 personarum
799 1090 1037 1131 divinarum
1065 1088 1276 1130 Trinitate
1305 1086 1575 1141 disputaturi,
1606 1085 1693 1139 pri-

135 1177 252 1203 mum
279 1177 414 1214 voceS,
445 1163 594 1205 deinde
622 1178 711 1204 rem
739 1163 876 1216 ipsam
906 1161 1253 1204 examinabimus.

189 1232 263 1275 III.
292 1233 390 1276 Vox
418 1249 624 1288 personae
653 1234 766 1288 apud
795 1233 980 1285 Latinos,
1011 1235 1058 1274 ut
1101 1236 1168 1275 τοῦ
1198 1232 1399 1285 προσώπου
1432 1231 1544 1286 apud
1567 1230 1694 1272 Grae-

137 1319 219 1358 cos,
260 1308 323 1347 est
356 1307 601 1358 aequivoca.
632 1306 851 1348 Interdum
881 1306 992 1347 enim
1020 1305 1181 1346 larvam
1210 1306 1251 1345 et
1280 1303 1530 1356 qualitatem
1557 1302 1695 1343 homi-

138 1377 216 1429 nis,
245 1392 318 1419 seu
348 1377 633 1420 conditionem
663 1379 881 1419 externam
905 1377 1091 1427 denotat,
1117 1378 1164 1417 ut
1186 1376 1281 1416 Act.
1308 1375 1370 1425 1Ο,
1395 1374 1459 1415 34.
1483 1373 1696 1415 interdum

139 1448 456 1491 subsistentiam
497 1449 663 1491 ratione
705 1448 954 1502 praeditam,
998 1450 1044 1489 ut
1086 1449 1110 1488 2
1149 1446 1241 1489 Cor.
1282 1448 1316 1498 1,
1358 1447 1419 1487 11.
1457 1445 1549 1487 Nos
1586 1445 1696 1486 hanc

139 1534 285 1562 vocem
328 1521 547 1574 analogice
591 1521 643 1562 ad
684 1535 886 1574 personas
928 1518 1151 1560 Trinitatis
1189 1517 1566 1568 accommodantes,
1606 1530 1697 1558 eam

139 1591 367 1644 posteriori
397 1592 636 1645 significatu
664 1605 930 1645 usurpamus.

192 1663 266 1705 IV.
307 1663 507 1713 Quamvis
536 1679 619 1706 vox
650 1663 819 1713 Graeca,
849 1662 1060 1716 πρόσωπον,
1092 1662 1159 1703 cui
1187 1676 1341 1703 nomen
1369 1675 1575 1714 personae
1604 1674 1696 1701 cor-

140 1735 381 1788 respondet,
424 1750 510 1777 non
556 1735 775 1796 οιύτςλεξεὶ,
812 1736 879 1777 vel
916 1735 1097 1777 totidem
1135 1732 1308 1787 syllabis
1336 1733 1380 1774 in
1409 1732 1537 1773 sacris
1564 1731 1698 1772 literis

140 1806 378 1848 inveniatur
407 1807 599 1860 personis
623 1793 775 1848 divinis
800 1807 1019 1859 attributa,
1048 1806 1218 1859 utrique
1242 1809 1384 1847 tamen
1408 1802 1698 1856 aequipollens

142 1871 280 1919 exstat
306 1878 350 1919 in
380 1877 576 1931 Epistola
606 1879 659 1920 ad
687 1877 918 1929 Hebraeos,
950 1892 1040 1931 cap.
1071 1879 1107 1930 1,
1137 1878 1173 1918 3.
1203 1877 1277 1918 ubi
1303 1875 1495 1918 Christus
1523 1876 1698 1917 vocatur

142 1949 158 1990 ὁ
192 1949 404 2003 χαρακτὴρ
442 1955 512 1998 τῆς
549 1948 806 1997 ὑποστάσεως
838 1952 904 1991 τοῦ
936 1949 1099 2002 πατρὸς,
1133 1948 1176 1989 id
1214 1950 1289 2000 est,
1330 1961 1528 2000 expressa
1555 1946 1697 1998 imago

143 2021 440 2063 subsistentiae
468 2021 623 2063 Patris.

195 2091 248 2134 V.
286 2092 404 2154 Idem
433 2093 482 2134 de
511 2093 717 2134 vocabulo
747 2091 970 2134 Trinitatis
1000 2090 1235 2133 asserimus.
1264 2089 1403 2143 Hujus
1433 2088 1544 2130 enim
1573 2101 1699 2141 syno-

142 2179 329 2218 nymum,
361 2179 411 2206 ex
439 2165 532 2218 lege
560 2165 899 2217 conjugatorum,
929 2165 991 2205 est
1024 2165 1151 2204 tres.
1182 2161 1395 2204 Numerus
1421 2160 1532 2202 enim
1554 2173 1699 2200 nume-

142 2250 239 2277 rans
275 2235 320 2277 in
355 2238 550 2278 concreto
581 2239 623 2278 et
649 2250 850 2277 numerus
877 2236 1124 2276 numeratus
1147 2233 1192 2274 in
1216 2233 1443 2283 abstracto,
1469 2233 1566 2273 sunt
1589 2230 1700 2272 idem

143 2323 188 2350 re
227 2323 275 2350 ac
312 2307 633 2362 significatione.
666 2306 792 2348 Illum
822 2309 964 2349 autem
993 2320 1216 2347 numerum
1243 2303 1376 2355 Patri,
1406 2302 1599 2346 Sermoni
1627 2316 1699 2343 seu

143 2378 266 2431 Filio,
306 2381 347 2421 et
384 2379 564 2433 Spiritui
591 2379 746 2422 Sancto
776 2379 1011 2433 Apostolus
1034 2377 1252 2419 Johannes
1282 2376 1481 2429 assignat,
1513 2375 1533 2415 1
1563 2373 1699 2426 Epist.

144 2451 182 2503 5,
212 2451 247 2491 7.
278 2464 374 2491 cum
402 2450 483 2492 ait:
512 2451 609 2492 hos
636 2454 749 2492 tres
777 2451 831 2491 in
859 2449 1012 2491 coelo
1040 2447 1361 2490 testificari.

198 2521 272 2564 VI.
304 2521 510 2571 Quocirca
548 2521 656 2564 sicut
694 2522 759 2574 iis,
791 2521 864 2574 qui
893 2523 990 2562 sunt
1019 2520 1161 2562 decem
1190 2520 1324 2570 decas,
1355 2518 1412 2558 sic
1440 2516 1578 2558 tribus
1606 2514 1701 2556 Tri-

145 2593 256 2635 nitas
302 2594 457 2635 ascribi
500 2595 662 2648 potest;
706 2596 748 2635 et
787 2593 912 2635 sicuti
947 2592 1182 2645 Apostolus
1222 2605 1271 2632 ex
1310 2603 1410 2631 voce
1448 2588 1576 2640 Deus,
1614 2587 1701 2629 dei-

145 2667 290 2717 tatem,
330 2665 416 2707 Col.
451 2666 488 2716 2,
526 2662 564 2723 2}
602 2665 661 2706 sic
698 2665 847 2707 Patres
885 2663 1125 2706 Orthodoxi
1173 2677 1223 2704 ex
1263 2660 1444 2702 dictione
1481 2662 1578 2711 tres,
1608 2658 1701 2700 Tri-

146 2736 324 2778 nitatem
353 2738 466 2778 recte
492 2735 766 2777 deduxerunt.

200 2807 294 2850 VII.
328 2808 424 2849 Etsi
457 2807 606 2849 Patres
636 2806 786 2849 Graeci
812 2796 1070 2861 posteriores
1097 2804 1227 2847 οὐσίαν
1254 2806 1296 2845 et
1332 2802 1550 2846 ὑπόστασιν
1582 2815 1702 2843 accu-

146 2881 239 2921 rate
265 2879 548 2931 distinxerint,
574 2879 692 2920 illam
717 2878 955 2921 absolutam
972 2880 1012 2919 et
1028 2890 1306 2926 communem,
1321 2874 1430 2916 hanc
1445 2874 1703 2928 singularem

148 2955 191 2993 et
229 2952 408 2994 relatam
435 2953 633 2994 naturam
661 2953 975 3004 nuncupantes3
1003 2948 1143 2990 Latini
1172 2950 1316 2989 tamen
1345 2961 1551 3000 personae
1579 2959 1703 2987 voca-
