1931 3224
217 104 290 145 156
801 98 1044 141 DISPUTATIO
1073 95 1230 140 XVIII.

216 241 298 279 qua
335 225 449 267 Deus
488 239 554 266 res
589 225 675 276 juri
714 237 789 265 suo
828 224 1144 272 consentaneas,
1182 218 1427 261 hominibus
1464 218 1517 260 ad
1543 218 1774 271 imaginem

216 311 334 337 suam
364 294 544 337 conditis
574 293 796 348 praecipit,
822 292 1110 334 dissentaneas
1133 290 1349 344 prohibet,
1375 304 1470 332 cum
1493 289 1774 344 promissione

215 365 404 420 praemii,
444 380 492 407 ac
530 363 858 406 comminatione
897 361 1107 416 supplicii,
1145 363 1193 402 ut
1231 375 1301 402 eos
1331 360 1384 402 ad
1410 360 1645 402 voluntatis
1674 374 1774 401 suae

216 436 466 489 obsequium
493 435 648 477 flectat.

268 507 361 549 XII.
400 506 516 548 Haec
545 521 624 559 pro
653 504 963 558 principiorum
993 517 1167 544 suorum
1194 502 1489 556 proximorum
1517 501 1774 554 diversitate,

215 579 483 622 distribuitur
511 578 555 618 in
582 577 720 629 legem
748 575 1000 626 naturalem,
1029 574 1236 615 humanas
1264 587 1312 615 ac
1340 573 1516 615 divinas.

266 649 382 692 XIII.
421 649 506 691 Lex
534 647 740 690 naturalis
771 649 835 689 est
863 647 1005 688 lumen
1037 648 1079 688 et
1109 646 1323 688 dictamen
1351 647 1490 688 rectae
1523 645 1702 687 rationis
1731 645 1775 686 in

212 721 440 771 intellectu,
465 719 683 761 hominem
708 723 854 765 κοιναῖς
881 717 1052 766 ἐννοίαις,
1086 732 1159 759 seu
1189 716 1484 759 communibus
1514 716 1773 768 notionibus,

213 792 265 833 ad
289 791 394 844 justi
423 793 465 832 et
492 790 650 843 injusti,
681 789 850 832 honesti
880 804 927 830 ac
955 789 1093 843 turpis
1122 789 1421 830 discretionem
1449 787 1696 840 informans,
1727 790 1776 829 ut

214 862 315 915 quid
344 861 583 904 faciendum
612 861 666 902 sit
694 861 764 902 vel
791 860 1054 914 fugiendum,
1085 860 1313 914 intelligat.

266 932 381 974 XIV.
419 932 604 974 Istarum
641 932 866 974 notionum
895 931 1001 974 aliae
1030 933 1128 973 sunt
1156 931 1397 985 primariae,
1433 946 1537 984 quas
1566 930 1776 985 principia

213 1005 410 1059 practica,
449 1004 555 1046 aliae
587 1003 870 1055 secundariae,
902 1017 1005 1056 quas
1036 1002 1329 1045 conclusiones
1361 1018 1411 1045 ex
1439 1002 1663 1057 principiis
1693 1002 1777 1044 illis

212 1075 552 1118 ratiocinationis
581 1075 837 1117 adminiculo
868 1077 1102 1117 exstructas
1130 1089 1343 1117 vocamus.

267 1146 360 1189 XV.
399 1146 619 1200 Utraeque
656 1147 852 1189 notiones
893 1148 992 1188 ante
1024 1146 1208 1188 hominis
1237 1146 1406 1199 lapsum
1436 1146 1609 1188 fuerunt
1638 1146 1777 1188 incor-

214 1221 379 1272 ruptae,
419 1233 467 1261 ac
503 1219 623 1260 suavi
659 1218 883 1260 harmonia
922 1218 1184 1270 conjunctae,
1226 1232 1321 1259 cum
1358 1217 1402 1259 vi
1435 1219 1560 1271 juxta
1588 1219 1778 1272 ipsarum

215 1290 439 1332 eonsilium
488 1289 738 1331 decernendi
779 1289 823 1330 in
872 1289 1103 1341 voluntate,
1144 1290 1347 1342 jussaque
1390 1289 1623 1331 voluntatis
1664 1291 1778 1331 recte

216 1361 471 1415 exsequendi
500 1361 544 1402 in
573 1359 807 1402 affectibus.

267 1431 381 1474 XVI.
411 1431 516 1474 Post
545 1431 729 1473 hominis
758 1431 937 1484 lapsum,
970 1431 1135 1484 priores
1161 1431 1331 1484 quidem
1356 1432 1554 1473 notiones
1577 1431 1622 1473 in
1645 1430 1780 1484 ipsius

213 1503 434 1546 intellectu
460 1503 662 1545 immotae
686 1505 948 1556 permanent,
975 1517 1024 1545 ac
1050 1503 1271 1556 perspicue
1290 1503 1500 1553 relucent3
1520 1502 1779 1556 posteriores

214 1589 314 1617 vero
355 1590 449 1616 cum
488 1590 512 1616 a
551 1574 822 1631 generalibus
851 1574 904 1616 ad
931 1574 1208 1628 particularia
1237 1574 1463 1626 acceditur,
1492 1573 1779 1615 miserandum

213 1647 258 1688 in
295 1646 468 1688 modum
505 1646 718 1698 vacillant,
757 1648 799 1687 et
836 1660 861 1686 a
899 1645 1061 1687 sincera
1100 1645 1328 1698 aequitatis
1357 1645 1507 1698 regula
1537 1644 1777 1696 deflectunt,

214 1720 262 1759 ut
299 1717 450 1760 docent
486 1717 848 1770 iniquissimarum
884 1717 1040 1770 legum,
1080 1731 1128 1758 ac
1163 1716 1582 1770 corruptissimorum
1612 1730 1779 1758 morum

215 1789 418 1843 exempla,
449 1803 555 1841 quae
585 1788 629 1829 in
657 1787 942 1830 Ethnicorum
970 1788 1163 1830 historiis
1191 1788 1478 1830 inveniuntur.

266 1858 402 1902 XVII.
429 1859 628 1909 Quamvis
654 1874 897 1901 communes
922 1859 1029 1901 istae
1054 1860 1251 1901 notiones
1274 1862 1372 1914 post
1395 1859 1781 1913 transgressionem

215 1930 382 1982 Adami,
412 1932 568 1985 partim
597 1934 774 1972 naturae
803 1931 922 1983 vitio,
951 1931 1110 1984 partim
1137 1930 1452 1972 consuetudinis
1477 1932 1606 1983 atque
1629 1931 1780 1973 educa-

214 2002 344 2044 tionis
371 2003 597 2056 pravitate,
625 2002 746 2044 valde
775 2002 860 2043 sint
891 2001 1152 2054 obscuratae,
1182 2016 1230 2044 ac
1258 2017 1365 2056 pene
1396 2002 1641 2054 exstinctae,
1672 2016 1779 2055 quae

215 2075 358 2115 tamen
395 2089 538 2116 earum
577 2075 802 2127 supersunt
845 2073 1064 2124 scintillae,
1108 2075 1298 2126 peccato,
1342 2073 1470 2115 etiam
1511 2073 1556 2115 in
1596 2073 1780 2115 maxime

217 2144 517 2196 obtenebratis,
548 2144 838 2197 redarguendo
869 2159 918 2186 ac
948 2144 1266 2186 condemnando
1297 2144 1524 2186 sufficiunt.

269 2215 427 2257 XVIII.
457 2215 617 2258 Idcirco
646 2215 802 2257 Paulus
832 2215 905 2267 ait,
931 2216 1001 2268 jus
1030 2214 1111 2257 Dei
1142 2215 1195 2256 ab
1219 2215 1415 2257 Ethnicis
1440 2215 1543 2257 olim
1566 2215 1779 2269 impietati

216 2289 343 2340 atque
371 2286 605 2340 injustitiae
633 2287 797 2339 deditis,
829 2286 958 2329 fuisse
989 2287 1197 2340 agnitum,
1225 2286 1349 2328 Rom.
1379 2288 1415 2339 1,
1446 2287 1509 2329 32.
1527 2289 1656 2340 atque
1672 2302 1778 2341 opus

215 2356 322 2411 legis
361 2357 557 2400 cordibus
593 2358 784 2411 ipsorum
822 2358 1088 2411 inscriptum,
1116 2357 1239 2400 Rom.
1269 2359 1305 2410 2,
1337 2358 1398 2400 14.
1426 2357 1592 2411 hocque
1621 2357 1779 2411 duplici

215 2428 371 2482 probat
399 2428 658 2482 testimonio,
690 2432 864 2472 externo
896 2431 937 2471 et
965 2429 1145 2471 interno.

269 2499 385 2542 XIX.
422 2499 661 2542 Externum
698 2500 991 2543 testimonium
1021 2503 1084 2542 est
1112 2501 1255 2554 legum
1285 2501 1337 2542 ab
1366 2500 1470 2555 ipsis
1499 2500 1775 2549 conditarum,

218 2571 370 2624 quibus
400 2587 471 2614 eos
499 2563 774 2626 sibimetipsis
803 2572 941 2626 legem
969 2572 1097 2614 fuisse
1126 2572 1296 2623 asserit3
1321 2587 1370 2614 ea
1395 2572 1555 2615 scilicet
1574 2572 1775 2626 jubendo,

217 2646 290 2684 aut
327 2644 522 2696 vetando,
562 2659 670 2697 quae
708 2643 824 2686 Deus
861 2644 904 2685 in
942 2644 1035 2697 lege
1075 2658 1151 2686 sua
1189 2644 1346 2699 scripta
1377 2645 1499 2697 jubet
1536 2645 1610 2685 aut
1645 2645 1776 2696 vetat,

216 2713 338 2755 Rom.
367 2716 405 2766 2,
435 2715 498 2757 14.

270 2784 364 2826 XX.
402 2785 623 2828 Internum
660 2788 725 2828 est
764 2785 1058 2838 conscientiae,
1098 2786 1183 2828 suis
1225 2786 1556 2841 cogitationibus
1596 2786 1776 2839 injustas

217 2855 407 2908 ipsorum
459 2857 646 2899 actiones
695 2857 944 2909 accusantiS,
983 2857 1119 2910 justas
1162 2873 1211 2900 ex
1249 2858 1355 2912 juris
1398 2857 1538 2900 animo
1582 2858 1776 2911 concepti

218 2926 470 2968 auctoritate
499 2928 772 2981 defendentis,
802 2928 924 2981 Rom,
955 2929 992 2980 2,
1021 2929 1084 2970 15.
