1931 3224
519 120 521 123 -
553 91 618 135 Dm
645 92 823 134 ANGEms
851 91 975 134 Bonis
1003 107 1050 133 Ac
1078 91 1222 134 MAms.
1613 94 1662 133 97

159 215 212 257 V.
249 214 340 257 Imo
375 230 476 258 vero
516 215 657 258 Moses
694 216 774 259 Dei
811 218 946 270 ipsius
985 217 1281 258 aeternitatem
1310 230 1359 257 ex
1389 230 1436 257 eo
1467 216 1664 267 celebrat,

107 287 176 329 Ps.
214 287 279 339 90,
319 288 354 328 2.
384 288 526 340 quod
554 288 748 340 fuerit,
779 303 935 341 quum
963 288 1196 330 nondum
1226 290 1408 329 essent
1436 290 1665 338 monteS,

108 361 398 411 antequam
421 358 714 402 formasset
738 363 960 412 terram,
992 360 1281 412 orbemque
1310 359 1666 400 habitabilem.

106 428 165 471 Et
202 430 412 483 sapientia
440 430 515 472 illa
541 432 729 474 increata
756 431 839 473 hoc
868 432 1098 485 privilegio
1128 431 1326 473 adversus
1356 445 1523 472 omnem
1554 445 1667 471 crea-

107 502 196 542 tam
235 502 489 555 sapientiam
528 503 751 556 gloriatur,
784 504 924 556 quod
952 504 1004 544 in
1016 506 1179 545 uncta
1207 502 1378 544 fuerit
1407 505 1532 544 ante
1562 518 1589 555 p
1602 518 1622 543 r
1634 503 1667 543 i-

106 573 315 615 mordia
351 576 554 626 terrae,
594 578 645 617 et
684 576 823 628 quod
861 576 1008 617 edita
1045 576 1115 617 sit
1144 590 1255 617 cum
1278 574 1460 616 nullae
1490 577 1668 616 essent

108 645 313 699 abyssi,
344 645 468 687 Prov.
492 646 528 698 8,
556 647 617 688 22.
644 649 735 699 etc.,
761 649 802 688 et
826 646 1044 689 Johannes
1069 645 1346 700 Evangelista
1370 646 1466 688 inde
1483 645 1668 687 Deitatis

107 715 207 758 Filii
244 717 326 758 Dei
365 717 772 759 demonstrationem
811 718 987 770 orditur,
1020 719 1133 770 quod
1161 720 1214 760 in
1243 718 1521 772 principio
1553 721 1669 759 erat

108 788 346 841 verbum.ยน
387 804 494 841 quae
529 789 672 831 omnia
703 789 873 830 omnino
904 792 1042 830 essent
1071 789 1316 840 inefficacia,
1347 789 1381 830 si
1410 788 1569 841 Angeli
1598 790 1670 828 aut

107 859 217 901 ullae
247 860 356 902 aliae
385 863 600 902 creaturae
629 863 727 902 ante
754 859 867 901 hunc
896 860 1100 901 mundum
1124 860 1353 912 conditum,
1379 860 1444 901 vel
1469 862 1566 901 ante
1590 859 1671 901 hoc

107 932 313 985 temporis
341 931 512 974 initium
535 934 623 985 jam
652 932 923 974 exstitissent.

162 1001 236 1044 VI.
275 1003 371 1045 Etsi
407 1019 505 1045 vero
544 1004 594 1045 de
622 1004 717 1057 ipso
748 1003 814 1045 die
846 1004 1073 1046 creationis
1104 1018 1249 1045 eorum
1278 1004 1403 1045 nimis
1435 1004 1557 1045 anxie
1587 1003 1670 1044 dis-

79 1122 82 1125 ,
108 1075 346 1129 putandum
389 1090 476 1117 non
517 1075 584 1127 sit,
627 1075 801 1117 illorum
842 1078 986 1117 tamen
1029 1076 1284 1117 sententiam
1323 1076 1494 1117 veritati
1533 1076 1671 1128 magis

110 1148 432 1189 convenientem
479 1147 731 1200 judicamus,
788 1148 860 1200 qui
913 1148 1052 1201 primo
1101 1147 1167 1188 die
1208 1162 1301 1188 cum
1339 1147 1433 1200 ipso
1475 1161 1670 1199 supremo

109 1219 228 1261 coelo
268 1234 339 1261 eos
379 1222 543 1261 creatos
582 1221 789 1261 statuunt.
821 1218 1188 1268 Quemadmodum
1216 1219 1327 1260 enim
1355 1218 1484 1259 homo
1514 1217 1670 1259 mundo

108 1290 208 1332 huic
242 1292 332 1344 jam
370 1288 559 1344 perfecto
601 1292 748 1333 statim
775 1291 857 1332 fuit
886 1291 1127 1344 impositus,
1156 1291 1218 1332 ita
1247 1293 1288 1332 et
1317 1291 1510 1344 ipsorum
1538 1289 1671 1331 domi-

110 1362 206 1404 cilio
248 1365 504 1415 constructo,
535 1363 630 1404 illos
659 1366 879 1415 tamquam
907 1363 1069 1405 incolas
1099 1363 1245 1404 statim
1273 1362 1402 1403 fuisse
1434 1363 1471 1403 ei
1500 1362 1672 1413 adjunc-

108 1437 190 1486 tos,
229 1435 402 1477 omnino
442 1437 773 1477 consentaneum
802 1437 889 1484 est3
921 1435 1026 1476 adde
1056 1435 1170 1487 quod
1199 1449 1223 1475 a
1252 1434 1578 1487 simplicissimis
1609 1449 1672 1475 es-

110 1506 257 1548 sentiis
295 1506 340 1548 in
377 1509 471 1548 toto
510 1506 593 1548 hoc
630 1506 711 1548 Dei
750 1521 876 1560 opere
906 1506 958 1547 ad
987 1506 1125 1559 magis
1155 1506 1393 1559 composita
1421 1519 1670 1558 progressus

112 1580 175 1619 est
201 1577 352 1629 sactus,
383 1580 425 1620 et
452 1577 567 1619 Deus
595 1578 698 1631 ipse,
728 1577 857 1619 Hiob.
883 1577 947 1629 38,
972 1578 1007 1619 7.
1035 1580 1076 1619 et
1102 1577 1298 1631 deinceps
1324 1579 1519 1628 testatur,
1544 1577 1672 1618 hosce

111 1648 193 1691 Dei
231 1649 341 1691 filios
372 1650 555 1691 creatori
584 1664 659 1691 suo
689 1649 878 1691 laudes
908 1649 1200 1700 cecinisse,
1233 1663 1384 1701 quam
1413 1648 1673 1689 fundaret

111 1722 328 1773 terram,
355 1736 511 1774 quum
536 1721 859 1774 disponeret
883 1736 1162 1763 mensuras
1189 1722 1316 1773 ejus,
1344 1735 1501 1773 quum
1526 1719 1673 1761 bases

111 1793 227 1845 ejus
255 1792 529 1845 firmaret,
562 1795 657 1834 etc.

163 1862 258 1906 VII.
289 1863 464 1905 Creatos
493 1878 594 1918 ergo
623 1863 748 1905 initio
779 1864 985 1917 temporis
1017 1878 1067 1905 ex
1096 1863 1245 1915 nihilo,
1275 1866 1317 1905 et
1341 1863 1512 1916 quidem
1536 1863 1671 1904 bonos

111 1949 255 1977 onmes
279 1937 320 1976 et
336 1935 390 1976 ad
404 1935 637 1988 imaginem
652 1934 744 1987 Dei,
763 1935 962 1976 adversus
978 1934 1252 1976 Manichaeos
1270 1937 1311 1976 et
1326 1934 1672 1976 Priscillianistas

110 2007 348 2048 asserimus,
396 2005 526 2048 Nam
568 2006 706 2048 Deus
755 2007 1004 2060 inspexit
1048 2006 1313 2058 quidquid
1351 2005 1581 2056 fecerat,
1622 2008 1672 2046 et

111 2093 232 2120 ecce
270 2080 387 2120 erat
416 2077 570 2119 valde
598 2077 812 2129 bonum,
842 2076 943 2119 Gen.
974 2078 1103 2129 1,31.
1136 2092 1183 2118 ac
1213 2079 1443 2130 propterea
1470 2077 1547 2128 filii
1577 2075 1669 2127 Dei,

110 2150 219 2192 servi
247 2148 341 2201 Dei,
373 2149 531 2202 Angeli
559 2148 652 2201 Dei,
683 2148 925 2191 Potestates
956 2163 1003 2190 ac
1032 2148 1317 2202 Principatus,
1342 2149 1428 2189 imo
1460 2150 1501 2189 et
1529 2147 1601 2189 Dii
1626 2148 1670 2188 in

109 2220 150 2264 S.
180 2219 401 2274 Scriptura
432 2220 715 2274 appellantur.
745 2220 803 2262 Et
831 2221 914 2274 ipsi
941 2235 1109 2273 quoque
1135 2220 1206 2272 qui
1233 2235 1282 2261 ex
1305 2219 1391 2261 illis
1417 2219 1669 2271 defecerunt,

111 2291 308 2334 dicuntur
337 2291 390 2333 in
416 2292 660 2333 veritate
689 2307 794 2334 non
824 2292 1172 2345 perstitisse,
1204 2290 1304 2332 Joh.
1330 2291 1367 2342 8,
1394 2291 1457 2332 44,
1490 2293 1539 2332 et
1569 2291 1670 2332 ori-

109 2363 286 2418 ginem
314 2377 460 2404 suam
488 2378 593 2405 non
621 2377 895 2415 servasse,
925 2362 1022 2405 Jud.
1048 2377 1153 2404 verS.
1179 2364 1215 2404 6.
1241 2363 1351 2404 unde
1375 2364 1474 2404 etin
1490 2362 1669 2404 veritate

107 2434 250 2486 fuisse,
280 2436 322 2476 et
353 2434 562 2487 originem
591 2437 782 2476 sanctam
810 2434 1020 2486 habuisse,
1050 2435 1289 2476 necessario
1322 2435 1606 2486 consequitur.

161 2505 278 2549 VIII.
318 2505 385 2548 Ex
421 2505 501 2547 hac.
538 2506 744 2559 peculiari
780 2507 973 2560 ipsorum
1011 2506 1224 2548 creatione
1263 2505 1494 2546 evinciinus
1525 2507 1670 2546 contra

108 2578 346 2622 Saducaeos
386 2578 598 2630 antiquos,
636 2578 733 2620 Act.
770 2579 833 2630 23,
872 2578 908 2619 8.
940 2580 982 2619 et
1010 2577 1147 2619 nostri
1176 2576 1267 2618 aevi
1296 2575 1550 2627 Libertinos,
1580 2576 1670 2617 An-

75 2666 81 2667 *
109 2650 226 2704 gelos
269 2664 390 2692 veras
429 2664 518 2691 esse
555 2649 820 2702 hypostases,
858 2664 932 2692 seu
971 2649 1232 2691 substantias
1263 2648 1493 2701 separatim
1523 2650 1565 2689 et
1593 2662 1669 2700 per

108 2735 152 2763 se
188 2721 477 2764 subsistentes
517 2720 633 2762 Deus
671 2721 784 2762 enim
820 2720 937 2762 nulla
975 2720 1210 2762 accidentia
1248 2719 1477 2771 separatim
1507 2733 1668 2761 creasse

106 2793 277 2846 legitur.
319 2792 534 2835 Evincunt
575 2791 658 2833 hoc
700 2806 869 2844 quoque
907 2805 1049 2833 eorum
1088 2789 1274 2832 actiones
1294 2792 1354 2834 vet
1392 2804 1521 2843 opera
1561 2805 1668 2843 quae

106 2864 211 2918 ipsis
245 2865 407 2919 passim
433 2865 691 2907 tribuuntur.
719 2862 934 2904 Evincunt
963 2861 1254 2915 apparitiones
1284 2861 1512 2902 eorundem
1541 2861 1669 2902 etiam

106 2936 148 2977 in
204 2937 453 2990 corporibus
502 2935 713 2978 assumtis.
755 2933 970 2976 Evincunt
1014 2932 1203 2985 praemia
1247 2946 1353 2984 quae
1397 2933 1670 2985 assignantur

1508 3004 1523 3030 ฯ
