1931 3224
294 107 377 149 418
849 114 1088 161 DISPUTATIO
1117 119 1315 165 XXXIX.

296 247 374 274 nos
412 233 653 277 satisfacere
695 242 896 293 asserant,
932 257 1019 284 non
1056 249 1236 297 possunt
1273 248 1359 291 ullo
1399 254 1623 304 praetextu
1655 259 1858 300 excusari.

296 302 488 346 Christus
525 305 598 358 qui
639 312 1022 363 purgationem
1049 321 1400 369 peccatorum
1428 327 1743 369 nostrorum
1769 344 1862 383 per

293 375 529 428 seipsum
574 377 729 433 fecit,
773 381 874 424 Ebr.
918 385 952 434 1,
997 386 1032 427 3.
1074 389 1232 431 nemini
1270 390 1382 435 hunc
1419 393 1628 438 honorem
1675 412 1861 441 commu-

292 445 464 488 nicavit.

343 516 500 560 XXVI.
542 518 656 568 Quae
697 524 839 565 autem
868 525 961 568 loca
990 528 1176 572 citantur
1207 547 1257 574 ex
1286 533 1530 590 Scripturis,
1560 541 1634 581 aut
1664 542 1859 596 exempla

290 590 400 640 sunt,
438 588 483 630 in
522 590 675 642 quibus
713 594 780 635 vel
817 598 1092 650 requiruntur
1130 602 1291 646 fructus
1331 607 1449 661 digni
1487 611 1763 665 poenitentia,
1792 614 1859 656 vel

287 674 417 712 opera
453 660 665 705 laboriosa
705 671 899 723 suscepta
939 670 1110 715 fuerunt
1140 690 1164 716 a
1195 676 1290 729 piis,
1322 681 1398 721 ete.
1427 680 1492 722 Ea
1520 682 1659 725 minus
1689 684 1741 726 ad
1768 700 1857 728 rem

285 731 512 785 pertinent,
556 735 656 787 quia
695 753 719 778 a
757 738 997 785 viventibus
1035 747 1217 800 tantuin,
1256 764 1342 791 non
1382 766 1406 792 a
1442 754 1622 795 mortuis
1650 756 1856 808 requisita

283 801 466 856 fuerunt,
506 809 580 847 aut
620 807 754 859 facta;
797 814 837 852 et
876 828 1094 868 nunquam
1125 818 1175 860 de
1205 820 1495 866 satisfactione
1524 827 1698 879 proprie
1727 828 1853 881 dicta,

283 874 355 915 sed
385 875 435 917 de
463 876 648 931 simplici
677 882 970 927 conditionum
999 887 1043 928 in
1072 890 1196 932 nobis
1225 894 1525 945 requisitarum
1550 900 1848 954 praestatione,

282 946 349 987 vel
388 948 531 1001 etiam,
570 953 618 991 ut
657 951 816 995 dietum
856 959 929 1009 est,
971 958 1020 1000 de
1049 962 1229 1013 paterna
1260 963 1341 1006 Dei
1370 967 1664 1022 castigatione,
1696 974 1737 1013 et
1765 987 1851 1015 non

285 1017 334 1059 de
359 1019 587 1071 judiciaria
615 1024 851 1080 punitione,
881 1027 1066 1084 intelligi
1097 1032 1272 1086 debent;
1307 1037 1405 1089 quia
1434 1038 1596 1080 nullum
1626 1044 1689 1083 est
1717 1043 1851 1086 κατοί-

280 1105 403 1141 κριμικ
438 1090 489 1132 iis
531 1093 601 1145 qui
643 1098 741 1137 sunt
778 1097 823 1138 111
862 1097 1042 1154 Christo,
1082 1090 1270 1159 Romsss,
1303 1108 1337 1149 1.
1370 1108 1523 1161 quibus
1554 1126 1649 1153 cum
1676 1115 1852 1157 remissa

280 1160 337 1201 sit
376 1161 512 1216 culpa,
551 1179 638 1207 non
678 1168 822 1219 potuit
855 1170 970 1223 juste
1007 1173 1145 1228 infligi
1174 1191 1325 1231 poena,
1357 1195 1440 1233 qua
1469 1181 1579 1224 talis
1609 1183 1710 1226 Cum
1739 1185 1850 1229 inter

279 1231 448 1284 culpam
487 1236 528 1276 et
565 1242 756 1289 poenam'
787 1243 1017 1298 propriam,
1057 1248 1178 1289 tanta
1217 1250 1272 1291 sit
1310 1254 1566 1306 conjunctiO,
1606 1259 1655 1298 ut
1692 1272 1777 1300 uno
1808 1262 1849 1301 et

277 1303 426 1345 eodem
467 1306 718 1362 plerumque
751 1313 934 1368 nomine,
972 1319 1197 1372 utramque
1227 1321 1374 1376 lingua
1403 1330 1550 1368 sancta
1580 1331 1847 1383 expresserit,

274 1372 406 1416 Levit.
451 1376 513 1429 10,
555 1379 591 1420 9.
637 1383 679 1421 et
725 1382 795 1424 ubi
835 1384 1080 1430 debitum
1116 1393 1339 1436 remissum
1378 1399 1453 1449 est,
1493 1398 1671 1441 tollatur
1709 1401 1845 1443 omnis

275 1445 497 1501 obligatio.

325 1516 504 1560 XXVII.
546 1519 859 1568 Necessitatem
904 1529 1021 1572 illam
1065 1534 1353 1580 satisfaciendi
1396 1554 1474 1593 pro
1517 1546 1638 1585 reatu
1681 1560 1844 1598 poenae

271 1590 521 1642 temporalis
562 1596 603 1634 et
634 1596 769 1649 culpis
797 1600 1047 1657 venialibus,
1079 1608 1177 1648 ante
1207 1607 1484 1654 beatitudinis
1513 1616 1840 1671 possessionem,

270 1661 423 1702 evertit
460 1662 588 1715 plane
627 1667 813 1711 conditio
855 1686 1013 1727 eorum,
1045 1677 1118 1729 qui
1147 1678 1191 1719 in
1221 1681 1451 1725 novissimo
1482 1685 1547 1727 die
1577 1690 1839 1743 superstites,

267 1730 319 1772 in
357 1746 641 1779 occursum
680 1738 901 1785 Domini
942 1749 1232 1800 rapientur
1269 1768 1365 1806 per
1393 1759 1588 1810 ae‘rem,
1627 1759 1647 1800 1
1691 1760 1836 1804 Thess.

266 1803 304 1855 4,
345 1805 406 1846 17.
446 1805 561 1849 Nam
598 1809 659 1851 ita
696 1814 1098 1861 transmutabuntur
1137 1823 1175 1863 ἐν
1217 1824 1368 1878 ἀτόμῳ,
1405 1828 1443 1868 ἐν
1473 1830 1562 1881 ῥιπῇ
1593 1829 1835 1884 ὀφθαλμοῦ,

265 1877 312 1915 ut
350 1876 477 1919 nullis
516 1882 666 1933 poenis
706 1888 966 1939 purgatoriis
1004 1890 1122 1933 locus
1164 1896 1205 1935 et
1233 1897 1402 1950 tempus
1431 1899 1657 1954 imaginari
1686 1905 1835 1956 possit.

268 1944 373 1987 Cum
411 1964 513 2002 ergo
553 1954 815 2005 praedicatio
844 1958 1070 2014 Evangelii
1102 1966 1143 2004 et
1171 1980 1270 2007 vera
1299 1968 1343 2009 in
1374 1968 1589 2013 Christum
1619 1973 1722 2016 fides
1749 1991 1834 2018 me-

262 2018 394 2060 ritum
437 2020 596 2065 Christi
639 2028 976 2084 apprehendens,
1022 2034 1077 2075 sit
1120 2050 1298 2090 semper,
1344 2042 1385 2081 et
1427 2042 1612 2094 ejusdem
1649 2046 1832 2099 virtutiS,

264 2103 371 2142 quae
400 2093 511 2135 ratio
543 2110 632 2138 esse
661 2101 818 2153 potest,
848 2116 922 2144 cur
951 2105 1024 2156 qui
1055 2108 1345 2160 superioribus
1374 2114 1525 2155 seculis
1556 2116 1765 2171 obierunt,
1791 2122 1833 2161 et

262 2162 335 2213 qui
377 2163 557 2217 singulis
601 2167 747 2212 diebus
790 2174 1043 2229 moriuntur,
1088 2178 1188 2232 igne
1231 2182 1376 2234 potius
1397 2185 1499 2236 *sint
1536 2189 1751 2231 ustulandi
1790 2194 1832 2233 et

259 2234 499 2289 torquendi,
546 2229 673 2291 quam
715 2241 745 2283 ii
793 2258 899 2296 quos
942 2247 1061 2290 vivos
1099 2251 1354 2296 novissimus
1394 2255 1481 2298 dies
1512 2258 1830 2312 deprehendet?

259 2302 372 2346 Nam
410 2308 522 2359 quod
561 2311 778 2365 excipiunt
815 2315 1044 2372 Pontificii,
1086 2325 1331 2376 purgandos
1371 2342 1460 2370 esse
1487 2329 1583 2371 illos
1611 2333 1703 2374 tum
1731 2348 1828 2386 gra-

256 2376 429 2420 vissima
457 2379 532 2422 illa
560 2383 849 2439 tribulatione,
882 2403 989 2441 quae
1018 2393 1301 2437 novissimum
1330 2397 1440 2440 diem
1468 2403 1706 2456 praecedet,
1734 2407 1827 2447 tum

256 2446 356 2501 igne
396 2449 446 2491 de
485 2453 612 2495 coelis
654 2455 946 2513 descendente,
979 2465 1147 2515 quando
1178 2467 1347 2510 obviam
1375 2471 1597 2524 rapientur
1625 2473 1823 2530 Domino,

255 2518 557 2566 absurdissime
595 2526 762 2569 dicitur.
802 2529 947 2574 Primo
984 2535 1084 2586 quia
1112 2537 1335 2582 tribulatio
1365 2541 1441 2583 illa
1472 2546 1658 2587 extrema
1687 2549 1824 2590 onmi-

254 2589 333 2632 bus
371 2591 616 2638 hominibus
656 2599 736 2640 erit
774 2605 1023 2658 communis,
1053 2609 1234 2660 proinde
1264 2626 1350 2653 non
1379 2616 1531 2657 natura
1560 2631 1635 2658 sua
1664 2633 1823 2673 purga-

251 2662 375 2716 toria,
416 2665 468 2707 ad
506 2669 666 2711 statum
706 2671 819 2714 vitae
858 2679 1093 2727 praesentis
1132 2683 1376 2736 pertinebit,
1417 2687 1466 2728 de
1506 2703 1590 2740 quo
1616 2691 1707 2742 jam
1734 2707 1821 2734 non

251 2734 416 2787 agitur3
454 2735 578 2791 Ignis>
612 2745 832 2795 praeterea
868 2746 918 2788 de
957 2750 1074 2793 coelo
1107 2752 1361 2798 descendens
1390 2773 1476 2800 non
1506 2760 1585 2802 erit
1613 2765 1819 2816 purgato-

250 2804 349 2858 rius,
388 2807 460 2849 sed
499 2812 553 2857 εἷς
585 2813 776 2862 ἐκδίκησιν
814 2816 1043 2871 impiorum
1082 2825 1210 2876 atque
1239 2825 1554 2873 incredulorum
1582 2832 1817 2885 descendet,
1850 2891 1854 2896 .

249 2875 461 2929 Apostolo
492 2882 613 2934 teste,
645 2885 669 2924 2
701 2885 845 2930 Thess.
881 2890 915 2942 1,
945 2891 981 2933 8.

303 2946 503 2992 XXVIII.
535 2951 650 3001 Quae
680 2971 775 2998 cum
803 2959 864 3001 ita
894 2961 990 3015 sint,
1025 2966 1178 3008 merito
1208 2972 1506 3023 purgatorium
1530 2973 1814 3031 Pontificium,

1920 2975 1922 2982 ⁴
1916 2942 1922 2952 ⁶
1922 2780 1931 2882 2212...

1922 2588 1931 2765 ..-.n.-.*...-.
1929 2516 1931 2530 „-
