<?xml version="1.0" encoding="UTF-8"?>
<!DOCTYPE html PUBLIC "-//W3C//DTD XHTML 1.0 Transitional//EN"
    "http://www.w3.org/TR/xhtml1/DTD/xhtml1-transitional.dtd">
<html xmlns="http://www.w3.org/1999/xhtml" xml:lang="en" lang="en">
 <head>
  <title>
</title>
<meta http-equiv="Content-Type" content="text/html;charset=utf-8" />
  <meta name='ocr-system' content='tesseract 3.04.00' />
  <meta name='ocr-capabilities' content='ocr_page ocr_carea ocr_par ocr_line ocrx_word'/>
</head>
<body>
  <div class='ocr_page' id='page_1' title='image "./synopsispurioris00poly_0655.png"; bbox 0 0 1931 3224; ppageno 0'>
   <div class='ocr_carea' id='block_1_1' title="bbox 328 128 1642 176">
    <p class='ocr_par' dir='ltr' id='par_1_1' title="bbox 328 128 1642 176">
     <span class='ocr_line' id='line_1_1' title="bbox 328 128 1642 176; baseline -0.005 0"><span class='ocrx_word' id='word_1_1' title='bbox 328 134 391 176; x_wconf 68' lang='lat' dir='ltr'>DE</span> <span class='ocrx_word' id='word_1_2' title='bbox 420 134 742 176; x_wconf 64' lang='lat' dir='ltr'>RESURRECTmNE</span> <span class='ocrx_word' id='word_1_3' title='bbox 772 132 917 174; x_wconf 80' lang='lat' dir='ltr'>CARNIS</span> <span class='ocrx_word' id='word_1_4' title='bbox 947 146 993 172; x_wconf 78' lang='grc'>51</span> <span class='ocrx_word' id='word_1_5' title='bbox 1022 130 1181 172; x_wconf 59' lang='grc' dir='ltr'>ζ10111010</span> <span class='ocrx_word' id='word_1_6' title='bbox 1210 144 1402 172; x_wconf 66' lang='grc'>1111111110.</span> <span class='ocrx_word' id='word_1_7' title='bbox 1564 128 1642 170; x_wconf 86' lang='grc'>635</span> 
     </span>
    </p>
   </div>
   <div class='ocr_carea' id='block_1_2' title="bbox 89 244 1707 3029">
    <p class='ocr_par' dir='ltr' id='par_1_2' title="bbox 91 244 1644 310">
     <span class='ocr_line' id='line_1_2' title="bbox 91 244 1644 310; baseline -0.004 -10"><span class='ocrx_word' id='word_1_8' title='bbox 91 259 249 301; x_wconf 86' lang='lat' dir='ltr'>evitare</span> <span class='ocrx_word' id='word_1_9' title='bbox 299 258 381 300; x_wconf 87' lang='lat' dir='ltr'>sibi</span> <span class='ocrx_word' id='word_1_10' title='bbox 396 244 403 249; x_wconf 79' lang='lat'>.</span> <span class='ocrx_word' id='word_1_11' title='bbox 421 257 629 309; x_wconf 83' lang='lat' dir='ltr'>videntur,</span> <span class='ocrx_word' id='word_1_12' title='bbox 672 258 717 299; x_wconf 90' lang='lat' dir='ltr'>in</span> <span class='ocrx_word' id='word_1_13' title='bbox 760 256 1017 310; x_wconf 81' lang='lat' dir='ltr'><strong>Charybdim</strong></span> <span class='ocrx_word' id='word_1_14' title='bbox 1058 254 1401 309; x_wconf 85' lang='lat' dir='ltr'>Eutychianismi</span> <span class='ocrx_word' id='word_1_15' title='bbox 1442 254 1644 295; x_wconf 89' lang='lat' dir='ltr'>incidunt.</span> 
     </span>
    </p>

    <p class='ocr_par' dir='ltr' id='par_1_3' title="bbox 89 326 1652 1374">
     <span class='ocr_line' id='line_1_3' title="bbox 142 326 1645 384; baseline -0.003 -13"><span class='ocrx_word' id='word_1_16' title='bbox 142 329 300 372; x_wconf 88' lang='lat' dir='ltr'><strong>XVIII.</strong></span> <span class='ocrx_word' id='word_1_17' title='bbox 329 330 613 384; x_wconf 79' lang='lat' dir='ltr'>Agnoscimus</span> <span class='ocrx_word' id='word_1_18' title='bbox 641 332 796 380; x_wconf 87' lang='lat' dir='ltr'>tamen,</span> <span class='ocrx_word' id='word_1_19' title='bbox 826 330 872 369; x_wconf 91' lang='lat' dir='ltr'>ut</span> <span class='ocrx_word' id='word_1_20' title='bbox 900 328 944 368; x_wconf 91' lang='lat' dir='ltr'>in</span> <span class='ocrx_word' id='word_1_21' title='bbox 973 327 1200 380; x_wconf 77' lang='lat' dir='ltr'>praeludiis</span> <span class='ocrx_word' id='word_1_22' title='bbox 1229 326 1477 368; x_wconf 88' lang='lat' dir='ltr'>universalis</span> <span class='ocrx_word' id='word_1_23' title='bbox 1506 340 1645 366; x_wconf 88' lang='grc'>105111·-</span> 
     </span>
     <span class='ocr_line' id='line_1_4' title="bbox 89 395 1646 454; baseline -0.004 -11"><span class='ocrx_word' id='word_1_24' title='bbox 89 401 301 453; x_wconf 71' lang='lat' dir='ltr'>rectionis,</span> <span class='ocrx_word' id='word_1_25' title='bbox 340 401 422 442; x_wconf 90' lang='lat' dir='ltr'>hoc</span> <span class='ocrx_word' id='word_1_26' title='bbox 451 404 525 453; x_wconf 91' lang='lat' dir='ltr'>est,</span> <span class='ocrx_word' id='word_1_27' title='bbox 554 402 597 442; x_wconf 91' lang='lat' dir='ltr'>in</span> <span class='ocrx_word' id='word_1_28' title='bbox 628 400 957 454; x_wconf 88' lang='lat' dir='ltr'>particularibus</span> <span class='ocrx_word' id='word_1_29' title='bbox 987 398 1134 440; x_wconf 83' lang='lat' dir='ltr'>Lazari</span> <span class='ocrx_word' id='word_1_30' title='bbox 1162 400 1204 438; x_wconf 87' lang='lat' dir='ltr'>et</span> <span class='ocrx_word' id='word_1_31' title='bbox 1232 398 1310 439; x_wconf 87' lang='lat' dir='ltr'>filii</span> <span class='ocrx_word' id='word_1_32' title='bbox 1338 397 1488 439; x_wconf 84' lang='lat' dir='ltr'>viduae</span> <span class='ocrx_word' id='word_1_33' title='bbox 1517 395 1646 437; x_wconf 87' lang='lat' dir='ltr'>Naim</span> 
     </span>
     <span class='ocr_line' id='line_1_5' title="bbox 91 467 1647 526; baseline -0.004 -12"><span class='ocrx_word' id='word_1_34' title='bbox 91 473 310 526; x_wconf 87' lang='lat' dir='ltr'>exemplis,</span> <span class='ocrx_word' id='word_1_35' title='bbox 340 472 468 514; x_wconf 89' lang='lat' dir='ltr'>etiam</span> <span class='ocrx_word' id='word_1_36' title='bbox 496 472 541 512; x_wconf 88' lang='lat' dir='ltr'>in</span> <span class='ocrx_word' id='word_1_37' title='bbox 569 471 757 525; x_wconf 87' lang='lat' dir='ltr'>generali</span> <span class='ocrx_word' id='word_1_38' title='bbox 785 470 1093 513; x_wconf 87' lang='lat' dir='ltr'>resurrectione</span> <span class='ocrx_word' id='word_1_39' title='bbox 1123 469 1515 511; x_wconf 86' lang='lat' dir='ltr'>administraturum</span> <span class='ocrx_word' id='word_1_40' title='bbox 1543 467 1647 508; x_wconf 89' lang='lat' dir='ltr'>illud</span> 
     </span>
     <span class='ocr_line' id='line_1_6' title="bbox 93 539 1646 597; baseline -0.003 -13"><span class='ocrx_word' id='word_1_41' title='bbox 93 558 212 597; x_wconf 90' lang='lat' dir='ltr'>opus,</span> <span class='ocrx_word' id='word_1_42' title='bbox 241 543 426 584; x_wconf 87' lang='lat' dir='ltr'>humana</span> <span class='ocrx_word' id='word_1_43' title='bbox 453 545 607 584; x_wconf 85' lang='lat' dir='ltr'>natura</span> <span class='ocrx_word' id='word_1_44' title='bbox 637 545 838 597; x_wconf 86' lang='lat' dir='ltr'>operante</span> <span class='ocrx_word' id='word_1_45' title='bbox 865 543 910 583; x_wconf 89' lang='lat' dir='ltr'>in</span> <span class='ocrx_word' id='word_1_46' title='bbox 937 556 1118 595; x_wconf 85' lang='lat' dir='ltr'>persona</span> <span class='ocrx_word' id='word_1_47' title='bbox 1148 540 1261 593; x_wconf 83' lang='lat' dir='ltr'>quod</span> <span class='ocrx_word' id='word_1_48' title='bbox 1291 554 1412 581; x_wconf 90' lang='lat' dir='ltr'>suum</span> <span class='ocrx_word' id='word_1_49' title='bbox 1441 541 1515 590; x_wconf 85' lang='lat' dir='ltr'>est,</span> <span class='ocrx_word' id='word_1_50' title='bbox 1547 539 1646 580; x_wconf 86' lang='lat' dir='ltr'>dato</span> 
     </span>
     <span class='ocr_line' id='line_1_7' title="bbox 90 611 1647 668; baseline -0.003 -12"><span class='ocrx_word' id='word_1_51' title='bbox 90 629 243 668; x_wconf 90' lang='lat' dir='ltr'>nempe</span> <span class='ocrx_word' id='word_1_52' title='bbox 280 614 401 667; x_wconf 78' lang='lat' dir='ltr'>signo</span> <span class='ocrx_word' id='word_1_53' title='bbox 441 614 582 666; x_wconf 83' lang='lat' dir='ltr'>aliquo</span> <span class='ocrx_word' id='word_1_54' title='bbox 624 614 808 655; x_wconf 86' lang='lat' dir='ltr'>evidenti</span> <span class='ocrx_word' id='word_1_55' title='bbox 839 615 880 654; x_wconf 90' lang='lat' dir='ltr'>et</span> <span class='ocrx_word' id='word_1_56' title='bbox 908 612 1148 663; x_wconf 90' lang='lat' dir='ltr'>manifesto,</span> <span class='ocrx_word' id='word_1_57' title='bbox 1177 611 1380 653; x_wconf 85' lang='lat' dir='ltr'>adventus</span> <span class='ocrx_word' id='word_1_58' title='bbox 1409 611 1473 651; x_wconf 88' lang='lat' dir='ltr'>sui</span> <span class='ocrx_word' id='word_1_59' title='bbox 1502 611 1554 652; x_wconf 87' lang='lat' dir='ltr'>ad</span> <span class='ocrx_word' id='word_1_60' title='bbox 1579 611 1647 663; x_wconf 86' lang='lat' dir='ltr'>ju-</span> 
     </span>
     <span class='ocr_line' id='line_1_8' title="bbox 92 681 1647 740; baseline -0.004 -12"><span class='ocrx_word' id='word_1_61' title='bbox 92 687 260 738; x_wconf 85' lang='lat' dir='ltr'>dicium,</span> <span class='ocrx_word' id='word_1_62' title='bbox 290 701 367 740; x_wconf 89' lang='lat' dir='ltr'>per</span> <span class='ocrx_word' id='word_1_63' title='bbox 397 686 508 739; x_wconf 91' lang='lat' dir='ltr'>quod</span> <span class='ocrx_word' id='word_1_64' title='bbox 536 686 652 727; x_wconf 84' lang='lat' dir='ltr'>velut</span> <span class='ocrx_word' id='word_1_65' title='bbox 679 687 1009 727; x_wconf 68' lang='lat' dir='ltr'>instrumentum</span> <span class='ocrx_word' id='word_1_66' title='bbox 1035 684 1249 736; x_wconf 84' lang='lat' dir='ltr'>quoddam</span> <span class='ocrx_word' id='word_1_67' title='bbox 1273 683 1437 724; x_wconf 86' lang='lat' dir='ltr'>divinae</span> <span class='ocrx_word' id='word_1_68' title='bbox 1462 681 1647 733; x_wconf 83' lang='lat' dir='ltr'>virtutis,</span> 
     </span>
     <span class='ocr_line' id='line_1_9' title="bbox 93 753 1649 809; baseline -0.003 -10"><span class='ocrx_word' id='word_1_69' title='bbox 93 757 300 801; x_wconf 88' lang='lat' dir='ltr'>excitandi</span> <span class='ocrx_word' id='word_1_70' title='bbox 333 758 418 798; x_wconf 85' lang='lat' dir='ltr'>sint</span> <span class='ocrx_word' id='word_1_71' title='bbox 446 758 625 807; x_wconf 70' lang='lat' dir='ltr'>mortui,</span> <span class='ocrx_word' id='word_1_72' title='bbox 657 757 854 809; x_wconf 84' lang='lat' dir='ltr'>quodque</span> <span class='ocrx_word' id='word_1_73' title='bbox 883 756 935 798; x_wconf 89' lang='lat' dir='ltr'>ad</span> <span class='ocrx_word' id='word_1_74' title='bbox 964 771 1059 798; x_wconf 90' lang='lat' dir='ltr'>eum</span> <span class='ocrx_word' id='word_1_75' title='bbox 1087 755 1285 797; x_wconf 88' lang='lat' dir='ltr'>affectum</span> <span class='ocrx_word' id='word_1_76' title='bbox 1313 754 1374 795; x_wconf 89' lang='lat' dir='ltr'>ita</span> <span class='ocrx_word' id='word_1_77' title='bbox 1402 753 1561 795; x_wconf 87' lang='lat' dir='ltr'>valebit</span> <span class='ocrx_word' id='word_1_78' title='bbox 1589 753 1649 794; x_wconf 87' lang='lat' dir='ltr'>in-</span> 
     </span>
     <span class='ocr_line' id='line_1_10' title="bbox 92 824 1650 881; baseline -0.004 -9"><span class='ocrx_word' id='word_1_79' title='bbox 92 828 439 881; x_wconf 85' lang='lat' dir='ltr'>strumentaliter,</span> <span class='ocrx_word' id='word_1_80' title='bbox 478 829 586 870; x_wconf 86' lang='lat' dir='ltr'>sicut</span> <span class='ocrx_word' id='word_1_81' title='bbox 624 843 747 870; x_wconf 86' lang='lat' dir='ltr'>voces</span> <span class='ocrx_word' id='word_1_82' title='bbox 784 828 893 880; x_wconf 87' lang='lat' dir='ltr'>illae,</span> <span class='ocrx_word' id='word_1_83' title='bbox 932 827 1132 869; x_wconf 85' lang='lat' dir='ltr'>Lazare</span> <span class='ocrx_word' id='word_1_84' title='bbox 1171 825 1295 868; x_wconf 85' lang='lat' dir='ltr'>veni</span> <span class='ocrx_word' id='word_1_85' title='bbox 1323 825 1484 876; x_wconf 86' lang='lat' dir='ltr'>foras,</span> <span class='ocrx_word' id='word_1_86' title='bbox 1515 824 1650 866; x_wconf 88' lang='lat' dir='ltr'>Ado-</span> 
     </span>
     <span class='ocr_line' id='line_1_11' title="bbox 92 896 1650 953; baseline -0.004 -10"><span class='ocrx_word' id='word_1_87' title='bbox 92 902 303 943; x_wconf 89' lang='lat' dir='ltr'>lescens</span> <span class='ocrx_word' id='word_1_88' title='bbox 342 900 448 941; x_wconf 89' lang='lat' dir='ltr'>tibi</span> <span class='ocrx_word' id='word_1_89' title='bbox 488 900 627 951; x_wconf 86' lang='lat' dir='ltr'>dico,</span> <span class='ocrx_word' id='word_1_90' title='bbox 669 914 853 953; x_wconf 82' lang='lat' dir='ltr'>surge,</span> <span class='ocrx_word' id='word_1_91' title='bbox 894 902 970 941; x_wconf 91' lang='lat' dir='ltr'>etc.</span> <span class='ocrx_word' id='word_1_92' title='bbox 1002 901 1044 940; x_wconf 90' lang='lat' dir='ltr'>et</span> <span class='ocrx_word' id='word_1_93' title='bbox 1073 898 1242 947; x_wconf 79' lang='lat' dir='ltr'>similes,</span> <span class='ocrx_word' id='word_1_94' title='bbox 1270 896 1650 938; x_wconf 86' lang='lat' dir='ltr'>instrumentaliter</span> 
     </span>
     <span class='ocr_line' id='line_1_12' title="bbox 92 968 1649 1023; baseline -0.004 -9"><span class='ocrx_word' id='word_1_95' title='bbox 92 973 318 1015; x_wconf 87' lang='lat' dir='ltr'>valuerunt</span> <span class='ocrx_word' id='word_1_96' title='bbox 345 972 398 1013; x_wconf 90' lang='lat' dir='ltr'>ad</span> <span class='ocrx_word' id='word_1_97' title='bbox 425 974 617 1013; x_wconf 89' lang='lat' dir='ltr'>mortuos</span> <span class='ocrx_word' id='word_1_98' title='bbox 646 971 922 1013; x_wconf 87' lang='lat' dir='ltr'>suscitandos.</span> <span class='ocrx_word' id='word_1_99' title='bbox 951 969 1046 1012; x_wconf 89' lang='lat' dir='ltr'>Hoc</span> <span class='ocrx_word' id='word_1_100' title='bbox 1075 970 1244 1023; x_wconf 84' lang='lat' dir='ltr'>signum</span> <span class='ocrx_word' id='word_1_101' title='bbox 1270 968 1490 1022; x_wconf 82' lang='lat' dir='ltr'>Scriptura</span> <span class='ocrx_word' id='word_1_102' title='bbox 1514 969 1649 1019; x_wconf 84' lang='lat' dir='ltr'>vocat,</span> 
     </span>
     <span class='ocr_line' id='line_1_13' title="bbox 93 1039 1651 1094; baseline -0.004 -7"><span class='ocrx_word' id='word_1_103' title='bbox 93 1058 274 1086; x_wconf 86' lang='lat' dir='ltr'>vocem</span> <span class='ocrx_word' id='word_1_104' title='bbox 301 1042 415 1084; x_wconf 84' lang='lat' dir='ltr'>filii</span> <span class='ocrx_word' id='word_1_105' title='bbox 442 1042 702 1094; x_wconf 88' lang='lat' dir='ltr'>hominis,</span> <span class='ocrx_word' id='word_1_106' title='bbox 732 1042 829 1084; x_wconf 85' lang='lat' dir='ltr'>Joh.</span> <span class='ocrx_word' id='word_1_107' title='bbox 859 1042 894 1083; x_wconf 89' lang='lat'>5.</span> <span class='ocrx_word' id='word_1_108' title='bbox 926 1042 988 1083; x_wconf 82' lang='lat'>28.</span> <span class='ocrx_word' id='word_1_109' title='bbox 1019 1041 1216 1083; x_wconf 88' lang='lat' dir='ltr'>Vocem</span> <span class='ocrx_word' id='word_1_110' title='bbox 1239 1054 1502 1094; x_wconf 86' lang='lat' dir='ltr'>magnam,</span> <span class='ocrx_word' id='word_1_111' title='bbox 1526 1039 1651 1081; x_wconf 86' lang='lat' dir='ltr'>Matt.</span> 
     </span>
     <span class='ocr_line' id='line_1_14' title="bbox 94 1111 1651 1167; baseline -0.003 -10"><span class='ocrx_word' id='word_1_112' title='bbox 94 1116 158 1167; x_wconf 84' lang='lat'>24,</span> <span class='ocrx_word' id='word_1_113' title='bbox 195 1116 258 1157; x_wconf 81' lang='lat'>31.</span> <span class='ocrx_word' id='word_1_114' title='bbox 299 1117 340 1156; x_wconf 89' lang='lat' dir='ltr'>et</span> <span class='ocrx_word' id='word_1_115' title='bbox 369 1114 658 1156; x_wconf 88' lang='lat' dir='ltr'>clamorem</span> <span class='ocrx_word' id='word_1_116' title='bbox 687 1114 862 1155; x_wconf 85' lang='lat' dir='ltr'>media</span> <span class='ocrx_word' id='word_1_117' title='bbox 889 1116 1048 1155; x_wconf 88' lang='lat' dir='ltr'>nocte</span> <span class='ocrx_word' id='word_1_118' title='bbox 1078 1113 1337 1164; x_wconf 79' lang='lat' dir='ltr'>futurum,</span> <span class='ocrx_word' id='word_1_119' title='bbox 1368 1111 1491 1153; x_wconf 86' lang='lat' dir='ltr'>Matt.</span> <span class='ocrx_word' id='word_1_120' title='bbox 1520 1111 1584 1152; x_wconf 86' lang='grc'>25.</span> <span class='ocrx_word' id='word_1_121' title='bbox 1613 1112 1651 1152; x_wconf 82' lang='grc'>6.</span> 
     </span>
     <span class='ocr_line' id='line_1_15' title="bbox 95 1183 1651 1239; baseline -0.003 -10"><span class='ocrx_word' id='word_1_122' title='bbox 95 1187 314 1239; x_wconf 86' lang='lat' dir='ltr'>Tubam,</span> <span class='ocrx_word' id='word_1_123' title='bbox 365 1186 488 1228; x_wconf 88' lang='lat' dir='ltr'>Matt.</span> <span class='ocrx_word' id='word_1_124' title='bbox 542 1186 604 1237; x_wconf 82' lang='grc'>24,</span> <span class='ocrx_word' id='word_1_125' title='bbox 656 1186 719 1227; x_wconf 83' lang='lat'>31.</span> <span class='ocrx_word' id='word_1_126' title='bbox 765 1187 805 1226; x_wconf 88' lang='lat' dir='ltr'>et</span> <span class='ocrx_word' id='word_1_127' title='bbox 848 1185 1031 1226; x_wconf 89' lang='lat' dir='ltr'>tubam</span> <span class='ocrx_word' id='word_1_128' title='bbox 1072 1185 1447 1235; x_wconf 81' lang='lat' dir='ltr'>novissimam,</span> <span class='ocrx_word' id='word_1_129' title='bbox 1490 1184 1510 1224; x_wconf 91' lang='lat'>1</span> <span class='ocrx_word' id='word_1_130' title='bbox 1557 1183 1651 1225; x_wconf 89' lang='lat' dir='ltr'>Cor.</span> 
     </span>
     <span class='ocr_line' id='line_1_16' title="bbox 96 1255 1652 1313; baseline -0.004 -11"><span class='ocrx_word' id='word_1_131' title='bbox 96 1261 158 1312; x_wconf 87' lang='lat'>15,</span> <span class='ocrx_word' id='word_1_132' title='bbox 197 1260 259 1301; x_wconf 82' lang='lat'>52.</span> <span class='ocrx_word' id='word_1_133' title='bbox 299 1259 491 1313; x_wconf 76' lang='lat' dir='ltr'>quamvis</span> <span class='ocrx_word' id='word_1_134' title='bbox 529 1261 794 1312; x_wconf 88' lang='lat' dir='ltr'>postremum</span> <span class='ocrx_word' id='word_1_135' title='bbox 831 1257 938 1299; x_wconf 90' lang='lat' dir='ltr'>illud</span> <span class='ocrx_word' id='word_1_136' title='bbox 971 1256 1139 1299; x_wconf 89' lang='lat' dir='ltr'>Christo</span> <span class='ocrx_word' id='word_1_137' title='bbox 1169 1259 1337 1298; x_wconf 88' lang='lat' dir='ltr'>tantum</span> <span class='ocrx_word' id='word_1_138' title='bbox 1366 1256 1548 1298; x_wconf 85' lang='lat' dir='ltr'>mediate</span> <span class='ocrx_word' id='word_1_139' title='bbox 1575 1255 1652 1296; x_wconf 89' lang='lat' dir='ltr'>tri-</span> 
     </span>
     <span class='ocr_line' id='line_1_17' title="bbox 94 1332 263 1374; baseline -0.006 0"><span class='ocrx_word' id='word_1_140' title='bbox 94 1332 263 1374; x_wconf 85' lang='lat' dir='ltr'>buatur.</span> 
     </span>
    </p>

    <p class='ocr_par' dir='ltr' id='par_1_4' title="bbox 95 1400 1707 2444">
     <span class='ocr_line' id='line_1_18' title="bbox 149 1400 1652 1455; baseline -0.002 -10"><span class='ocrx_word' id='word_1_141' title='bbox 149 1403 263 1446; x_wconf 87' lang='lat' dir='ltr'>XIX.</span> <span class='ocrx_word' id='word_1_142' title='bbox 292 1403 486 1445; x_wconf 89' lang='lat' dir='ltr'>Eundem</span> <span class='ocrx_word' id='word_1_143' title='bbox 515 1401 730 1444; x_wconf 88' lang='lat' dir='ltr'>Christum</span> <span class='ocrx_word' id='word_1_144' title='bbox 761 1403 968 1455; x_wconf 87' lang='lat' dir='ltr'>quatenus</span> <span class='ocrx_word' id='word_1_145' title='bbox 997 1403 1060 1443; x_wconf 90' lang='lat' dir='ltr'>est</span> <span class='ocrx_word' id='word_1_146' title='bbox 1089 1400 1351 1454; x_wconf 76' lang='lat' dir='ltr'>Redemptor</span> <span class='ocrx_word' id='word_1_147' title='bbox 1376 1403 1418 1443; x_wconf 87' lang='lat' dir='ltr'>et</span> <span class='ocrx_word' id='word_1_148' title='bbox 1441 1400 1652 1442; x_wconf 90' lang='lat' dir='ltr'>Mediator</span> 
     </span>
     <span class='ocr_line' id='line_1_19' title="bbox 95 1472 1652 1529; baseline -0.003 -12"><span class='ocrx_word' id='word_1_149' title='bbox 95 1477 252 1527; x_wconf 88' lang='lat' dir='ltr'>noster,</span> <span class='ocrx_word' id='word_1_150' title='bbox 290 1490 367 1529; x_wconf 89' lang='lat' dir='ltr'>per</span> <span class='ocrx_word' id='word_1_151' title='bbox 402 1477 586 1516; x_wconf 91' lang='lat' dir='ltr'>mortem</span> <span class='ocrx_word' id='word_1_152' title='bbox 615 1476 656 1516; x_wconf 89' lang='grc'>01</span> <span class='ocrx_word' id='word_1_153' title='bbox 684 1474 925 1527; x_wconf 83' lang='lat' dir='ltr'>passionem</span> <span class='ocrx_word' id='word_1_154' title='bbox 954 1487 1085 1525; x_wconf 89' lang='lat' dir='ltr'>suam,</span> <span class='ocrx_word' id='word_1_155' title='bbox 1115 1472 1310 1514; x_wconf 89' lang='lat' dir='ltr'>omnibus</span> <span class='ocrx_word' id='word_1_156' title='bbox 1338 1472 1538 1514; x_wconf 87' lang='lat' dir='ltr'>membris</span> <span class='ocrx_word' id='word_1_157' title='bbox 1567 1472 1652 1513; x_wconf 89' lang='lat' dir='ltr'>suis</span> 
     </span>
     <span class='ocr_line' id='line_1_20' title="bbox 95 1543 1652 1589; baseline -0.003 -1"><span class='ocrx_word' id='word_1_158' title='bbox 95 1546 448 1589; x_wconf 69' lang='lat' dir='ltr'>resurrectionem</span> <span class='ocrx_word' id='word_1_159' title='bbox 477 1548 519 1587; x_wconf 92' lang='lat' dir='ltr'>et</span> <span class='ocrx_word' id='word_1_160' title='bbox 547 1545 913 1587; x_wconf 89' lang='lat' dir='ltr'>immortalitatem</span> <span class='ocrx_word' id='word_1_161' title='bbox 939 1543 1141 1586; x_wconf 89' lang='lat' dir='ltr'>meruisse</span> <span class='ocrx_word' id='word_1_162' title='bbox 1165 1558 1251 1585; x_wconf 91' lang='lat' dir='ltr'>non</span> <span class='ocrx_word' id='word_1_163' title='bbox 1276 1543 1539 1584; x_wconf 83' lang='lat' dir='ltr'>dubitamus:</span> <span class='ocrx_word' id='word_1_164' title='bbox 1564 1557 1652 1584; x_wconf 87' lang='lat' dir='ltr'>esse</span> 
     </span>
     <span class='ocr_line' id='line_1_21' title="bbox 96 1616 1653 1672; baseline -0.003 -13"><span class='ocrx_word' id='word_1_165' title='bbox 96 1620 317 1672; x_wconf 84' lang='lat' dir='ltr'>praeterea</span> <span class='ocrx_word' id='word_1_166' title='bbox 342 1632 417 1659; x_wconf 88' lang='lat' dir='ltr'>sua</span> <span class='ocrx_word' id='word_1_167' title='bbox 440 1616 758 1668; x_wconf 89' lang='lat' dir='ltr'>resurrectione,</span> <span class='ocrx_word' id='word_1_168' title='bbox 785 1616 1104 1658; x_wconf 89' lang='lat' dir='ltr'>resurrectionis</span> <span class='ocrx_word' id='word_1_169' title='bbox 1128 1618 1297 1657; x_wconf 87' lang='lat' dir='ltr'>nostrae</span> <span class='ocrx_word' id='word_1_170' title='bbox 1322 1630 1490 1656; x_wconf 87' lang='lat' dir='ltr'>causam</span> <span class='ocrx_word' id='word_1_171' title='bbox 1515 1629 1653 1656; x_wconf 83' lang='lat' dir='ltr'>exem—</span> 
     </span>
     <span class='ocr_line' id='line_1_22' title="bbox 97 1684 1653 1744; baseline -0.003 -13"><span class='ocrx_word' id='word_1_172' title='bbox 97 1690 280 1744; x_wconf 80' lang='lat' dir='ltr'>plarem3</span> <span class='ocrx_word' id='word_1_173' title='bbox 323 1689 415 1742; x_wconf 89' lang='lat' dir='ltr'>ipse</span> <span class='ocrx_word' id='word_1_174' title='bbox 458 1689 569 1730; x_wconf 89' lang='lat' dir='ltr'>enim</span> <span class='ocrx_word' id='word_1_175' title='bbox 613 1691 675 1730; x_wconf 91' lang='lat' dir='ltr'>est</span> <span class='ocrx_word' id='word_1_176' title='bbox 716 1688 999 1742; x_wconf 87' lang='lat' dir='ltr'>primitiae</span> <span class='ocrx_word' id='word_1_177' title='bbox 1044 1687 1449 1737; x_wconf 85' lang='lat' dir='ltr'>dormientium,</span> <span class='ocrx_word' id='word_1_178' title='bbox 1495 1687 1515 1727; x_wconf 84' lang='lat'>1</span> <span class='ocrx_word' id='word_1_179' title='bbox 1559 1684 1653 1727; x_wconf 87' lang='lat' dir='ltr'>Cor.</span> 
     </span>
     <span class='ocr_line' id='line_1_23' title="bbox 98 1756 1652 1814; baseline -0.003 -12"><span class='ocrx_word' id='word_1_180' title='bbox 98 1761 161 1813; x_wconf 85' lang='lat'>15,</span> <span class='ocrx_word' id='word_1_181' title='bbox 200 1761 263 1802; x_wconf 83' lang='lat'>20.</span> <span class='ocrx_word' id='word_1_182' title='bbox 293 1760 702 1814; x_wconf 82' lang='lat' dir='ltr'>primogenitus</span> <span class='ocrx_word' id='word_1_183' title='bbox 730 1762 1088 1810; x_wconf 89' lang='lat' dir='ltr'>mortuorum,</span> <span class='ocrx_word' id='word_1_184' title='bbox 1117 1759 1252 1811; x_wconf 90' lang='lat' dir='ltr'>Apoc.</span> <span class='ocrx_word' id='word_1_185' title='bbox 1284 1759 1318 1809; x_wconf 85' lang='lat'>1,</span> <span class='ocrx_word' id='word_1_186' title='bbox 1347 1758 1384 1799; x_wconf 89' lang='lat'>5.</span> <span class='ocrx_word' id='word_1_187' title='bbox 1415 1756 1502 1798; x_wconf 91' lang='lat' dir='ltr'>Col.</span> <span class='ocrx_word' id='word_1_188' title='bbox 1529 1756 1652 1808; x_wconf 81' lang='lat'>1,18.</span> 
     </span>
     <span class='ocr_line' id='line_1_24' title="bbox 98 1828 1653 1885; baseline -0.003 -12"><span class='ocrx_word' id='word_1_189' title='bbox 98 1831 222 1874; x_wconf 90' lang='lat' dir='ltr'>Unde</span> <span class='ocrx_word' id='word_1_190' title='bbox 260 1831 493 1885; x_wconf 86' lang='lat' dir='ltr'>Apostolus</span> <span class='ocrx_word' id='word_1_191' title='bbox 530 1831 641 1872; x_wconf 87' lang='lat' dir='ltr'>inter</span> <span class='ocrx_word' id='word_1_192' title='bbox 675 1831 757 1872; x_wconf 86' lang='lat' dir='ltr'>alia</span> <span class='ocrx_word' id='word_1_193' title='bbox 785 1830 954 1872; x_wconf 87' lang='lat' dir='ltr'>futurae</span> <span class='ocrx_word' id='word_1_194' title='bbox 981 1832 1151 1871; x_wconf 89' lang='lat' dir='ltr'>nostrae</span> <span class='ocrx_word' id='word_1_195' title='bbox 1180 1828 1497 1870; x_wconf 85' lang='lat' dir='ltr'>resurrectionis</span> <span class='ocrx_word' id='word_1_196' title='bbox 1526 1842 1653 1883; x_wconf 85' lang='lat' dir='ltr'>argu-</span> 
     </span>
     <span class='ocr_line' id='line_1_25' title="bbox 96 1898 1656 1955; baseline -0.004 -10"><span class='ocrx_word' id='word_1_197' title='bbox 96 1905 252 1955; x_wconf 90' lang='lat' dir='ltr'>menta,</span> <span class='ocrx_word' id='word_1_198' title='bbox 280 1904 301 1944; x_wconf 90' lang='lat'>1</span> <span class='ocrx_word' id='word_1_199' title='bbox 327 1901 421 1944; x_wconf 87' lang='lat' dir='ltr'>Cor.</span> <span class='ocrx_word' id='word_1_200' title='bbox 447 1903 507 1952; x_wconf 89' lang='lat'>15,</span> <span class='ocrx_word' id='word_1_201' title='bbox 531 1903 595 1944; x_wconf 86' lang='grc'>23.</span> <span class='ocrx_word' id='word_1_202' title='bbox 620 1917 669 1944; x_wconf 82' lang='lat' dir='ltr'>ex</span> <span class='ocrx_word' id='word_1_203' title='bbox 693 1902 1001 1944; x_wconf 87' lang='lat' dir='ltr'>resurrectione</span> <span class='ocrx_word' id='word_1_204' title='bbox 1021 1900 1178 1942; x_wconf 82' lang='lat' dir='ltr'>Christi</span> <span class='ocrx_word' id='word_1_205' title='bbox 1192 1902 1411 1952; x_wconf 88' lang='lat' dir='ltr'>tamquam</span> <span class='ocrx_word' id='word_1_206' title='bbox 1428 1898 1656 1953; x_wconf 88' lang='lat' dir='ltr'>exemplari</span> 
     </span>
     <span class='ocr_line' id='line_1_26' title="bbox 98 1964 1707 2028; baseline -0.003 -12"><span class='ocrx_word' id='word_1_207' title='bbox 98 1974 264 2028; x_wconf 85' lang='lat' dir='ltr'>colligit</span> <span class='ocrx_word' id='word_1_208' title='bbox 292 1974 482 2016; x_wconf 90' lang='lat' dir='ltr'>omnium</span> <span class='ocrx_word' id='word_1_209' title='bbox 511 1973 670 2015; x_wconf 84' lang='lat' dir='ltr'>Christi</span> <span class='ocrx_word' id='word_1_210' title='bbox 699 1973 888 2015; x_wconf 86' lang='lat' dir='ltr'>fidelium</span> <span class='ocrx_word' id='word_1_211' title='bbox 915 1972 1102 2013; x_wconf 84' lang='lat' dir='ltr'>futuram</span> <span class='ocrx_word' id='word_1_212' title='bbox 1131 1971 1493 2021; x_wconf 85' lang='lat' dir='ltr'>resurrectionem,</span> <span class='ocrx_word' id='word_1_213' title='bbox 1530 1970 1656 2023; x_wconf 84' lang='lat' dir='ltr'>quia</span> <span class='ocrx_word' id='word_1_214' title='bbox 1704 1964 1707 1967; x_wconf 47' lang='grc'>’</span> 
     </span>
     <span class='ocr_line' id='line_1_27' title="bbox 98 2038 1654 2098; baseline -0.003 -12"><span class='ocrx_word' id='word_1_215' title='bbox 98 2038 695 2098; x_wconf 62' lang='grc'>91110111000111151115,</span> <span class='ocrx_word' id='word_1_216' title='bbox 741 2044 930 2086; x_wconf 83' lang='grc' dir='ltr'>(10111ᾶο</span> <span class='ocrx_word' id='word_1_217' title='bbox 974 2046 1024 2085; x_wconf 87' lang='grc'>01</span> <span class='ocrx_word' id='word_1_218' title='bbox 1064 2043 1103 2084; x_wconf 89' lang='grc'>11</span> <span class='ocrx_word' id='word_1_219' title='bbox 1141 2043 1235 2096; x_wconf 87' lang='lat' dir='ltr'>qui</span> <span class='ocrx_word' id='word_1_220' title='bbox 1273 2044 1397 2084; x_wconf 86' lang='lat' dir='ltr'>sunt</span> <span class='ocrx_word' id='word_1_221' title='bbox 1434 2041 1654 2083; x_wconf 81' lang='lat' dir='ltr'>Christi,</span> 
     </span>
     <span class='ocr_line' id='line_1_28' title="bbox 99 2113 1655 2170; baseline -0.003 -12"><span class='ocrx_word' id='word_1_222' title='bbox 99 2116 293 2158; x_wconf 88' lang='lat' dir='ltr'>Membra</span> <span class='ocrx_word' id='word_1_223' title='bbox 331 2116 443 2158; x_wconf 92' lang='lat' dir='ltr'>enim</span> <span class='ocrx_word' id='word_1_224' title='bbox 480 2131 505 2158; x_wconf 88' lang='lat' dir='ltr'>a</span> <span class='ocrx_word' id='word_1_225' title='bbox 544 2117 685 2170; x_wconf 88' lang='lat' dir='ltr'>capite</span> <span class='ocrx_word' id='word_1_226' title='bbox 723 2131 809 2158; x_wconf 89' lang='lat' dir='ltr'>non</span> <span class='ocrx_word' id='word_1_227' title='bbox 845 2118 943 2157; x_wconf 87' lang='lat' dir='ltr'>sunt</span> <span class='ocrx_word' id='word_1_228' title='bbox 981 2115 1228 2169; x_wconf 87' lang='lat' dir='ltr'>separanda,</span> <span class='ocrx_word' id='word_1_229' title='bbox 1269 2116 1309 2155; x_wconf 82' lang='lat' dir='ltr'>et</span> <span class='ocrx_word' id='word_1_230' title='bbox 1342 2113 1655 2155; x_wconf 90' lang='lat' dir='ltr'>incommodum</span> 
     </span>
     <span class='ocr_line' id='line_1_29' title="bbox 98 2184 1654 2240; baseline -0.003 -11"><span class='ocrx_word' id='word_1_231' title='bbox 98 2187 483 2240; x_wconf 88' lang='lat' dir='ltr'>inconveniensque</span> <span class='ocrx_word' id='word_1_232' title='bbox 514 2188 740 2230; x_wconf 86' lang='lat' dir='ltr'>admodum</span> <span class='ocrx_word' id='word_1_233' title='bbox 768 2187 891 2239; x_wconf 82' lang='lat' dir='ltr'>foret,</span> <span class='ocrx_word' id='word_1_234' title='bbox 921 2187 998 2228; x_wconf 89' lang='lat' dir='ltr'>sub</span> <span class='ocrx_word' id='word_1_235' title='bbox 1028 2186 1167 2239; x_wconf 87' lang='lat' dir='ltr'>capite</span> <span class='ocrx_word' id='word_1_236' title='bbox 1195 2185 1304 2236; x_wconf 81' lang='lat' dir='ltr'>vivo,</span> <span class='ocrx_word' id='word_1_237' title='bbox 1329 2184 1539 2237; x_wconf 87' lang='lat' dir='ltr'>reliquum</span> <span class='ocrx_word' id='word_1_238' title='bbox 1564 2199 1654 2226; x_wconf 89' lang='lat' dir='ltr'>cor-</span> 
     </span>
     <span class='ocr_line' id='line_1_30' title="bbox 100 2257 1657 2314; baseline -0.004 -12"><span class='ocrx_word' id='word_1_239' title='bbox 100 2275 179 2314; x_wconf 88' lang='lat' dir='ltr'>pus</span> <span class='ocrx_word' id='word_1_240' title='bbox 218 2274 389 2301; x_wconf 90' lang='lat' dir='ltr'>manere</span> <span class='ocrx_word' id='word_1_241' title='bbox 416 2261 645 2301; x_wconf 90' lang='lat' dir='ltr'>mortuum.</span> <span class='ocrx_word' id='word_1_242' title='bbox 676 2259 1014 2301; x_wconf 88' lang='lat' dir='ltr'>Consentaneum</span> <span class='ocrx_word' id='word_1_243' title='bbox 1044 2259 1108 2298; x_wconf 90' lang='lat' dir='ltr'>est</span> <span class='ocrx_word' id='word_1_244' title='bbox 1137 2257 1260 2308; x_wconf 91' lang='lat' dir='ltr'>enim,</span> <span class='ocrx_word' id='word_1_245' title='bbox 1290 2258 1347 2297; x_wconf 90' lang='lat' dir='ltr'>ut</span> <span class='ocrx_word' id='word_1_246' title='bbox 1377 2270 1476 2308; x_wconf 90' lang='lat' dir='ltr'>quo</span> <span class='ocrx_word' id='word_1_247' title='bbox 1507 2270 1657 2308; x_wconf 90' lang='lat' dir='ltr'>prae-</span> 
     </span>
     <span class='ocr_line' id='line_1_31' title="bbox 100 2326 1656 2385; baseline -0.004 -11"><span class='ocrx_word' id='word_1_248' title='bbox 100 2331 269 2374; x_wconf 88' lang='lat' dir='ltr'>cessit</span> <span class='ocrx_word' id='word_1_249' title='bbox 308 2331 488 2385; x_wconf 84' lang='lat' dir='ltr'>gloria</span> <span class='ocrx_word' id='word_1_250' title='bbox 527 2331 752 2385; x_wconf 87' lang='lat' dir='ltr'>capitis,</span> <span class='ocrx_word' id='word_1_251' title='bbox 793 2345 849 2372; x_wconf 93' lang='lat' dir='ltr'>eo</span> <span class='ocrx_word' id='word_1_252' title='bbox 888 2344 1007 2383; x_wconf 87' lang='lat' dir='ltr'>spes</span> <span class='ocrx_word' id='word_1_253' title='bbox 1046 2330 1270 2370; x_wconf 84' lang='lat' dir='ltr'>vocetur</span> <span class='ocrx_word' id='word_1_254' title='bbox 1309 2330 1357 2369; x_wconf 90' lang='lat' dir='ltr'>et</span> <span class='ocrx_word' id='word_1_255' title='bbox 1386 2326 1656 2382; x_wconf 80' lang='lat' dir='ltr'>corporiS,</span> 
     </span>
     <span class='ocr_line' id='line_1_32' title="bbox 99 2401 897 2444; baseline -0.003 0"><span class='ocrx_word' id='word_1_256' title='bbox 99 2401 184 2444; x_wconf 80' lang='lat' dir='ltr'>Leo</span> <span class='ocrx_word' id='word_1_257' title='bbox 214 2402 250 2444; x_wconf 92' lang='grc'>1.</span> <span class='ocrx_word' id='word_1_258' title='bbox 281 2401 412 2444; x_wconf 85' lang='lat' dir='ltr'>Serm.</span> <span class='ocrx_word' id='word_1_259' title='bbox 445 2403 480 2444; x_wconf 93' lang='lat'>1.</span> <span class='ocrx_word' id='word_1_260' title='bbox 510 2402 560 2444; x_wconf 92' lang='lat' dir='ltr'>de</span> <span class='ocrx_word' id='word_1_261' title='bbox 590 2402 741 2444; x_wconf 86' lang='lat' dir='ltr'>Ascen.</span> <span class='ocrx_word' id='word_1_262' title='bbox 772 2401 897 2443; x_wconf 89' lang='lat' dir='ltr'>Dom.</span> 
     </span>
    </p>

    <p class='ocr_par' dir='ltr' id='par_1_5' title="bbox 100 2470 1660 3029">
     <span class='ocr_line' id='line_1_33' title="bbox 152 2470 1657 2522; baseline -0.002 -8"><span class='ocrx_word' id='word_1_263' title='bbox 152 2472 246 2515; x_wconf 86' lang='lat' dir='ltr'>XX.</span> <span class='ocrx_word' id='word_1_264' title='bbox 282 2472 372 2515; x_wconf 82' lang='lat' dir='ltr'>Has</span> <span class='ocrx_word' id='word_1_265' title='bbox 412 2473 515 2515; x_wconf 89' lang='lat' dir='ltr'>duas</span> <span class='ocrx_word' id='word_1_266' title='bbox 552 2474 597 2515; x_wconf 92' lang='lat' dir='ltr'>in</span> <span class='ocrx_word' id='word_1_267' title='bbox 635 2473 803 2516; x_wconf 89' lang='lat' dir='ltr'>Christo</span> <span class='ocrx_word' id='word_1_268' title='bbox 841 2472 1192 2514; x_wconf 88' lang='lat' dir='ltr'>resurrectionem</span> <span class='ocrx_word' id='word_1_269' title='bbox 1231 2470 1430 2514; x_wconf 85' lang='lat' dir='ltr'>causandi</span> <span class='ocrx_word' id='word_1_270' title='bbox 1458 2470 1657 2522; x_wconf 87' lang='lat' dir='ltr'>rationes,</span> 
     </span>
     <span class='ocr_line' id='line_1_34' title="bbox 100 2542 1657 2599; baseline -0.001 -13"><span class='ocrx_word' id='word_1_271' title='bbox 100 2545 253 2587; x_wconf 90' lang='lat' dir='ltr'>merito</span> <span class='ocrx_word' id='word_1_272' title='bbox 297 2548 340 2586; x_wconf 92' lang='lat' dir='ltr'>et</span> <span class='ocrx_word' id='word_1_273' title='bbox 382 2546 588 2599; x_wconf 77' lang='lat' dir='ltr'>exemplo,</span> <span class='ocrx_word' id='word_1_274' title='bbox 634 2547 782 2587; x_wconf 89' lang='lat' dir='ltr'>contra</span> <span class='ocrx_word' id='word_1_275' title='bbox 824 2559 951 2597; x_wconf 90' lang='lat' dir='ltr'>quam</span> <span class='ocrx_word' id='word_1_276' title='bbox 993 2543 1188 2585; x_wconf 89' lang='lat' dir='ltr'>nonnulli</span> <span class='ocrx_word' id='word_1_277' title='bbox 1232 2542 1432 2594; x_wconf 89' lang='lat' dir='ltr'>sentiunt,</span> <span class='ocrx_word' id='word_1_278' title='bbox 1475 2542 1518 2583; x_wconf 92' lang='lat' dir='ltr'>in</span> <span class='ocrx_word' id='word_1_279' title='bbox 1557 2542 1657 2584; x_wconf 86' lang='lat' dir='ltr'>solis</span> 
     </span>
     <span class='ocr_line' id='line_1_35' title="bbox 102 2614 1658 2669; baseline -0.003 -9"><span class='ocrx_word' id='word_1_280' title='bbox 102 2617 260 2669; x_wconf 73' lang='lat' dir='ltr'>electis,</span> <span class='ocrx_word' id='word_1_281' title='bbox 288 2618 399 2660; x_wconf 87' lang='lat' dir='ltr'>veris</span> <span class='ocrx_word' id='word_1_282' title='bbox 428 2617 587 2660; x_wconf 83' lang='lat' dir='ltr'>Christi</span> <span class='ocrx_word' id='word_1_283' title='bbox 615 2618 828 2667; x_wconf 77' lang='lat' dir='ltr'>membris,</span> <span class='ocrx_word' id='word_1_284' title='bbox 860 2617 1000 2658; x_wconf 90' lang='lat' dir='ltr'>locum</span> <span class='ocrx_word' id='word_1_285' title='bbox 1030 2615 1186 2657; x_wconf 89' lang='lat' dir='ltr'>habere</span> <span class='ocrx_word' id='word_1_286' title='bbox 1217 2614 1526 2657; x_wconf 81' lang='lat' dir='ltr'>existimamus:</span> <span class='ocrx_word' id='word_1_287' title='bbox 1559 2614 1658 2667; x_wconf 89' lang='lat' dir='ltr'>quia</span> 
     </span>
     <span class='ocr_line' id='line_1_36' title="bbox 102 2686 1659 2743; baseline -0.003 -12"><span class='ocrx_word' id='word_1_288' title='bbox 102 2689 181 2731; x_wconf 89' lang='lat' dir='ltr'>etsi</span> <span class='ocrx_word' id='word_1_289' title='bbox 219 2689 341 2743; x_wconf 89' lang='lat' dir='ltr'>impii</span> <span class='ocrx_word' id='word_1_290' title='bbox 379 2704 524 2731; x_wconf 88' lang='lat' dir='ltr'>omnes</span> <span class='ocrx_word' id='word_1_291' title='bbox 563 2690 648 2730; x_wconf 88' lang='lat' dir='ltr'>sint</span> <span class='ocrx_word' id='word_1_292' title='bbox 684 2686 973 2737; x_wconf 86' lang='lat' dir='ltr'>resurrecturi,</span> <span class='ocrx_word' id='word_1_293' title='bbox 1003 2689 1050 2727; x_wconf 92' lang='lat' dir='ltr'>ut</span> <span class='ocrx_word' id='word_1_294' title='bbox 1080 2688 1228 2739; x_wconf 84' lang='lat' dir='ltr'>postea</span> <span class='ocrx_word' id='word_1_295' title='bbox 1257 2686 1544 2739; x_wconf 87' lang='lat' dir='ltr'>probabimus,</span> <span class='ocrx_word' id='word_1_296' title='bbox 1572 2701 1659 2728; x_wconf 90' lang='lat' dir='ltr'>non</span> 
     </span>
     <span class='ocr_line' id='line_1_37' title="bbox 101 2756 1659 2810; baseline -0.003 -8"><span class='ocrx_word' id='word_1_297' title='bbox 101 2762 246 2802; x_wconf 88' lang='lat' dir='ltr'>tamen</span> <span class='ocrx_word' id='word_1_298' title='bbox 272 2760 317 2802; x_wconf 87' lang='lat' dir='ltr'>id</span> <span class='ocrx_word' id='word_1_299' title='bbox 344 2760 511 2802; x_wconf 87' lang='lat' dir='ltr'>videtur</span> <span class='ocrx_word' id='word_1_300' title='bbox 541 2759 805 2802; x_wconf 87' lang='lat' dir='ltr'>efficiendum</span> <span class='ocrx_word' id='word_1_301' title='bbox 834 2773 884 2799; x_wconf 82' lang='lat' dir='ltr'>ex</span> <span class='ocrx_word' id='word_1_302' title='bbox 912 2758 952 2798; x_wconf 88' lang='lat' dir='ltr'>vi</span> <span class='ocrx_word' id='word_1_303' title='bbox 981 2758 1122 2799; x_wconf 91' lang='lat' dir='ltr'>meriti</span> <span class='ocrx_word' id='word_1_304' title='bbox 1151 2757 1318 2809; x_wconf 89' lang='lat' dir='ltr'>Christi,</span> <span class='ocrx_word' id='word_1_305' title='bbox 1347 2758 1447 2810; x_wconf 89' lang='lat' dir='ltr'>quia</span> <span class='ocrx_word' id='word_1_306' title='bbox 1473 2758 1510 2799; x_wconf 89' lang='grc'>51</span> <span class='ocrx_word' id='word_1_307' title='bbox 1537 2756 1659 2799; x_wconf 85' lang='grc'>01111-</span> 
     </span>
     <span class='ocr_line' id='line_1_38' title="bbox 103 2828 1660 2884; baseline -0.003 -11"><span class='ocrx_word' id='word_1_308' title='bbox 103 2833 191 2872; x_wconf 90' lang='lat' dir='ltr'>stus</span> <span class='ocrx_word' id='word_1_309' title='bbox 233 2845 320 2873; x_wconf 92' lang='lat' dir='ltr'>non</span> <span class='ocrx_word' id='word_1_310' title='bbox 361 2832 558 2883; x_wconf 86' lang='lat' dir='ltr'>venisset,</span> <span class='ocrx_word' id='word_1_311' title='bbox 597 2846 647 2872; x_wconf 81' lang='lat' dir='ltr'>ex</span> <span class='ocrx_word' id='word_1_312' title='bbox 685 2831 823 2884; x_wconf 87' lang='lat' dir='ltr'>prima</span> <span class='ocrx_word' id='word_1_313' title='bbox 859 2829 1124 2871; x_wconf 87' lang='lat' dir='ltr'>ordinatione</span> <span class='ocrx_word' id='word_1_314' title='bbox 1163 2828 1316 2881; x_wconf 85' lang='lat' dir='ltr'>divina,</span> <span class='ocrx_word' id='word_1_315' title='bbox 1354 2829 1548 2871; x_wconf 88' lang='lat' dir='ltr'>homines</span> <span class='ocrx_word' id='word_1_316' title='bbox 1587 2828 1660 2882; x_wconf 86' lang='lat' dir='ltr'>qui</span> 
     </span>
     <span class='ocr_line' id='line_1_39' title="bbox 104 2900 1659 2957; baseline -0.001 -12"><span class='ocrx_word' id='word_1_317' title='bbox 104 2918 180 2957; x_wconf 86' lang='lat' dir='ltr'>per</span> <span class='ocrx_word' id='word_1_318' title='bbox 217 2906 439 2957; x_wconf 88' lang='lat' dir='ltr'>peccatum</span> <span class='ocrx_word' id='word_1_319' title='bbox 478 2903 607 2944; x_wconf 91' lang='lat' dir='ltr'>morti</span> <span class='ocrx_word' id='word_1_320' title='bbox 647 2901 934 2954; x_wconf 86' lang='lat' dir='ltr'>subjacebant,</span> <span class='ocrx_word' id='word_1_321' title='bbox 964 2900 1292 2942; x_wconf 82' lang='lat' dir='ltr'>resurrexissent</span> <span class='ocrx_word' id='word_1_322' title='bbox 1322 2900 1560 2953; x_wconf 88' lang='lat' dir='ltr'>aliquando,</span> <span class='ocrx_word' id='word_1_323' title='bbox 1591 2916 1659 2943; x_wconf 92' lang='lat' dir='ltr'>ac-</span> 
     </span>
     <span class='ocr_line' id='line_1_40' title="bbox 104 2971 1660 3029; baseline -0.003 -12"><span class='ocrx_word' id='word_1_324' title='bbox 104 2975 269 3027; x_wconf 88' lang='lat' dir='ltr'>cepturi</span> <span class='ocrx_word' id='word_1_325' title='bbox 298 2975 507 3029; x_wconf 87' lang='lat' dir='ltr'>supplicia</span> <span class='ocrx_word' id='word_1_326' title='bbox 532 2989 610 3027; x_wconf 87' lang='lat' dir='ltr'>pro</span> <span class='ocrx_word' id='word_1_327' title='bbox 634 2972 795 3015; x_wconf 88' lang='lat' dir='ltr'>meritis</span> <span class='ocrx_word' id='word_1_328' title='bbox 821 2974 1114 3025; x_wconf 85' lang='lat' dir='ltr'>peccatorum;</span> <span class='ocrx_word' id='word_1_329' title='bbox 1139 2985 1225 3013; x_wconf 92' lang='lat' dir='ltr'>non</span> <span class='ocrx_word' id='word_1_330' title='bbox 1247 2971 1291 3012; x_wconf 91' lang='lat' dir='ltr'>in</span> <span class='ocrx_word' id='word_1_331' title='bbox 1317 2971 1457 3013; x_wconf 86' lang='lat' dir='ltr'>anima</span> <span class='ocrx_word' id='word_1_332' title='bbox 1480 2974 1660 3023; x_wconf 87' lang='lat' dir='ltr'>tantum,</span> 
     </span>
    </p>
   </div>
  </div>
 </body>
</html>
