1931 3224
236 146 313 187 298
815 146 1054 188 D1sPUTA'r10
1083 145 1215 186 XXX.

234 270 456 313 hominum
497 285 592 312 cum
631 270 799 312 Christo
838 269 1077 312 communio
1120 269 1359 323 colligatur,
1391 285 1441 312 ex
1468 269 1602 323 ipsius
1633 269 1790 312 Christi

236 343 362 384 effato
402 343 549 396 liquet,
590 357 673 395 quo
713 357 881 384 carnem
919 356 1039 382 suam
1069 355 1119 382 ex
1147 356 1191 382 se
1222 341 1381 394 absque
1411 340 1574 395 Spiritu
1603 355 1651 382 ac
1680 341 1789 383 veri-

234 416 323 456 tate
351 414 509 456 nemini
539 413 591 455 ad
619 414 800 455 salutem
836 412 1035 467 prodesse
1075 412 1236 464 asserit,
1275 412 1374 454 Joh.
1414 414 1452 464 6,
1490 413 1553 454 63.
1591 427 1668 454 nec
1705 427 1790 454 non

236 500 286 526 ex
337 485 591 527 limitatione
642 483 852 537 Apostoli,
898 498 981 536 qua
1033 498 1178 525 omnes
1229 483 1301 536 qui
1344 498 1438 525 cum
1482 482 1649 525 Christo
1692 486 1790 525 sunt

236 571 286 597 ex
328 571 411 598 uno
455 558 643 609 parente,
687 555 739 596 ad
777 569 848 595 eos
886 554 1108 608 restringit
1147 555 1219 607 qui
1257 556 1355 596 sunt
1392 554 1519 607 hujus
1556 554 1710 596 fratres
1746 555 1790 596 in

235 627 373 669 medio
415 627 642 679 Ecclesiae,
685 640 732 667 ao
774 625 896 678 pueri
938 625 1038 667 huic
1080 640 1104 667 a
1145 624 1238 667 Deo
1276 624 1403 667 Patre
1442 625 1541 678 dati,
1579 625 1710 667 Hebr.
1753 627 1788 678 2,

234 699 296 740 11.
328 699 389 740 12.
417 698 477 739 13.

287 769 420 811 XXX.
459 769 697 812 Secundum
735 769 1033 821 argumentum
1070 767 1250 808 sumitur
1289 782 1339 809 ex
1379 766 1533 809 Adami
1570 783 1790 822 compara-

234 840 349 882 tione
388 855 482 882 cum
516 838 696 891 Christo,
727 839 851 881 Rom.
881 840 916 891 5,
949 840 1012 880 12.
1046 838 1182 888 Quam
1213 840 1576 893 comparationem
1605 840 1658 882 ab
1685 841 1791 894 ipsis

232 926 455 967 perperam
482 911 669 964 intelligi
697 926 748 952 ex
771 911 866 965 ipsa
890 911 1111 964 utriusque
1135 911 1291 952 Adami
1316 912 1600 966 descriptione
1625 913 1792 955 ostendi

232 985 388 1037 potest.
425 981 550 1024 Prior
590 982 702 1024 enim
738 982 940 1035 Adamus,
973 981 1131 1024 Christi
1159 985 1302 1037 typus,
1330 985 1379 1024 ut
1408 986 1534 1038 caput
1563 986 1604 1026 et
1633 984 1790 1037 princi—

233 1055 352 1107 pium
394 1054 584 1096 omnium
626 1054 850 1096 hominum
891 1054 936 1095 in
979 1055 1165 1108 peccatis
1208 1057 1525 1108 conceptorum,
1567 1055 1790 1109 posterior,

232 1140 384 1179 nempe
414 1125 621 1178 Christus,
646 1128 693 1167 ut
718 1128 847 1179 caput
869 1125 1093 1168 hominum
1120 1125 1202 1167 fide
1228 1126 1560 1178 justificatorum
1588 1127 1641 1168 ab
1670 1127 1791 1181 Apo-

233 1196 345 1238 stolo
389 1196 599 1250 definitur,
642 1199 689 1238 ut
730 1197 891 1247 innuat,
929 1197 1085 1250 prioris
1124 1199 1346 1251 peccatum
1385 1198 1437 1239 ad
1476 1213 1620 1240 omnes
1656 1198 1792 1252 ipsius

233 1272 427 1323 posteros
464 1284 540 1323 per
578 1272 775 1311 naturam
813 1284 1080 1311 communem
1117 1284 1381 1324 promanare,
1412 1270 1662 1323 posterioris
1691 1284 1790 1312 vero

232 1341 484 1383 beneficium
528 1341 628 1383 solis
666 1341 933 1383 credentibus
973 1340 1025 1382 ab
1062 1340 1137 1382 illa
1176 1340 1389 1382 communi
1429 1343 1543 1383 sorte
1582 1340 1791 1396 exemptis

235 1428 311 1467 per
340 1413 522 1466 gratiam
552 1413 782 1466 specialem
811 1413 1126 1454 communicari.

285 1483 441 1526 XXXI.
472 1484 664 1526 Tertium
693 1486 992 1538 argumentum
1020 1483 1181 1538 petitur
1211 1498 1260 1525 ex
1291 1483 1644 1536 promissionibus
1668 1497 1792 1525 voca-

171 1601 173 1604 ,
233 1557 363 1599 tionis
392 1557 444 1598 ad
474 1556 703 1598 salutarem
732 1547 813 1598 Dei
842 1555 1143 1610 cognitionem,
1174 1555 1297 1608 signo
1322 1556 1446 1596 tenus
1470 1554 1791 1607 universalibus,

235 1628 378 1681 quales
417 1630 525 1681 sunt,
567 1627 757 1670 Omnes
795 1627 943 1669 docti
982 1628 1139 1668 erunt
1178 1641 1202 1666 a
1240 1625 1370 1678 Deo,
1411 1625 1510 1668 Joh.
1548 1626 1585 1678 6,
1613 1625 1677 1667 45.
1707 1625 1792 1668 Ef-

232 1699 450 1741 fundam
479 1714 538 1741 ex
568 1699 782 1754 Spiritu
810 1714 922 1741 meo
952 1700 1007 1741 in
1037 1713 1240 1741 omnem
1270 1713 1504 1747 carnem,
1534 1697 1631 1751 Act,
1662 1699 1696 1750 2,
1729 1699 1790 1740 17.

234 1772 275 1812 et
312 1770 481 1812 similes.
522 1770 614 1820 Quo
654 1770 986 1813 universalitatis
1025 1770 1161 1824 signo,
1203 1770 1416 1821 nimirum,
1457 1768 1667 1822 Omnes,
1706 1784 1791 1811 non

233 1842 403 1895 singula
440 1856 654 1896 generum,
694 1842 766 1883 sed
805 1856 960 1895 genera
998 1841 1265 1895 singulorum
1296 1841 1566 1892 denotantur,
1595 1842 1643 1881 ut
1671 1842 1791 1894 patet

233 1929 284 1955 ex
311 1913 423 1955 thesi
451 1914 514 1955 15.
547 1916 588 1956 et
616 1914 678 1955 26.
708 1928 785 1955 nec
813 1928 899 1955 non
929 1928 979 1955 ex
1010 1912 1258 1965 quotidiana
1288 1911 1560 1967 experientia,
1587 1913 1715 1964 atque
1741 1927 1790 1954 ex

228 1985 283 2027 iis
312 1984 464 2028 Sacrae
493 1984 738 2039 Scripturae
766 1985 883 2037 locis,
912 1985 956 2026 in
992 1984 1145 2038 quibus
1173 1999 1268 2036 vox,
1300 1983 1511 2035 Omnes,
1538 1983 1591 2024 ad
1617 1983 1790 2036 quosvis

232 2056 425 2098 homines
465 2055 736 2097 distributive
772 2057 965 2107 retertur,
1006 2056 1079 2109 qui
1118 2055 1276 2108 absque
1318 2055 1405 2097 ullo
1445 2054 1597 2109 gentis,
1638 2054 1790 2096 aetatis

232 2130 361 2180 atque
390 2142 512 2169 sexus
543 2127 783 2169 discrimine
814 2127 866 2168 ad
896 2127 1123 2177 salutarem
1151 2125 1271 2167 illam
1295 2125 1376 2167 Dei
1401 2125 1690 2179 cognitionem
1714 2140 1791 2179 per

231 2198 458 2252 Evangelii
505 2198 786 2240 ministerium
834 2201 1075 2251 evocantur,
1122 2201 1169 2239 ut
1215 2197 1339 2239 Rom.
1389 2198 1450 2240 14.
1499 2197 1611 2251 Eph.
1650 2199 1686 2250 2,
1726 2198 1789 2239 17.

231 2269 252 2311 Ι
281 2269 388 2311 Tim.
418 2271 453 2323 2,
485 2270 521 2311 1.
551 2270 576 2311 3
602 2270 639 2311 4.
670 2269 753 2322 Tit,
782 2270 818 2321 2,
849 2270 886 2310 2.
915 2270 953 2311 3.
982 2270 1019 2311 6.
1049 2270 1084 2310 9.
1115 2270 1177 2311 11.
1208 2273 1285 2312 etc.

286 2340 464 2383 XXXII.
504 2341 656 2383 Modus
684 2341 921 2383 vocationis
952 2342 1148 2396 opposite
1178 2341 1468 2384 consideratus
1497 2341 1540 2382 in
1571 2344 1791 2383 externum

234 2415 276 2454 et
303 2413 515 2455 internum
546 2411 832 2467 distinguitur.
862 2412 939 2455 Ille
968 2413 1070 2455 foris
1100 2429 1175 2467 per
1203 2413 1322 2456 verbi
1351 2415 1392 2455 et
1421 2413 1790 2456 Sacramentorum

233 2484 660 2538 administrationem,
703 2485 773 2527 hic
814 2485 928 2527 intus
970 2500 1045 2539 per
1087 2485 1381 2540 operationem
1421 2484 1607 2539 Spiritus
1645 2484 1791 2528 Sancti

232 2556 464 2610 peragitur.

285 2629 484 2673 XXXIII.
522 2630 623 2674 Non
660 2646 828 2686 semper
865 2631 982 2673 Deus
1011 2634 1240 2684 utrumque
1269 2628 1506 2672 vocationis
1533 2628 1707 2671 modum
1737 2630 1789 2671 ad

232 2702 454 2745 hominum
491 2703 809 2745 conversionem
847 2703 928 2744 sibi
965 2702 1214 2756 possibilem
1253 2701 1439 2754 adhibet,
1478 2700 1550 2743 sed
1583 2700 1789 2754 quosdam

232 2775 401 2817 interno
439 2778 607 2818 tantum
645 2776 831 2830 Spiritus
869 2775 1014 2818 Sancti
1050 2775 1208 2817 lumine
1245 2790 1293 2817 ac
1329 2773 1501 2816 numine
1529 2773 1689 2826 absque
1719 2788 1789 2815 ex-

232 2848 355 2888 terno
394 2848 513 2889 verbi
552 2848 617 2889 sui
652 2847 888 2890 ministerio
929 2846 981 2888 ad
1018 2861 1061 2888 se
1100 2848 1235 2888 vocat.
1266 2845 1347 2895 Qui
1374 2844 1609 2887 vocationis
1638 2844 1788 2886 modus

234 2933 311 2972 per
349 2933 391 2960 se
431 2918 599 2971 quidem
638 2922 700 2961 est
738 2919 790 2960 ad
828 2918 1010 2960 salutem
1047 2917 1272 2969 sufficiens,
1301 2917 1373 2959 sed
1401 2930 1520 2958 rarus
1547 2915 1787 2968 admodum,

235 2991 604 3043 extraordinarius,
633 2991 841 3043 nobisque
868 2988 1122 3042 incognitus.
