<?xml version="1.0" encoding="UTF-8"?>
<!DOCTYPE html PUBLIC "-//W3C//DTD XHTML 1.0 Transitional//EN"
    "http://www.w3.org/TR/xhtml1/DTD/xhtml1-transitional.dtd">
<html xmlns="http://www.w3.org/1999/xhtml" xml:lang="en" lang="en">
 <head>
  <title>
</title>
<meta http-equiv="Content-Type" content="text/html;charset=utf-8" />
  <meta name='ocr-system' content='tesseract 3.04.00' />
  <meta name='ocr-capabilities' content='ocr_page ocr_carea ocr_par ocr_line ocrx_word'/>
</head>
<body>
  <div class='ocr_page' id='page_1' title='image "./synopsispurioris00poly_0453.png"; bbox 0 0 1931 3224; ppageno 0'>
   <div class='ocr_carea' id='block_1_1' title="bbox 718 146 1646 191">
    <p class='ocr_par' dir='ltr' id='par_1_1' title="bbox 718 146 1646 191">
     <span class='ocr_line' id='line_1_1' title="bbox 718 146 1646 191; baseline -0.005 0"><span class='ocrx_word' id='word_1_1' title='bbox 718 148 782 191; x_wconf 73' lang='lat' dir='ltr'>Di:</span> <span class='ocrx_word' id='word_1_2' title='bbox 813 147 1022 191; x_wconf 67' lang='lat' dir='ltr'>Ecctsssm.</span> <span class='ocrx_word' id='word_1_3' title='bbox 1568 146 1646 186; x_wconf 74' lang='lat'><strong>4:33</strong></span> 
     </span>
    </p>
   </div>
   <div class='ocr_carea' id='block_1_2' title="bbox 87 269 1699 2963">
    <p class='ocr_par' dir='ltr' id='par_1_2' title="bbox 87 269 1648 599">
     <span class='ocr_line' id='line_1_2' title="bbox 138 269 1646 325; baseline -0.004 -10"><span class='ocrx_word' id='word_1_4' title='bbox 138 273 194 315; x_wconf 90' lang='grc' dir='ltr'>ΙΙ.</span> <span class='ocrx_word' id='word_1_5' title='bbox 231 272 324 316; x_wconf 89' lang='lat' dir='ltr'>Nos</span> <span class='ocrx_word' id='word_1_6' title='bbox 361 288 461 315; x_wconf 84' lang='lat' dir='ltr'>vero</span> <span class='ocrx_word' id='word_1_7' title='bbox 502 273 572 315; x_wconf 91' lang='lat' dir='ltr'>hic</span> <span class='ocrx_word' id='word_1_8' title='bbox 612 287 757 315; x_wconf 87' lang='lat' dir='ltr'>vocem</span> <span class='ocrx_word' id='word_1_9' title='bbox 797 273 1013 317; x_wconf 79' lang='lat' dir='ltr'>Ecclesiae</span> <span class='ocrx_word' id='word_1_10' title='bbox 1053 272 1269 323; x_wconf 79' lang='lat' dir='ltr'>sumimus,</span> <span class='ocrx_word' id='word_1_11' title='bbox 1307 285 1386 325; x_wconf 90' lang='lat' dir='ltr'>pro</span> <span class='ocrx_word' id='word_1_12' title='bbox 1427 272 1551 311; x_wconf 91' lang='lat' dir='ltr'>coetu</span> <span class='ocrx_word' id='word_1_13' title='bbox 1579 269 1646 310; x_wconf 86' lang='lat' dir='ltr'>vel</span> 
     </span>
     <span class='ocr_line' id='line_1_3' title="bbox 88 341 1647 398; baseline -0.003 -12"><span class='ocrx_word' id='word_1_14' title='bbox 88 347 297 386; x_wconf 87' lang='lat' dir='ltr'>conventu</span> <span class='ocrx_word' id='word_1_15' title='bbox 326 358 457 396; x_wconf 88' lang='lat' dir='ltr'>sacro,</span> <span class='ocrx_word' id='word_1_16' title='bbox 487 347 617 398; x_wconf 90' lang='lat' dir='ltr'>prout</span> <span class='ocrx_word' id='word_1_17' title='bbox 644 345 754 386; x_wconf 91' lang='lat' dir='ltr'>inter</span> <span class='ocrx_word' id='word_1_18' title='bbox 783 344 1047 386; x_wconf 70' lang='lat' dir='ltr'>Christianos</span> <span class='ocrx_word' id='word_1_19' title='bbox 1075 346 1307 397; x_wconf 88' lang='lat' dir='ltr'>receptum.</span> <span class='ocrx_word' id='word_1_20' title='bbox 1337 341 1528 384; x_wconf 81' lang='lat' dir='ltr'>Sumitur</span> <span class='ocrx_word' id='word_1_21' title='bbox 1553 341 1647 393; x_wconf 85' lang='lat' dir='ltr'>qui-</span> 
     </span>
     <span class='ocr_line' id='line_1_4' title="bbox 88 411 1647 469; baseline -0.003 -13"><span class='ocrx_word' id='word_1_22' title='bbox 88 416 183 457; x_wconf 88' lang='lat' dir='ltr'>dem</span> <span class='ocrx_word' id='word_1_23' title='bbox 221 416 448 468; x_wconf 87' lang='lat' dir='ltr'>aliquando</span> <span class='ocrx_word' id='word_1_24' title='bbox 478 416 531 456; x_wconf 89' lang='lat' dir='ltr'>ab</span> <span class='ocrx_word' id='word_1_25' title='bbox 559 415 709 457; x_wconf 88' lang='lat' dir='ltr'>iisdem</span> <span class='ocrx_word' id='word_1_26' title='bbox 738 431 817 469; x_wconf 87' lang='lat' dir='ltr'>pro</span> <span class='ocrx_word' id='word_1_27' title='bbox 846 416 951 468; x_wconf 90' lang='lat' dir='ltr'>loco,</span> <span class='ocrx_word' id='word_1_28' title='bbox 983 417 1027 457; x_wconf 91' lang='lat' dir='ltr'>in</span> <span class='ocrx_word' id='word_1_29' title='bbox 1058 430 1141 468; x_wconf 89' lang='lat' dir='ltr'>quo</span> <span class='ocrx_word' id='word_1_30' title='bbox 1173 416 1404 457; x_wconf 84' lang='lat' dir='ltr'>conventus</span> <span class='ocrx_word' id='word_1_31' title='bbox 1433 411 1541 455; x_wconf 87' lang='lat' dir='ltr'>sacri</span> <span class='ocrx_word' id='word_1_32' title='bbox 1569 411 1647 452; x_wconf 89' lang='lat' dir='ltr'>ha-</span> 
     </span>
     <span class='ocr_line' id='line_1_5' title="bbox 87 485 1648 541; baseline -0.002 -13"><span class='ocrx_word' id='word_1_33' title='bbox 87 486 252 538; x_wconf 86' lang='lat' dir='ltr'>bentur,</span> <span class='ocrx_word' id='word_1_34' title='bbox 291 486 365 528; x_wconf 91' lang='lat' dir='ltr'>sed</span> <span class='ocrx_word' id='word_1_35' title='bbox 397 485 522 539; x_wconf 87' lang='lat' dir='ltr'>hujus</span> <span class='ocrx_word' id='word_1_36' title='bbox 553 486 879 540; x_wconf 88' lang='lat' dir='ltr'>significationis</span> <span class='ocrx_word' id='word_1_37' title='bbox 908 486 1100 541; x_wconf 87' lang='lat' dir='ltr'>exempla</span> <span class='ocrx_word' id='word_1_38' title='bbox 1128 486 1172 528; x_wconf 90' lang='lat' dir='ltr'>in</span> <span class='ocrx_word' id='word_1_39' title='bbox 1201 485 1432 539; x_wconf 81' lang='lat' dir='ltr'>Scripturis</span> <span class='ocrx_word' id='word_1_40' title='bbox 1461 499 1546 526; x_wconf 91' lang='lat' dir='ltr'>non</span> <span class='ocrx_word' id='word_1_41' title='bbox 1578 499 1648 525; x_wconf 91' lang='lat' dir='ltr'>ex-</span> 
     </span>
     <span class='ocr_line' id='line_1_6' title="bbox 89 559 217 599; baseline -0.008 0"><span class='ocrx_word' id='word_1_42' title='bbox 89 559 217 599; x_wconf 85' lang='lat' dir='ltr'>stant.</span> 
     </span>
    </p>

    <p class='ocr_par' dir='ltr' id='par_1_3' title="bbox 88 626 1646 883">
     <span class='ocr_line' id='line_1_7' title="bbox 141 626 1644 681; baseline 0 -13"><span class='ocrx_word' id='word_1_43' title='bbox 141 626 216 669; x_wconf 92' lang='lat' dir='ltr'><strong>III.</strong></span> <span class='ocrx_word' id='word_1_44' title='bbox 245 626 458 669; x_wconf 89' lang='lat' dir='ltr'>Definitur</span> <span class='ocrx_word' id='word_1_45' title='bbox 487 628 677 681; x_wconf 89' lang='lat' dir='ltr'>generali</span> <span class='ocrx_word' id='word_1_46' title='bbox 706 644 780 670; x_wconf 89' lang='lat' dir='ltr'>sua</span> <span class='ocrx_word' id='word_1_47' title='bbox 809 630 995 681; x_wconf 91' lang='lat' dir='ltr'>notione,</span> <span class='ocrx_word' id='word_1_48' title='bbox 1028 632 1172 671; x_wconf 87' lang='lat' dir='ltr'>coetus</span> <span class='ocrx_word' id='word_1_49' title='bbox 1204 643 1362 680; x_wconf 89' lang='lat' dir='ltr'>eorum,</span> <span class='ocrx_word' id='word_1_50' title='bbox 1394 642 1499 680; x_wconf 85' lang='lat' dir='ltr'>quos</span> <span class='ocrx_word' id='word_1_51' title='bbox 1529 627 1644 669; x_wconf 91' lang='lat' dir='ltr'>Deus</span> 
     </span>
     <span class='ocr_line' id='line_1_8' title="bbox 89 699 1646 752; baseline 0 -13"><span class='ocrx_word' id='word_1_52' title='bbox 89 713 165 752; x_wconf 89' lang='lat' dir='ltr'>per</span> <span class='ocrx_word' id='word_1_53' title='bbox 207 699 390 752; x_wconf 88' lang='lat' dir='ltr'>gratiam</span> <span class='ocrx_word' id='word_1_54' title='bbox 432 713 551 740; x_wconf 89' lang='lat' dir='ltr'>suam</span> <span class='ocrx_word' id='word_1_55' title='bbox 589 702 738 741; x_wconf 84' lang='lat' dir='ltr'>evocat</span> <span class='ocrx_word' id='word_1_56' title='bbox 778 715 799 741; x_wconf 92' lang='lat' dir='ltr'>e</span> <span class='ocrx_word' id='word_1_57' title='bbox 838 703 953 741; x_wconf 86' lang='lat' dir='ltr'>statu</span> <span class='ocrx_word' id='word_1_58' title='bbox 990 703 1179 752; x_wconf 89' lang='lat' dir='ltr'>naturae,</span> <span class='ocrx_word' id='word_1_59' title='bbox 1218 701 1263 741; x_wconf 92' lang='lat' dir='ltr'>in</span> <span class='ocrx_word' id='word_1_60' title='bbox 1301 701 1461 741; x_wconf 88' lang='lat' dir='ltr'>statum</span> <span class='ocrx_word' id='word_1_61' title='bbox 1498 713 1646 751; x_wconf 88' lang='lat' dir='ltr'>super-</span> 
     </span>
     <span class='ocr_line' id='line_1_9' title="bbox 88 769 1646 824; baseline 0 -13"><span class='ocrx_word' id='word_1_62' title='bbox 88 769 328 812; x_wconf 71' lang='lat' dir='ltr'><strong>naturalem</strong></span> <span class='ocrx_word' id='word_1_63' title='bbox 364 769 549 812; x_wconf 89' lang='lat' dir='ltr'>filiorum</span> <span class='ocrx_word' id='word_1_64' title='bbox 586 769 666 812; x_wconf 90' lang='lat' dir='ltr'>Dei</span> <span class='ocrx_word' id='word_1_65' title='bbox 705 770 757 812; x_wconf 91' lang='lat' dir='ltr'>ad</span> <span class='ocrx_word' id='word_1_66' title='bbox 796 771 1202 813; x_wconf 65' lang='lat' dir='ltr'>demonstrationem</span> <span class='ocrx_word' id='word_1_67' title='bbox 1241 771 1451 824; x_wconf 84' lang='lat' dir='ltr'>gloriosae</span> <span class='ocrx_word' id='word_1_68' title='bbox 1482 770 1646 812; x_wconf 85' lang='lat' dir='ltr'>miseri-</span> 
     </span>
     <span class='ocr_line' id='line_1_10' title="bbox 91 841 396 883; baseline -0.003 0"><span class='ocrx_word' id='word_1_69' title='bbox 91 841 257 883; x_wconf 78' lang='lat' dir='ltr'>cordiae</span> <span class='ocrx_word' id='word_1_70' title='bbox 286 856 396 883; x_wconf 89' lang='lat' dir='ltr'>suae.</span> 
     </span>
    </p>

    <p class='ocr_par' dir='ltr' id='par_1_4' title="bbox 89 911 1654 1321">
     <span class='ocr_line' id='line_1_11' title="bbox 142 911 1649 966; baseline -0.001 -12"><span class='ocrx_word' id='word_1_71' title='bbox 142 911 215 954; x_wconf 86' lang='lat' dir='ltr'>IV.</span> <span class='ocrx_word' id='word_1_72' title='bbox 253 912 391 954; x_wconf 87' lang='lat' dir='ltr'>Deum</span> <span class='ocrx_word' id='word_1_73' title='bbox 431 927 520 954; x_wconf 88' lang='lat' dir='ltr'>esse</span> <span class='ocrx_word' id='word_1_74' title='bbox 557 912 683 965; x_wconf 88' lang='lat' dir='ltr'>hujus</span> <span class='ocrx_word' id='word_1_75' title='bbox 713 911 963 954; x_wconf 83' lang='lat' dir='ltr'>Vocationis</span> <span class='ocrx_word' id='word_1_76' title='bbox 993 915 1210 955; x_wconf 87' lang='lat' dir='ltr'>auctorem</span> <span class='ocrx_word' id='word_1_77' title='bbox 1235 913 1498 966; x_wconf 85' lang='lat' dir='ltr'>primarium,</span> <span class='ocrx_word' id='word_1_78' title='bbox 1531 914 1649 954; x_wconf 83' lang='lat' dir='ltr'>extra</span> 
     </span>
     <span class='ocr_line' id='line_1_12' title="bbox 91 983 1648 1037; baseline 0 -12"><span class='ocrx_word' id='word_1_79' title='bbox 91 984 423 1026; x_wconf 89' lang='lat' dir='ltr'>controversiam</span> <span class='ocrx_word' id='word_1_80' title='bbox 462 986 523 1025; x_wconf 89' lang='lat' dir='ltr'>est</span> <span class='ocrx_word' id='word_1_81' title='bbox 559 984 604 1025; x_wconf 92' lang='lat' dir='ltr'>in</span> <span class='ocrx_word' id='word_1_82' title='bbox 642 983 833 1026; x_wconf 84' lang='lat' dir='ltr'>Ecclesia</span> <span class='ocrx_word' id='word_1_83' title='bbox 872 983 1051 1034; x_wconf 76' lang='lat' dir='ltr'>Christi3</span> <span class='ocrx_word' id='word_1_84' title='bbox 1077 987 1124 1025; x_wconf 91' lang='lat' dir='ltr'>ut</span> <span class='ocrx_word' id='word_1_85' title='bbox 1155 985 1228 1037; x_wconf 85' lang='lat' dir='ltr'>qui</span> <span class='ocrx_word' id='word_1_86' title='bbox 1258 984 1370 1025; x_wconf 87' lang='lat' dir='ltr'>solus</span> <span class='ocrx_word' id='word_1_87' title='bbox 1401 986 1545 1037; x_wconf 86' lang='lat' dir='ltr'>potest</span> <span class='ocrx_word' id='word_1_88' title='bbox 1574 984 1648 1025; x_wconf 92' lang='lat' dir='ltr'>do-</span> 
     </span>
     <span class='ocr_line' id='line_1_13' title="bbox 89 1055 1650 1108; baseline 0.001 -13"><span class='ocrx_word' id='word_1_89' title='bbox 89 1069 190 1096; x_wconf 88' lang='lat' dir='ltr'>nare</span> <span class='ocrx_word' id='word_1_90' title='bbox 218 1055 403 1108; x_wconf 87' lang='lat' dir='ltr'>gratiam</span> <span class='ocrx_word' id='word_1_91' title='bbox 431 1055 483 1096; x_wconf 89' lang='lat' dir='ltr'>ad</span> <span class='ocrx_word' id='word_1_92' title='bbox 512 1069 641 1107; x_wconf 87' lang='lat' dir='ltr'>quam</span> <span class='ocrx_word' id='word_1_93' title='bbox 669 1058 807 1107; x_wconf 87' lang='lat' dir='ltr'>vocat,</span> <span class='ocrx_word' id='word_1_94' title='bbox 838 1057 880 1097; x_wconf 88' lang='lat' dir='ltr'>et</span> <span class='ocrx_word' id='word_1_95' title='bbox 910 1056 1105 1097; x_wconf 86' lang='lat' dir='ltr'>ordinare</span> <span class='ocrx_word' id='word_1_96' title='bbox 1135 1057 1286 1107; x_wconf 89' lang='lat' dir='ltr'>media,</span> <span class='ocrx_word' id='word_1_97' title='bbox 1311 1071 1388 1108; x_wconf 89' lang='lat' dir='ltr'>per</span> <span class='ocrx_word' id='word_1_98' title='bbox 1414 1071 1521 1108; x_wconf 86' lang='lat' dir='ltr'>quae</span> <span class='ocrx_word' id='word_1_99' title='bbox 1546 1055 1650 1097; x_wconf 86' lang='lat' dir='ltr'>haec</span> 
     </span>
     <span class='ocr_line' id='line_1_14' title="bbox 89 1125 1652 1181; baseline 0.001 -14"><span class='ocrx_word' id='word_1_100' title='bbox 89 1125 257 1168; x_wconf 85' lang='lat' dir='ltr'>vocatio</span> <span class='ocrx_word' id='word_1_101' title='bbox 296 1128 359 1167; x_wconf 89' lang='lat' dir='ltr'>est</span> <span class='ocrx_word' id='word_1_102' title='bbox 395 1126 668 1178; x_wconf 85' lang='lat' dir='ltr'>instituenda,</span> <span class='ocrx_word' id='word_1_103' title='bbox 709 1126 834 1168; x_wconf 91' lang='lat' dir='ltr'>sicuti</span> <span class='ocrx_word' id='word_1_104' title='bbox 871 1127 1107 1181; x_wconf 73' lang='lat' dir='ltr'>Apostolus</span> <span class='ocrx_word' id='word_1_105' title='bbox 1146 1127 1336 1180; x_wconf 90' lang='lat' dir='ltr'>loquitur</span> <span class='ocrx_word' id='word_1_106' title='bbox 1375 1126 1506 1169; x_wconf 89' lang='lat' dir='ltr'>Hebr.</span> <span class='ocrx_word' id='word_1_107' title='bbox 1546 1128 1583 1178; x_wconf 80' lang='lat'>3,</span> <span class='ocrx_word' id='word_1_108' title='bbox 1612 1127 1652 1168; x_wconf 76' lang='lat'>4.</span> 
     </span>
     <span class='ocr_line' id='line_1_15' title="bbox 92 1196 1654 1251; baseline 0 -13"><span class='ocrx_word' id='word_1_109' title='bbox 92 1196 276 1239; x_wconf 89' lang='lat' dir='ltr'>Omnis</span> <span class='ocrx_word' id='word_1_110' title='bbox 329 1197 514 1238; x_wconf 91' lang='lat' dir='ltr'>domus</span> <span class='ocrx_word' id='word_1_111' title='bbox 567 1197 628 1239; x_wconf 89' lang='lat' dir='ltr'>ab</span> <span class='ocrx_word' id='word_1_112' title='bbox 682 1197 870 1250; x_wconf 84' lang='lat' dir='ltr'>aliquo</span> <span class='ocrx_word' id='word_1_113' title='bbox 914 1198 1310 1250; x_wconf 78' lang='lat' dir='ltr'>constituitur,</span> <span class='ocrx_word' id='word_1_114' title='bbox 1352 1212 1518 1251; x_wconf 86' lang='lat' dir='ltr'>porro</span> <span class='ocrx_word' id='word_1_115' title='bbox 1563 1199 1654 1250; x_wconf 87' lang='lat' dir='ltr'>qui</span> 
     </span>
     <span class='ocr_line' id='line_1_16' title="bbox 93 1268 1653 1321; baseline 0 -11"><span class='ocrx_word' id='word_1_116' title='bbox 93 1268 344 1310; x_wconf 82' lang='lat' dir='ltr'>condidit</span> <span class='ocrx_word' id='word_1_117' title='bbox 370 1268 547 1310; x_wconf 89' lang='lat' dir='ltr'>omnia</span> <span class='ocrx_word' id='word_1_118' title='bbox 562 1268 715 1321; x_wconf 89' lang='lat' dir='ltr'>haec,</span> <span class='ocrx_word' id='word_1_119' title='bbox 740 1269 917 1321; x_wconf 85' lang='lat' dir='ltr'>loquens</span> <span class='ocrx_word' id='word_1_120' title='bbox 934 1270 983 1311; x_wconf 89' lang='lat' dir='ltr'>de</span> <span class='ocrx_word' id='word_1_121' title='bbox 999 1269 1192 1311; x_wconf 82' lang='lat' dir='ltr'>Ecclesia</span> <span class='ocrx_word' id='word_1_122' title='bbox 1208 1269 1379 1321; x_wconf 86' lang='lat' dir='ltr'>Christi,</span> <span class='ocrx_word' id='word_1_123' title='bbox 1397 1272 1478 1311; x_wconf 91' lang='lat' dir='ltr'>est</span> <span class='ocrx_word' id='word_1_124' title='bbox 1498 1269 1536 1311; x_wconf 91' lang='lat' dir='ltr'>D</span> <span class='ocrx_word' id='word_1_125' title='bbox 1551 1284 1611 1310; x_wconf 89' lang='grc'>611</span> <span class='ocrx_word' id='word_1_126' title='bbox 1622 1284 1653 1311; x_wconf 74' lang='lat' dir='ltr'>s</span> 
     </span>
    </p>

    <p class='ocr_par' dir='ltr' id='par_1_5' title="bbox 92 1339 1654 1750">
     <span class='ocr_line' id='line_1_17' title="bbox 145 1339 1654 1393; baseline 0 -11"><span class='ocrx_word' id='word_1_127' title='bbox 145 1339 197 1382; x_wconf 87' lang='lat' dir='ltr'>V.</span> <span class='ocrx_word' id='word_1_128' title='bbox 235 1339 417 1381; x_wconf 85' lang='lat' dir='ltr'>Materia</span> <span class='ocrx_word' id='word_1_129' title='bbox 454 1355 528 1381; x_wconf 91' lang='lat' dir='ltr'>seu</span> <span class='ocrx_word' id='word_1_130' title='bbox 567 1340 781 1393; x_wconf 88' lang='lat' dir='ltr'>objectum</span> <span class='ocrx_word' id='word_1_131' title='bbox 819 1340 946 1393; x_wconf 85' lang='lat' dir='ltr'>hujus</span> <span class='ocrx_word' id='word_1_132' title='bbox 976 1340 1239 1390; x_wconf 75' lang='lat' dir='ltr'>Vocaffionis,</span> <span class='ocrx_word' id='word_1_133' title='bbox 1269 1344 1367 1382; x_wconf 88' lang='lat' dir='ltr'>sunt</span> <span class='ocrx_word' id='word_1_134' title='bbox 1396 1341 1510 1382; x_wconf 88' lang='lat' dir='ltr'>solae</span> <span class='ocrx_word' id='word_1_135' title='bbox 1539 1356 1654 1382; x_wconf 83' lang='lat' dir='ltr'>crea-</span> 
     </span>
     <span class='ocr_line' id='line_1_18' title="bbox 94 1411 1653 1466; baseline 0.001 -14"><span class='ocrx_word' id='word_1_136' title='bbox 94 1414 214 1453; x_wconf 86' lang='lat' dir='ltr'>turae</span> <span class='ocrx_word' id='word_1_137' title='bbox 258 1411 310 1452; x_wconf 90' lang='lat' dir='ltr'>ad</span> <span class='ocrx_word' id='word_1_138' title='bbox 352 1411 582 1464; x_wconf 82' lang='lat' dir='ltr'>imaginem</span> <span class='ocrx_word' id='word_1_139' title='bbox 619 1412 700 1453; x_wconf 90' lang='lat' dir='ltr'>Dei</span> <span class='ocrx_word' id='word_1_140' title='bbox 738 1413 946 1464; x_wconf 89' lang='lat' dir='ltr'>conditae,</span> <span class='ocrx_word' id='word_1_141' title='bbox 984 1427 1136 1466; x_wconf 87' lang='lat' dir='ltr'>nempe</span> <span class='ocrx_word' id='word_1_142' title='bbox 1175 1412 1333 1466; x_wconf 89' lang='lat' dir='ltr'>Angeli</span> <span class='ocrx_word' id='word_1_143' title='bbox 1370 1416 1411 1454; x_wconf 94' lang='lat' dir='ltr'>et</span> <span class='ocrx_word' id='word_1_144' title='bbox 1448 1413 1653 1454; x_wconf 85' lang='lat' dir='ltr'>homines.</span> 
     </span>
     <span class='ocr_line' id='line_1_19' title="bbox 92 1481 1654 1537; baseline 0.001 -14"><span class='ocrx_word' id='word_1_145' title='bbox 92 1481 207 1524; x_wconf 88' lang='lat' dir='ltr'>Nam</span> <span class='ocrx_word' id='word_1_146' title='bbox 244 1482 344 1524; x_wconf 86' lang='lat' dir='ltr'>licet</span> <span class='ocrx_word' id='word_1_147' title='bbox 383 1482 498 1524; x_wconf 84' lang='lat' dir='ltr'>Deus</span> <span class='ocrx_word' id='word_1_148' title='bbox 537 1498 587 1524; x_wconf 90' lang='lat' dir='ltr'>ex</span> <span class='ocrx_word' id='word_1_149' title='bbox 623 1483 838 1536; x_wconf 85' lang='lat' dir='ltr'>lapidibus</span> <span class='ocrx_word' id='word_1_150' title='bbox 875 1483 1010 1537; x_wconf 84' lang='lat' dir='ltr'>possit</span> <span class='ocrx_word' id='word_1_151' title='bbox 1047 1483 1185 1525; x_wconf 84' lang='lat' dir='ltr'>facere</span> <span class='ocrx_word' id='word_1_152' title='bbox 1221 1483 1334 1525; x_wconf 91' lang='lat' dir='ltr'>filios</span> <span class='ocrx_word' id='word_1_153' title='bbox 1363 1483 1578 1535; x_wconf 80' lang='lat' dir='ltr'>Abrahae,</span> <span class='ocrx_word' id='word_1_154' title='bbox 1606 1486 1654 1524; x_wconf 91' lang='lat' dir='ltr'>ut</span> 
     </span>
     <span class='ocr_line' id='line_1_20' title="bbox 93 1554 1654 1608; baseline -0.001 -12"><span class='ocrx_word' id='word_1_155' title='bbox 93 1554 285 1596; x_wconf 91' lang='lat' dir='ltr'>Christus</span> <span class='ocrx_word' id='word_1_156' title='bbox 323 1555 516 1608; x_wconf 88' lang='lat' dir='ltr'>loquitur</span> <span class='ocrx_word' id='word_1_157' title='bbox 553 1555 709 1596; x_wconf 89' lang='lat' dir='ltr'>Matth.</span> <span class='ocrx_word' id='word_1_158' title='bbox 746 1557 784 1607; x_wconf 80' lang='lat'>3,</span> <span class='ocrx_word' id='word_1_159' title='bbox 822 1556 859 1596; x_wconf 84' lang='lat'>9.</span> <span class='ocrx_word' id='word_1_160' title='bbox 897 1558 1040 1596; x_wconf 90' lang='lat' dir='ltr'>tamen</span> <span class='ocrx_word' id='word_1_161' title='bbox 1080 1558 1296 1597; x_wconf 84' lang='lat' dir='ltr'>creaturae</span> <span class='ocrx_word' id='word_1_162' title='bbox 1335 1555 1387 1596; x_wconf 89' lang='lat' dir='ltr'>ad</span> <span class='ocrx_word' id='word_1_163' title='bbox 1423 1555 1654 1608; x_wconf 85' lang='lat' dir='ltr'>imaginem</span> 
     </span>
     <span class='ocr_line' id='line_1_21' title="bbox 93 1624 1654 1678; baseline -0.001 -11"><span class='ocrx_word' id='word_1_164' title='bbox 93 1625 175 1667; x_wconf 87' lang='lat' dir='ltr'>Dei</span> <span class='ocrx_word' id='word_1_165' title='bbox 215 1626 421 1677; x_wconf 85' lang='lat' dir='ltr'>conditae,</span> <span class='ocrx_word' id='word_1_166' title='bbox 459 1626 608 1667; x_wconf 89' lang='lat' dir='ltr'>beatae</span> <span class='ocrx_word' id='word_1_167' title='bbox 645 1625 982 1667; x_wconf 86' lang='lat' dir='ltr'>immortalitatis</span> <span class='ocrx_word' id='word_1_168' title='bbox 1020 1640 1067 1666; x_wconf 88' lang='lat' dir='ltr'>ac</span> <span class='ocrx_word' id='word_1_169' title='bbox 1105 1625 1298 1666; x_wconf 89' lang='lat' dir='ltr'>coelestis</span> <span class='ocrx_word' id='word_1_170' title='bbox 1328 1624 1547 1666; x_wconf 81' lang='lat' dir='ltr'>felicitatis</span> <span class='ocrx_word' id='word_1_171' title='bbox 1577 1640 1654 1678; x_wconf 86' lang='lat' dir='ltr'>per</span> 
     </span>
     <span class='ocr_line' id='line_1_22' title="bbox 95 1697 979 1750; baseline -0.001 -12"><span class='ocrx_word' id='word_1_172' title='bbox 95 1712 139 1738; x_wconf 91' lang='lat' dir='ltr'>se</span> <span class='ocrx_word' id='word_1_173' title='bbox 167 1712 215 1738; x_wconf 86' lang='lat' dir='ltr'>ac</span> <span class='ocrx_word' id='word_1_174' title='bbox 244 1697 438 1750; x_wconf 86' lang='lat' dir='ltr'>proxime</span> <span class='ocrx_word' id='word_1_175' title='bbox 466 1699 635 1738; x_wconf 78' lang='lat' dir='ltr'>tantuin</span> <span class='ocrx_word' id='word_1_176' title='bbox 664 1711 839 1749; x_wconf 85' lang='lat' dir='ltr'>capaces</span> <span class='ocrx_word' id='word_1_177' title='bbox 869 1698 979 1737; x_wconf 88' lang='lat' dir='ltr'>sunt.</span> 
     </span>
    </p>

    <p class='ocr_par' dir='ltr' id='par_1_6' title="bbox 92 1767 1661 2677">
     <span class='ocr_line' id='line_1_23' title="bbox 146 1767 1649 1821; baseline 0.001 -13"><span class='ocrx_word' id='word_1_178' title='bbox 146 1767 219 1809; x_wconf 88' lang='lat' dir='ltr'>VI.</span> <span class='ocrx_word' id='word_1_179' title='bbox 249 1767 314 1809; x_wconf 93' lang='lat' dir='ltr'>De</span> <span class='ocrx_word' id='word_1_180' title='bbox 343 1768 607 1821; x_wconf 85' lang='lat' dir='ltr'>Angelorum</span> <span class='ocrx_word' id='word_1_181' title='bbox 637 1767 901 1820; x_wconf 90' lang='lat' dir='ltr'>quorundam</span> <span class='ocrx_word' id='word_1_182' title='bbox 930 1769 1177 1809; x_wconf 86' lang='lat' dir='ltr'>evocatione</span> <span class='ocrx_word' id='word_1_183' title='bbox 1208 1783 1259 1809; x_wconf 83' lang='lat' dir='ltr'>ex</span> <span class='ocrx_word' id='word_1_184' title='bbox 1287 1770 1402 1809; x_wconf 88' lang='lat' dir='ltr'>statu</span> <span class='ocrx_word' id='word_1_185' title='bbox 1431 1768 1649 1809; x_wconf 85' lang='lat' dir='ltr'>mutabilis</span> 
     </span>
     <span class='ocr_line' id='line_1_24' title="bbox 92 1839 1654 1892; baseline -0.001 -11"><span class='ocrx_word' id='word_1_186' title='bbox 92 1841 283 1891; x_wconf 86' lang='lat' dir='ltr'>naturae,</span> <span class='ocrx_word' id='word_1_187' title='bbox 315 1840 368 1880; x_wconf 89' lang='lat' dir='ltr'>ad</span> <span class='ocrx_word' id='word_1_188' title='bbox 396 1841 555 1880; x_wconf 89' lang='lat' dir='ltr'>statum</span> <span class='ocrx_word' id='word_1_189' title='bbox 583 1839 895 1880; x_wconf 84' lang='lat' dir='ltr'>immutabilem</span> <span class='ocrx_word' id='word_1_190' title='bbox 925 1839 1137 1892; x_wconf 87' lang='lat' dir='ltr'>gloriosae</span> <span class='ocrx_word' id='word_1_191' title='bbox 1168 1839 1344 1892; x_wconf 87' lang='lat' dir='ltr'>gratiae,</span> <span class='ocrx_word' id='word_1_192' title='bbox 1371 1854 1507 1892; x_wconf 87' lang='lat' dir='ltr'>pauca</span> <span class='ocrx_word' id='word_1_193' title='bbox 1531 1839 1654 1880; x_wconf 88' lang='lat' dir='ltr'>nobis</span> 
     </span>
     <span class='ocr_line' id='line_1_25' title="bbox 93 1909 1655 1964; baseline -0.001 -12"><span class='ocrx_word' id='word_1_194' title='bbox 93 1911 138 1952; x_wconf 90' lang='lat' dir='ltr'>in</span> <span class='ocrx_word' id='word_1_195' title='bbox 177 1910 407 1964; x_wconf 84' lang='lat' dir='ltr'>Scripturis</span> <span class='ocrx_word' id='word_1_196' title='bbox 443 1911 631 1952; x_wconf 81' lang='lat' dir='ltr'>revelata</span> <span class='ocrx_word' id='word_1_197' title='bbox 668 1913 779 1951; x_wconf 89' lang='lat' dir='ltr'>sunt.</span> <span class='ocrx_word' id='word_1_198' title='bbox 819 1909 927 1959; x_wconf 78' lang='lat' dir='ltr'>Quia</span> <span class='ocrx_word' id='word_1_199' title='bbox 964 1913 1109 1951; x_wconf 88' lang='lat' dir='ltr'>tamen</span> <span class='ocrx_word' id='word_1_200' title='bbox 1147 1910 1420 1963; x_wconf 85' lang='lat' dir='ltr'>peculiariter</span> <span class='ocrx_word' id='word_1_201' title='bbox 1459 1909 1539 1952; x_wconf 89' lang='lat' dir='ltr'>Dei</span> <span class='ocrx_word' id='word_1_202' title='bbox 1579 1910 1655 1950; x_wconf 89' lang='lat' dir='ltr'>filii</span> 
     </span>
     <span class='ocr_line' id='line_1_26' title="bbox 94 1981 1656 2036; baseline -0.002 -12"><span class='ocrx_word' id='word_1_203' title='bbox 94 1982 254 2036; x_wconf 87' lang='lat' dir='ltr'>passim</span> <span class='ocrx_word' id='word_1_204' title='bbox 291 1984 510 2034; x_wconf 86' lang='lat' dir='ltr'>vocantur,</span> <span class='ocrx_word' id='word_1_205' title='bbox 552 1984 592 2023; x_wconf 86' lang='lat' dir='ltr'>et</span> <span class='ocrx_word' id='word_1_206' title='bbox 629 1981 789 2034; x_wconf 88' lang='lat' dir='ltr'>Angeli</span> <span class='ocrx_word' id='word_1_207' title='bbox 824 1981 940 2032; x_wconf 89' lang='lat' dir='ltr'>lucis,</span> <span class='ocrx_word' id='word_1_208' title='bbox 973 1984 1013 2023; x_wconf 93' lang='lat' dir='ltr'>et</span> <span class='ocrx_word' id='word_1_209' title='bbox 1042 1981 1198 2034; x_wconf 89' lang='lat' dir='ltr'>Angeli</span> <span class='ocrx_word' id='word_1_210' title='bbox 1227 1981 1401 2035; x_wconf 83' lang='lat' dir='ltr'>gloriae,</span> <span class='ocrx_word' id='word_1_211' title='bbox 1433 1984 1474 2022; x_wconf 90' lang='lat' dir='ltr'>et</span> <span class='ocrx_word' id='word_1_212' title='bbox 1499 1981 1656 2033; x_wconf 90' lang='lat' dir='ltr'>Angeli</span> 
     </span>
     <span class='ocr_line' id='line_1_27' title="bbox 96 2052 1658 2106; baseline -0.001 -11"><span class='ocrx_word' id='word_1_213' title='bbox 96 2053 231 2106; x_wconf 83' lang='lat' dir='ltr'>electi,</span> <span class='ocrx_word' id='word_1_214' title='bbox 274 2056 402 2106; x_wconf 85' lang='lat' dir='ltr'>atque</span> <span class='ocrx_word' id='word_1_215' title='bbox 443 2054 584 2106; x_wconf 89' lang='lat' dir='ltr'>ipsum</span> <span class='ocrx_word' id='word_1_216' title='bbox 623 2052 839 2094; x_wconf 85' lang='lat' dir='ltr'>Christum</span> <span class='ocrx_word' id='word_1_217' title='bbox 877 2053 1091 2106; x_wconf 89' lang='lat' dir='ltr'>peculiare</span> <span class='ocrx_word' id='word_1_218' title='bbox 1129 2068 1299 2106; x_wconf 87' lang='lat' dir='ltr'>quoque</span> <span class='ocrx_word' id='word_1_219' title='bbox 1337 2055 1465 2106; x_wconf 75' lang='lat' dir='ltr'>caput</span> <span class='ocrx_word' id='word_1_220' title='bbox 1503 2067 1658 2106; x_wconf 87' lang='lat' dir='ltr'>agnos-</span> 
     </span>
     <span class='ocr_line' id='line_1_28' title="bbox 96 2124 1657 2179; baseline -0.001 -13"><span class='ocrx_word' id='word_1_221' title='bbox 96 2128 208 2177; x_wconf 91' lang='lat' dir='ltr'>cunt,</span> <span class='ocrx_word' id='word_1_222' title='bbox 238 2125 349 2179; x_wconf 89' lang='lat' dir='ltr'>Eph.</span> <span class='ocrx_word' id='word_1_223' title='bbox 381 2126 416 2176; x_wconf 83' lang='lat'>1,</span> <span class='ocrx_word' id='word_1_224' title='bbox 447 2126 508 2167; x_wconf 81' lang='lat'>22.</span> <span class='ocrx_word' id='word_1_225' title='bbox 540 2127 581 2166; x_wconf 90' lang='lat' dir='ltr'>et</span> <span class='ocrx_word' id='word_1_226' title='bbox 609 2125 693 2178; x_wconf 89' lang='lat' dir='ltr'>ipsi</span> <span class='ocrx_word' id='word_1_227' title='bbox 717 2139 760 2166; x_wconf 91' lang='lat' dir='ltr'>se</span> <span class='ocrx_word' id='word_1_228' title='bbox 786 2139 1012 2167; x_wconf 90' lang='lat' dir='ltr'>conservos</span> <span class='ocrx_word' id='word_1_229' title='bbox 1037 2127 1208 2167; x_wconf 90' lang='lat' dir='ltr'>nostros</span> <span class='ocrx_word' id='word_1_230' title='bbox 1235 2124 1465 2178; x_wconf 89' lang='lat' dir='ltr'>appellant,</span> <span class='ocrx_word' id='word_1_231' title='bbox 1492 2126 1534 2165; x_wconf 91' lang='lat' dir='ltr'>et</span> <span class='ocrx_word' id='word_1_232' title='bbox 1559 2138 1657 2166; x_wconf 88' lang='lat' dir='ltr'>con-</span> 
     </span>
     <span class='ocr_line' id='line_1_29' title="bbox 97 2195 1653 2249; baseline -0.001 -11"><span class='ocrx_word' id='word_1_233' title='bbox 97 2212 238 2239; x_wconf 90' lang='lat' dir='ltr'>servos</span> <span class='ocrx_word' id='word_1_234' title='bbox 281 2196 475 2249; x_wconf 88' lang='lat' dir='ltr'>fratrum,</span> <span class='ocrx_word' id='word_1_235' title='bbox 513 2196 599 2238; x_wconf 90' lang='lat' dir='ltr'>imo</span> <span class='ocrx_word' id='word_1_236' title='bbox 640 2198 681 2237; x_wconf 90' lang='lat' dir='ltr'>et</span> <span class='ocrx_word' id='word_1_237' title='bbox 719 2210 770 2237; x_wconf 86' lang='lat' dir='ltr'>ex</span> <span class='ocrx_word' id='word_1_238' title='bbox 807 2195 1010 2237; x_wconf 82' lang='lat' dir='ltr'>fratribus</span> <span class='ocrx_word' id='word_1_239' title='bbox 1050 2196 1123 2249; x_wconf 88' lang='lat' dir='ltr'>qui</span> <span class='ocrx_word' id='word_1_240' title='bbox 1158 2196 1319 2237; x_wconf 88' lang='lat' dir='ltr'>habent</span> <span class='ocrx_word' id='word_1_241' title='bbox 1359 2196 1653 2237; x_wconf 88' lang='lat' dir='ltr'>testimonium</span> 
     </span>
     <span class='ocr_line' id='line_1_30' title="bbox 95 2266 1657 2320; baseline -0.001 -12"><span class='ocrx_word' id='word_1_242' title='bbox 95 2266 210 2318; x_wconf 84' lang='lat' dir='ltr'>Jesu,</span> <span class='ocrx_word' id='word_1_243' title='bbox 249 2267 384 2320; x_wconf 86' lang='lat' dir='ltr'>Apoc.</span> <span class='ocrx_word' id='word_1_244' title='bbox 413 2267 475 2318; x_wconf 87' lang='grc'>19,</span> <span class='ocrx_word' id='word_1_245' title='bbox 507 2267 582 2318; x_wconf 87' lang='grc'><strong>10.,</strong></span> <span class='ocrx_word' id='word_1_246' title='bbox 612 2281 873 2320; x_wconf 88' lang='lat' dir='ltr'>consequens</span> <span class='ocrx_word' id='word_1_247' title='bbox 903 2270 978 2319; x_wconf 87' lang='lat' dir='ltr'>est,</span> <span class='ocrx_word' id='word_1_248' title='bbox 1012 2270 1056 2308; x_wconf 87' lang='lat' dir='ltr'>ut</span> <span class='ocrx_word' id='word_1_249' title='bbox 1086 2282 1156 2309; x_wconf 91' lang='lat' dir='ltr'>eos</span> <span class='ocrx_word' id='word_1_250' title='bbox 1187 2282 1275 2309; x_wconf 86' lang='lat' dir='ltr'>esse</span> <span class='ocrx_word' id='word_1_251' title='bbox 1304 2267 1495 2308; x_wconf 89' lang='lat' dir='ltr'>membra</span> <span class='ocrx_word' id='word_1_252' title='bbox 1523 2267 1657 2308; x_wconf 88' lang='lat' dir='ltr'>totius</span> 
     </span>
     <span class='ocr_line' id='line_1_31' title="bbox 96 2337 1658 2391; baseline -0.001 -12"><span class='ocrx_word' id='word_1_253' title='bbox 96 2338 208 2379; x_wconf 88' lang='lat' dir='ltr'>illius</span> <span class='ocrx_word' id='word_1_254' title='bbox 248 2338 451 2391; x_wconf 90' lang='lat' dir='ltr'>corporis,</span> <span class='ocrx_word' id='word_1_255' title='bbox 491 2340 532 2379; x_wconf 90' lang='lat' dir='ltr'>et</span> <span class='ocrx_word' id='word_1_256' title='bbox 569 2337 613 2378; x_wconf 90' lang='lat' dir='ltr'>in</span> <span class='ocrx_word' id='word_1_257' title='bbox 650 2337 815 2379; x_wconf 89' lang='lat' dir='ltr'>familia</span> <span class='ocrx_word' id='word_1_258' title='bbox 844 2338 1002 2380; x_wconf 79' lang='lat' dir='ltr'>Christi</span> <span class='ocrx_word' id='word_1_259' title='bbox 1028 2341 1198 2380; x_wconf 90' lang='lat' dir='ltr'>nostros</span> <span class='ocrx_word' id='word_1_260' title='bbox 1229 2353 1455 2381; x_wconf 87' lang='lat' dir='ltr'>conservos</span> <span class='ocrx_word' id='word_1_261' title='bbox 1485 2338 1658 2379; x_wconf 87' lang='lat' dir='ltr'>confite-</span> 
     </span>
     <span class='ocr_line' id='line_1_32' title="bbox 97 2408 1659 2464; baseline -0.001 -14"><span class='ocrx_word' id='word_1_262' title='bbox 97 2423 238 2450; x_wconf 89' lang='lat' dir='ltr'>amur:</span> <span class='ocrx_word' id='word_1_263' title='bbox 280 2423 327 2450; x_wconf 89' lang='lat' dir='ltr'>ac</span> <span class='ocrx_word' id='word_1_264' title='bbox 364 2408 543 2462; x_wconf 89' lang='lat' dir='ltr'>proinde</span> <span class='ocrx_word' id='word_1_265' title='bbox 581 2423 657 2462; x_wconf 85' lang='lat' dir='ltr'>per</span> <span class='ocrx_word' id='word_1_266' title='bbox 692 2408 877 2462; x_wconf 83' lang='lat' dir='ltr'>Spiritus</span> <span class='ocrx_word' id='word_1_267' title='bbox 903 2409 1049 2452; x_wconf 81' lang='lat' dir='ltr'>Sancti</span> <span class='ocrx_word' id='word_1_268' title='bbox 1078 2411 1337 2464; x_wconf 86' lang='lat' dir='ltr'>peculiarem</span> <span class='ocrx_word' id='word_1_269' title='bbox 1367 2410 1659 2463; x_wconf 81' lang='lat' dir='ltr'>operationem</span> 
     </span>
     <span class='ocr_line' id='line_1_33' title="bbox 99 2479 1659 2535; baseline -0.001 -13"><span class='ocrx_word' id='word_1_270' title='bbox 99 2480 176 2522; x_wconf 90' lang='lat' dir='ltr'>sub</span> <span class='ocrx_word' id='word_1_271' title='bbox 214 2479 384 2521; x_wconf 88' lang='lat' dir='ltr'>Christo</span> <span class='ocrx_word' id='word_1_272' title='bbox 421 2480 546 2521; x_wconf 90' lang='lat' dir='ltr'>unico</span> <span class='ocrx_word' id='word_1_273' title='bbox 575 2479 793 2522; x_wconf 88' lang='lat' dir='ltr'>Ecclesiae</span> <span class='ocrx_word' id='word_1_274' title='bbox 822 2495 921 2522; x_wconf 87' lang='lat' dir='ltr'>suae</span> <span class='ocrx_word' id='word_1_275' title='bbox 950 2482 1089 2535; x_wconf 86' lang='lat' dir='ltr'>capite</span> <span class='ocrx_word' id='word_1_276' title='bbox 1120 2482 1349 2523; x_wconf 82' lang='lat' dir='ltr'>efficaciter</span> <span class='ocrx_word' id='word_1_277' title='bbox 1377 2481 1420 2521; x_wconf 88' lang='lat' dir='ltr'>in</span> <span class='ocrx_word' id='word_1_278' title='bbox 1450 2480 1587 2533; x_wconf 87' lang='lat' dir='ltr'>gloria</span> <span class='ocrx_word' id='word_1_279' title='bbox 1618 2482 1659 2521; x_wconf 89' lang='lat' dir='ltr'>et</span> 
     </span>
     <span class='ocr_line' id='line_1_34' title="bbox 99 2549 1661 2606; baseline 0.001 -15"><span class='ocrx_word' id='word_1_280' title='bbox 99 2551 239 2604; x_wconf 88' lang='lat' dir='ltr'>gratia</span> <span class='ocrx_word' id='word_1_281' title='bbox 278 2550 562 2592; x_wconf 78' lang='lat' dir='ltr'>confirmatos</span> <span class='ocrx_word' id='word_1_282' title='bbox 601 2549 725 2592; x_wconf 87' lang='lat' dir='ltr'>Unde</span> <span class='ocrx_word' id='word_1_283' title='bbox 765 2554 806 2592; x_wconf 89' lang='lat' dir='ltr'>et</span> <span class='ocrx_word' id='word_1_284' title='bbox 843 2566 921 2593; x_wconf 91' lang='lat' dir='ltr'>nos</span> <span class='ocrx_word' id='word_1_285' title='bbox 950 2553 1003 2594; x_wconf 87' lang='lat' dir='ltr'>ad</span> <span class='ocrx_word' id='word_1_286' title='bbox 1032 2551 1248 2606; x_wconf 85' lang='lat' dir='ltr'>Myriadas</span> <span class='ocrx_word' id='word_1_287' title='bbox 1276 2552 1556 2605; x_wconf 86' lang='lat' dir='ltr'>Angelorum,</span> <span class='ocrx_word' id='word_1_288' title='bbox 1585 2566 1661 2605; x_wconf 84' lang='lat' dir='ltr'>per</span> 
     </span>
     <span class='ocr_line' id='line_1_35' title="bbox 101 2621 1659 2677; baseline 0.001 -15"><span class='ocrx_word' id='word_1_289' title='bbox 101 2621 314 2663; x_wconf 86' lang='lat' dir='ltr'>efficacem</span> <span class='ocrx_word' id='word_1_290' title='bbox 337 2621 618 2672; x_wconf 87' lang='lat' dir='ltr'>vocationem,</span> <span class='ocrx_word' id='word_1_291' title='bbox 644 2621 880 2674; x_wconf 87' lang='lat' dir='ltr'>accessisse,</span> <span class='ocrx_word' id='word_1_292' title='bbox 907 2623 1094 2664; x_wconf 85' lang='lat' dir='ltr'>declarat</span> <span class='ocrx_word' id='word_1_293' title='bbox 1118 2624 1353 2677; x_wconf 89' lang='lat' dir='ltr'>Apostolus</span> <span class='ocrx_word' id='word_1_294' title='bbox 1370 2622 1499 2664; x_wconf 83' lang='lat' dir='ltr'>Hebr.</span> <span class='ocrx_word' id='word_1_295' title='bbox 1517 2624 1578 2674; x_wconf 81' lang='lat'>12,</span> <span class='ocrx_word' id='word_1_296' title='bbox 1595 2623 1659 2664; x_wconf 80' lang='lat'>22.</span> 
     </span>
    </p>

    <p class='ocr_par' dir='ltr' id='par_1_7' title="bbox 101 2690 1699 2963">
     <span class='ocr_line' id='line_1_36' title="bbox 151 2690 1661 2746; baseline 0.001 -14"><span class='ocrx_word' id='word_1_297' title='bbox 151 2690 248 2733; x_wconf 86' lang='lat' dir='ltr'><strong>VII.</strong></span> <span class='ocrx_word' id='word_1_298' title='bbox 286 2691 382 2733; x_wconf 85' lang='lat' dir='ltr'>Etsi</span> <span class='ocrx_word' id='word_1_299' title='bbox 419 2706 519 2733; x_wconf 83' lang='lat' dir='ltr'>vero</span> <span class='ocrx_word' id='word_1_300' title='bbox 556 2691 638 2733; x_wconf 86' lang='lat' dir='ltr'>hoc</span> <span class='ocrx_word' id='word_1_301' title='bbox 671 2691 939 2745; x_wconf 87' lang='lat' dir='ltr'>Angelorum</span> <span class='ocrx_word' id='word_1_302' title='bbox 968 2693 1229 2735; x_wconf 89' lang='lat' dir='ltr'>consortium</span> <span class='ocrx_word' id='word_1_303' title='bbox 1257 2693 1380 2734; x_wconf 85' lang='lat' dir='ltr'>nob-is</span> <span class='ocrx_word' id='word_1_304' title='bbox 1412 2693 1576 2746; x_wconf 86' lang='lat' dir='ltr'>gloriae</span> <span class='ocrx_word' id='word_1_305' title='bbox 1605 2692 1661 2733; x_wconf 90' lang='lat' dir='ltr'>sit</span> 
     </span>
     <span class='ocr_line' id='line_1_37' title="bbox 101 2762 1660 2816; baseline 0 -12"><span class='ocrx_word' id='word_1_306' title='bbox 101 2764 143 2804; x_wconf 91' lang='lat' dir='ltr'>et</span> <span class='ocrx_word' id='word_1_307' title='bbox 181 2762 474 2813; x_wconf 87' lang='lat' dir='ltr'>consolationi,</span> <span class='ocrx_word' id='word_1_308' title='bbox 513 2763 742 2816; x_wconf 86' lang='lat' dir='ltr'>praecipue</span> <span class='ocrx_word' id='word_1_309' title='bbox 779 2765 923 2805; x_wconf 89' lang='lat' dir='ltr'>tamen</span> <span class='ocrx_word' id='word_1_310' title='bbox 962 2763 1012 2805; x_wconf 91' lang='lat' dir='ltr'>de</span> <span class='ocrx_word' id='word_1_311' title='bbox 1049 2763 1239 2805; x_wconf 88' lang='lat' dir='ltr'>Ecclesia</span> <span class='ocrx_word' id='word_1_312' title='bbox 1276 2764 1499 2805; x_wconf 89' lang='lat' dir='ltr'>hominum</span> <span class='ocrx_word' id='word_1_313' title='bbox 1537 2763 1660 2804; x_wconf 92' lang='lat' dir='ltr'>nobis</span> 
     </span>
     <span class='ocr_line' id='line_1_38' title="bbox 102 2833 1662 2887; baseline -0.001 -12"><span class='ocrx_word' id='word_1_314' title='bbox 102 2836 165 2875; x_wconf 91' lang='lat' dir='ltr'>est</span> <span class='ocrx_word' id='word_1_315' title='bbox 193 2834 414 2887; x_wconf 83' lang='lat' dir='ltr'>agendum,</span> <span class='ocrx_word' id='word_1_316' title='bbox 447 2833 547 2886; x_wconf 85' lang='lat' dir='ltr'>quia</span> <span class='ocrx_word' id='word_1_317' title='bbox 574 2833 617 2874; x_wconf 93' lang='lat' dir='ltr'>id</span> <span class='ocrx_word' id='word_1_318' title='bbox 644 2833 827 2875; x_wconf 83' lang='lat' dir='ltr'>maxime</span> <span class='ocrx_word' id='word_1_319' title='bbox 855 2837 1002 2876; x_wconf 89' lang='lat' dir='ltr'>nostra</span> <span class='ocrx_word' id='word_1_320' title='bbox 1028 2835 1216 2876; x_wconf 88' lang='lat' dir='ltr'>interest.</span> <span class='ocrx_word' id='word_1_321' title='bbox 1246 2833 1311 2875; x_wconf 92' lang='lat' dir='ltr'>De</span> <span class='ocrx_word' id='word_1_322' title='bbox 1341 2848 1425 2885; x_wconf 88' lang='lat' dir='ltr'>qua</span> <span class='ocrx_word' id='word_1_323' title='bbox 1453 2835 1488 2874; x_wconf 85' lang='lat'>1.</span> <span class='ocrx_word' id='word_1_324' title='bbox 1518 2834 1662 2887; x_wconf 80' lang='lat' dir='ltr'>partes</span> 
     </span>
     <span class='ocr_line' id='line_1_39' title="bbox 101 2903 1699 2963; baseline -0.001 -17"><span class='ocrx_word' id='word_1_325' title='bbox 101 2908 199 2947; x_wconf 92' lang='lat' dir='ltr'>sunt</span> <span class='ocrx_word' id='word_1_326' title='bbox 239 2904 554 2955; x_wconf 85' lang='lat' dir='ltr'>examinandae,</span> <span class='ocrx_word' id='word_1_327' title='bbox 600 2919 826 2957; x_wconf 87' lang='lat' dir='ltr'>earumque</span> <span class='ocrx_word' id='word_1_328' title='bbox 867 2905 1018 2946; x_wconf 90' lang='lat' dir='ltr'>modus</span> <span class='ocrx_word' id='word_1_329' title='bbox 1063 2907 1104 2946; x_wconf 92' lang='lat' dir='ltr'>et</span> <span class='ocrx_word' id='word_1_330' title='bbox 1143 2904 1294 2956; x_wconf 87' lang='lat' dir='ltr'>forma,</span> <span class='ocrx_word' id='word_1_331' title='bbox 1332 2905 1370 2946; x_wconf 82' lang='lat'>2.</span> <span class='ocrx_word' id='word_1_332' title='bbox 1410 2903 1574 2956; x_wconf 88' lang='lat' dir='ltr'>divisio,</span> <span class='ocrx_word' id='word_1_333' title='bbox 1615 2919 1663 2944; x_wconf 86' lang='lat' dir='ltr'>ac</span> <span class='ocrx_word' id='word_1_334' title='bbox 1696 2962 1699 2963; x_wconf 12' lang='grc' dir='ltr'><em>γ</em></span> 
     </span>
    </p>
   </div>
   <div class='ocr_carea' id='block_1_3' title="bbox 102 2975 1537 3072">
    <p class='ocr_par' dir='ltr' id='par_1_8' title="bbox 102 2975 1537 3072">
     <span class='ocr_line' id='line_1_40' title="bbox 102 2975 782 3029; baseline 0 -13"><span class='ocrx_word' id='word_1_335' title='bbox 102 2975 282 3028; x_wconf 85' lang='lat' dir='ltr'>denique</span> <span class='ocrx_word' id='word_1_336' title='bbox 311 2975 537 3029; x_wconf 85' lang='lat' dir='ltr'>privilegia</span> <span class='ocrx_word' id='word_1_337' title='bbox 567 2990 614 3016; x_wconf 91' lang='lat' dir='ltr'>ac</span> <span class='ocrx_word' id='word_1_338' title='bbox 642 2978 782 3017; x_wconf 89' lang='lat' dir='ltr'>notae.</span> 
     </span>
     <span class='ocr_line' id='line_1_41' title="bbox 1504 3048 1537 3072; baseline -0.03 0"><span class='ocrx_word' id='word_1_339' title='bbox 1504 3048 1537 3072; x_wconf 80' lang='lat'>28</span> 
     </span>
    </p>
   </div>
  </div>
 </body>
</html>
