<?xml version="1.0" encoding="UTF-8"?>
<!DOCTYPE html PUBLIC "-//W3C//DTD XHTML 1.0 Transitional//EN"
    "http://www.w3.org/TR/xhtml1/DTD/xhtml1-transitional.dtd">
<html xmlns="http://www.w3.org/1999/xhtml" xml:lang="en" lang="en">
 <head>
  <title>
</title>
<meta http-equiv="Content-Type" content="text/html;charset=utf-8" />
  <meta name='ocr-system' content='tesseract 3.04.00' />
  <meta name='ocr-capabilities' content='ocr_page ocr_carea ocr_par ocr_line ocrx_word'/>
</head>
<body>
  <div class='ocr_page' id='page_1' title='image "./synopsispurioris00poly_0096.png"; bbox 0 0 1931 3224; ppageno 0'>
   <div class='ocr_carea' id='block_1_1' title="bbox 267 146 1223 206">
    <p class='ocr_par' dir='ltr' id='par_1_1' title="bbox 267 146 1223 206">
     <span class='ocr_line' id='line_1_1' title="bbox 267 146 1223 206; baseline -0.018 0"><span class='ocrx_word' id='word_1_1' title='bbox 267 165 317 206; x_wconf 83' lang='lat'>74</span> <span class='ocrx_word' id='word_1_2' title='bbox 842 155 1078 196; x_wconf 74' lang='lat' dir='ltr'>D1SPUTAT10</span> <span class='ocrx_word' id='word_1_3' title='bbox 1108 146 1223 190; x_wconf 88' lang='lat' dir='ltr'><strong>VIII.</strong></span> 
     </span>
    </p>
   </div>
   <div class='ocr_carea' id='block_1_2' title="bbox 264 267 1822 2894">
    <p class='ocr_par' dir='ltr' id='par_1_2' title="bbox 266 267 1812 403">
     <span class='ocr_line' id='line_1_2' title="bbox 266 267 1812 337; baseline -0.013 -9"><span class='ocrx_word' id='word_1_4' title='bbox 266 286 361 328; x_wconf 87' lang='lat' dir='ltr'>ille</span> <span class='ocrx_word' id='word_1_5' title='bbox 389 297 624 337; x_wconf 84' lang='lat' dir='ltr'>magnus,</span> <span class='ocrx_word' id='word_1_6' title='bbox 654 281 736 323; x_wconf 84' lang='lat' dir='ltr'>Tit.</span> <span class='ocrx_word' id='word_1_7' title='bbox 767 281 802 330; x_wconf 83' lang='lat'>2,</span> <span class='ocrx_word' id='word_1_8' title='bbox 832 279 893 320; x_wconf 84' lang='lat'>13.</span> <span class='ocrx_word' id='word_1_9' title='bbox 918 291 966 318; x_wconf 91' lang='lat' dir='ltr'>ac</span> <span class='ocrx_word' id='word_1_10' title='bbox 989 274 1168 326; x_wconf 87' lang='lat' dir='ltr'>denique</span> <span class='ocrx_word' id='word_1_11' title='bbox 1192 287 1215 313; x_wconf 90' lang='lat' dir='ltr'>a</span> <span class='ocrx_word' id='word_1_12' title='bbox 1239 270 1435 313; x_wconf 84' lang='lat' dir='ltr'>Johanne</span> <span class='ocrx_word' id='word_1_13' title='bbox 1478 282 1635 311; x_wconf 86' lang='lat' dir='ltr'>verus</span> <span class='ocrx_word' id='word_1_14' title='bbox 1670 267 1812 309; x_wconf 81' lang='lat' dir='ltr'>Deus</span> 
     </span>
     <span class='ocr_line' id='line_1_3' title="bbox 267 347 1174 403; baseline -0.014 -5"><span class='ocrx_word' id='word_1_15' title='bbox 267 359 316 398; x_wconf 91' lang='lat' dir='ltr'>et</span> <span class='ocrx_word' id='word_1_16' title='bbox 343 356 455 396; x_wconf 87' lang='lat' dir='ltr'>vita</span> <span class='ocrx_word' id='word_1_17' title='bbox 484 356 727 403; x_wconf 84' lang='lat' dir='ltr'>aeterna,</span> <span class='ocrx_word' id='word_1_18' title='bbox 758 352 778 391; x_wconf 92' lang='lat'>1</span> <span class='ocrx_word' id='word_1_19' title='bbox 810 349 907 391; x_wconf 87' lang='lat' dir='ltr'>Joh.</span> <span class='ocrx_word' id='word_1_20' title='bbox 937 347 974 398; x_wconf 80' lang='lat'>5,</span> <span class='ocrx_word' id='word_1_21' title='bbox 1003 347 1066 387; x_wconf 87' lang='lat'>20.</span> <span class='ocrx_word' id='word_1_22' title='bbox 1097 347 1174 386; x_wconf 87' lang='lat' dir='ltr'>etc.</span> 
     </span>
    </p>

    <p class='ocr_par' dir='ltr' id='par_1_3' title="bbox 264 409 1820 1813">
     <span class='ocr_line' id='line_1_4' title="bbox 318 409 1813 476; baseline -0.013 -7"><span class='ocrx_word' id='word_1_23' title='bbox 318 424 514 468; x_wconf 89' lang='lat' dir='ltr'><strong>XXVIII.</strong></span> <span class='ocrx_word' id='word_1_24' title='bbox 546 423 830 476; x_wconf 71' lang='lat' dir='ltr'>proprietates</span> <span class='ocrx_word' id='word_1_25' title='bbox 860 418 938 459; x_wconf 89' lang='lat' dir='ltr'>Dei</span> <span class='ocrx_word' id='word_1_26' title='bbox 968 415 1223 465; x_wconf 71' lang='lat' dir='ltr'>essentiales,</span> <span class='ocrx_word' id='word_1_27' title='bbox 1254 412 1365 454; x_wconf 87' lang='lat' dir='ltr'>Filio</span> <span class='ocrx_word' id='word_1_28' title='bbox 1392 426 1561 465; x_wconf 86' lang='lat' dir='ltr'>quoque</span> <span class='ocrx_word' id='word_1_29' title='bbox 1585 409 1746 464; x_wconf 87' lang='lat' dir='ltr'>passim</span> <span class='ocrx_word' id='word_1_30' title='bbox 1767 410 1813 450; x_wconf 91' lang='lat' dir='ltr'>in</span> 
     </span>
     <span class='ocr_line' id='line_1_5' title="bbox 267 480 1812 551; baseline -0.012 -11"><span class='ocrx_word' id='word_1_31' title='bbox 267 496 495 551; x_wconf 84' lang='lat' dir='ltr'>Scripturis</span> <span class='ocrx_word' id='word_1_32' title='bbox 533 493 903 541; x_wconf 69' lang='lat' dir='ltr'>communicantur,</span> <span class='ocrx_word' id='word_1_33' title='bbox 941 488 1084 541; x_wconf 88' lang='lat' dir='ltr'>quales</span> <span class='ocrx_word' id='word_1_34' title='bbox 1119 488 1237 527; x_wconf 86' lang='lat' dir='ltr'>sunt:</span> <span class='ocrx_word' id='word_1_35' title='bbox 1266 482 1524 533; x_wconf 73' lang='lat' dir='ltr'>Aeternitas,</span> <span class='ocrx_word' id='word_1_36' title='bbox 1553 481 1581 523; x_wconf 82' lang='lat' dir='ltr'>J</span> <span class='ocrx_word' id='word_1_37' title='bbox 1585 481 1652 523; x_wconf 92' lang='lat' dir='ltr'>oh.</span> <span class='ocrx_word' id='word_1_38' title='bbox 1682 480 1745 532; x_wconf 88' lang='lat'>17,</span> <span class='ocrx_word' id='word_1_39' title='bbox 1775 480 1812 522; x_wconf 88' lang='grc'>5.</span> 
     </span>
     <span class='ocr_line' id='line_1_6' title="bbox 268 551 1813 613; baseline -0.013 -1"><span class='ocrx_word' id='word_1_40' title='bbox 268 567 536 612; x_wconf 81' lang='lat' dir='ltr'>Glorifica</span> <span class='ocrx_word' id='word_1_41' title='bbox 577 579 652 606; x_wconf 90' lang='lat' dir='ltr'>me</span> <span class='ocrx_word' id='word_1_42' title='bbox 694 566 770 613; x_wconf 92' lang='lat' dir='ltr'>tu,</span> <span class='ocrx_word' id='word_1_43' title='bbox 809 561 993 611; x_wconf 89' lang='lat' dir='ltr'>Pater,</span> <span class='ocrx_word' id='word_1_44' title='bbox 1030 557 1167 611; x_wconf 89' lang='lat' dir='ltr'>apud</span> <span class='ocrx_word' id='word_1_45' title='bbox 1204 553 1577 607; x_wconf 86' lang='lat' dir='ltr'>temetipsum,</span> <span class='ocrx_word' id='word_1_46' title='bbox 1618 567 1675 594; x_wconf 89' lang='lat' dir='ltr'>ea</span> <span class='ocrx_word' id='word_1_47' title='bbox 1704 551 1813 605; x_wconf 89' lang='lat' dir='ltr'>glo-</span> 
     </span>
     <span class='ocr_line' id='line_1_7' title="bbox 266 624 1813 692; baseline -0.012 -10"><span class='ocrx_word' id='word_1_48' title='bbox 266 642 364 689; x_wconf 82' lang='lat' dir='ltr'>ria,</span> <span class='ocrx_word' id='word_1_49' title='bbox 403 653 553 692; x_wconf 86' lang='lat' dir='ltr'>quam</span> <span class='ocrx_word' id='word_1_50' title='bbox 588 634 752 677; x_wconf 87' lang='lat' dir='ltr'>habui</span> <span class='ocrx_word' id='word_1_51' title='bbox 780 631 918 686; x_wconf 92' lang='lat' dir='ltr'>apud</span> <span class='ocrx_word' id='word_1_52' title='bbox 946 633 1018 681; x_wconf 88' lang='lat' dir='ltr'>te,</span> <span class='ocrx_word' id='word_1_53' title='bbox 1048 628 1365 683; x_wconf 84' lang='lat' dir='ltr'>priusquam</span> <span class='ocrx_word' id='word_1_54' title='bbox 1394 624 1618 667; x_wconf 88' lang='lat' dir='ltr'>mundus</span> <span class='ocrx_word' id='word_1_55' title='bbox 1647 625 1813 675; x_wconf 86' lang='lat' dir='ltr'>esset,</span> 
     </span>
     <span class='ocr_line' id='line_1_8' title="bbox 268 694 1813 760; baseline -0.012 -7"><span class='ocrx_word' id='word_1_56' title='bbox 268 714 308 753; x_wconf 88' lang='lat' dir='ltr'>et</span> <span class='ocrx_word' id='word_1_57' title='bbox 347 710 431 752; x_wconf 86' lang='lat' dir='ltr'>Col.</span> <span class='ocrx_word' id='word_1_58' title='bbox 470 710 504 760; x_wconf 92' lang='lat'>1,</span> <span class='ocrx_word' id='word_1_59' title='bbox 535 707 597 748; x_wconf 88' lang='lat'>17.</span> <span class='ocrx_word' id='word_1_60' title='bbox 625 705 746 759; x_wconf 88' lang='lat' dir='ltr'>Ipse</span> <span class='ocrx_word' id='word_1_61' title='bbox 776 706 856 745; x_wconf 90' lang='lat' dir='ltr'>est</span> <span class='ocrx_word' id='word_1_62' title='bbox 884 704 1008 743; x_wconf 88' lang='lat' dir='ltr'>ante</span> <span class='ocrx_word' id='word_1_63' title='bbox 1037 698 1225 742; x_wconf 88' lang='lat' dir='ltr'>omnia.</span> <span class='ocrx_word' id='word_1_64' title='bbox 1255 697 1386 740; x_wconf 85' lang='lat' dir='ltr'>Plura</span> <span class='ocrx_word' id='word_1_65' title='bbox 1416 696 1466 737; x_wconf 88' lang='lat' dir='ltr'>de</span> <span class='ocrx_word' id='word_1_66' title='bbox 1494 695 1576 737; x_wconf 87' lang='lat' dir='ltr'>hoc</span> <span class='ocrx_word' id='word_1_67' title='bbox 1604 694 1813 737; x_wconf 90' lang='lat' dir='ltr'>attributo</span> 
     </span>
     <span class='ocr_line' id='line_1_9' title="bbox 267 765 1814 826; baseline -0.01 -2"><span class='ocrx_word' id='word_1_68' title='bbox 267 782 392 824; x_wconf 89' lang='lat' dir='ltr'>Thesi</span> <span class='ocrx_word' id='word_1_69' title='bbox 433 781 469 822; x_wconf 85' lang='lat'>9.</span> <span class='ocrx_word' id='word_1_70' title='bbox 511 778 703 820; x_wconf 88' lang='lat' dir='ltr'>Infinitas</span> <span class='ocrx_word' id='word_1_71' title='bbox 745 778 787 817; x_wconf 90' lang='lat' dir='ltr'>et</span> <span class='ocrx_word' id='word_1_72' title='bbox 830 770 1198 826; x_wconf 85' lang='lat' dir='ltr'>omnipraesentia,</span> <span class='ocrx_word' id='word_1_73' title='bbox 1240 768 1344 811; x_wconf 91' lang='lat' dir='ltr'>Mat.</span> <span class='ocrx_word' id='word_1_74' title='bbox 1384 767 1448 819; x_wconf 83' lang='lat'>18,</span> <span class='ocrx_word' id='word_1_75' title='bbox 1486 767 1549 808; x_wconf 90' lang='grc'>20.</span> <span class='ocrx_word' id='word_1_76' title='bbox 1579 765 1684 810; x_wconf 89' lang='lat' dir='ltr'>Ubi</span> <span class='ocrx_word' id='word_1_77' title='bbox 1714 766 1814 808; x_wconf 87' lang='lat' dir='ltr'>duo</span> 
     </span>
     <span class='ocr_line' id='line_1_10' title="bbox 267 837 1815 902; baseline -0.012 -7"><span class='ocrx_word' id='word_1_78' title='bbox 267 855 357 894; x_wconf 88' lang='lat' dir='ltr'>aut</span> <span class='ocrx_word' id='word_1_79' title='bbox 385 854 497 893; x_wconf 87' lang='lat' dir='ltr'>tres</span> <span class='ocrx_word' id='word_1_80' title='bbox 528 845 852 902; x_wconf 86' lang='lat' dir='ltr'>congregati</span> <span class='ocrx_word' id='word_1_81' title='bbox 881 844 1085 885; x_wconf 87' lang='lat' dir='ltr'>suntin</span> <span class='ocrx_word' id='word_1_82' title='bbox 1112 840 1326 883; x_wconf 88' lang='lat' dir='ltr'>nomine</span> <span class='ocrx_word' id='word_1_83' title='bbox 1355 853 1489 889; x_wconf 86' lang='lat' dir='ltr'>meo,</span> <span class='ocrx_word' id='word_1_84' title='bbox 1523 837 1600 879; x_wconf 91' lang='lat' dir='ltr'>ibi</span> <span class='ocrx_word' id='word_1_85' title='bbox 1628 851 1739 879; x_wconf 89' lang='lat' dir='ltr'>sum</span> <span class='ocrx_word' id='word_1_86' title='bbox 1762 837 1815 879; x_wconf 90' lang='lat' dir='ltr'>in</span> 
     </span>
     <span class='ocr_line' id='line_1_11' title="bbox 267 908 1816 970; baseline -0.012 -4"><span class='ocrx_word' id='word_1_87' title='bbox 267 923 437 966; x_wconf 87' lang='lat' dir='ltr'>medio</span> <span class='ocrx_word' id='word_1_88' title='bbox 469 934 660 970; x_wconf 87' lang='lat' dir='ltr'>eorum,</span> <span class='ocrx_word' id='word_1_89' title='bbox 692 921 733 960; x_wconf 88' lang='lat' dir='ltr'>et</span> <span class='ocrx_word' id='word_1_90' title='bbox 763 931 853 970; x_wconf 89' lang='lat' dir='ltr'>cap.</span> <span class='ocrx_word' id='word_1_91' title='bbox 882 916 946 966; x_wconf 82' lang='lat'>28,</span> <span class='ocrx_word' id='word_1_92' title='bbox 974 915 1037 956; x_wconf 85' lang='lat'>20.</span> <span class='ocrx_word' id='word_1_93' title='bbox 1067 913 1180 966; x_wconf 86' lang='lat' dir='ltr'>Ego</span> <span class='ocrx_word' id='word_1_94' title='bbox 1210 910 1486 953; x_wconf 87' lang='lat' dir='ltr'>vobiscum</span> <span class='ocrx_word' id='word_1_95' title='bbox 1515 923 1625 950; x_wconf 88' lang='lat' dir='ltr'>sum</span> <span class='ocrx_word' id='word_1_96' title='bbox 1653 908 1816 950; x_wconf 90' lang='lat' dir='ltr'>omni-</span> 
     </span>
     <span class='ocr_line' id='line_1_12' title="bbox 268 979 1816 1041; baseline -0.01 -5"><span class='ocrx_word' id='word_1_97' title='bbox 268 996 361 1036; x_wconf 89' lang='lat' dir='ltr'>bus</span> <span class='ocrx_word' id='word_1_98' title='bbox 413 991 602 1034; x_wconf 86' lang='lat' dir='ltr'>diebus</span> <span class='ocrx_word' id='word_1_99' title='bbox 643 1003 811 1041; x_wconf 88' lang='lat' dir='ltr'>usque</span> <span class='ocrx_word' id='word_1_100' title='bbox 853 987 915 1028; x_wconf 90' lang='lat' dir='ltr'>ad</span> <span class='ocrx_word' id='word_1_101' title='bbox 959 983 1478 1027; x_wconf 82' lang='lat' dir='ltr'>consummationem</span> <span class='ocrx_word' id='word_1_102' title='bbox 1520 979 1708 1022; x_wconf 89' lang='lat' dir='ltr'>seculi.</span> <span class='ocrx_word' id='word_1_103' title='bbox 1747 979 1816 1023; x_wconf 85' lang='lat' dir='ltr'>Sic</span> 
     </span>
     <span class='ocr_line' id='line_1_13' title="bbox 267 1053 1818 1115; baseline -0.01 -8"><span class='ocrx_word' id='word_1_104' title='bbox 267 1065 364 1107; x_wconf 82' lang='lat' dir='ltr'>Joh.</span> <span class='ocrx_word' id='word_1_105' title='bbox 404 1065 441 1115; x_wconf 93' lang='grc'>3,</span> <span class='ocrx_word' id='word_1_106' title='bbox 472 1064 534 1105; x_wconf 86' lang='grc'>13.</span> <span class='ocrx_word' id='word_1_107' title='bbox 564 1061 816 1114; x_wconf 82' lang='lat' dir='ltr'>loquebatur</span> <span class='ocrx_word' id='word_1_108' title='bbox 844 1059 888 1100; x_wconf 93' lang='lat' dir='ltr'>in</span> <span class='ocrx_word' id='word_1_109' title='bbox 916 1060 1030 1099; x_wconf 90' lang='lat' dir='ltr'>terra</span> <span class='ocrx_word' id='word_1_110' title='bbox 1058 1071 1152 1098; x_wconf 89' lang='lat' dir='ltr'>cum</span> <span class='ocrx_word' id='word_1_111' title='bbox 1177 1054 1428 1104; x_wconf 87' lang='lat' dir='ltr'>Nicodemo,</span> <span class='ocrx_word' id='word_1_112' title='bbox 1458 1054 1500 1094; x_wconf 88' lang='lat' dir='ltr'>et</span> <span class='ocrx_word' id='word_1_113' title='bbox 1528 1054 1672 1093; x_wconf 87' lang='lat' dir='ltr'>tamen</span> <span class='ocrx_word' id='word_1_114' title='bbox 1700 1053 1818 1093; x_wconf 88' lang='lat' dir='ltr'>erat</span> 
     </span>
     <span class='ocr_line' id='line_1_14' title="bbox 267 1121 1817 1181; baseline -0.01 -3"><span class='ocrx_word' id='word_1_115' title='bbox 267 1137 320 1178; x_wconf 90' lang='lat' dir='ltr'>in</span> <span class='ocrx_word' id='word_1_116' title='bbox 349 1134 512 1176; x_wconf 85' lang='lat' dir='ltr'>coelo.</span> <span class='ocrx_word' id='word_1_117' title='bbox 542 1129 855 1181; x_wconf 86' lang='lat' dir='ltr'>Omniscientia,</span> <span class='ocrx_word' id='word_1_118' title='bbox 886 1128 1013 1170; x_wconf 86' lang='lat' dir='ltr'>etiam</span> <span class='ocrx_word' id='word_1_119' title='bbox 1037 1126 1346 1181; x_wconf 82' lang='lat' dir='ltr'>cogitationum</span> <span class='ocrx_word' id='word_1_120' title='bbox 1369 1122 1566 1175; x_wconf 87' lang='lat' dir='ltr'>hominis,</span> <span class='ocrx_word' id='word_1_121' title='bbox 1583 1121 1682 1164; x_wconf 88' lang='lat' dir='ltr'>Joh.</span> <span class='ocrx_word' id='word_1_122' title='bbox 1697 1122 1734 1175; x_wconf 86' lang='lat'>2,</span> <span class='ocrx_word' id='word_1_123' title='bbox 1753 1121 1817 1163; x_wconf 82' lang='lat'>24.</span> 
     </span>
     <span class='ocr_line' id='line_1_15' title="bbox 269 1194 1818 1250; baseline -0.009 -2"><span class='ocrx_word' id='word_1_124' title='bbox 269 1205 517 1249; x_wconf 84' lang='lat' dir='ltr'>Christus</span> <span class='ocrx_word' id='word_1_125' title='bbox 558 1218 610 1245; x_wconf 87' lang='lat' dir='ltr'>se</span> <span class='ocrx_word' id='word_1_126' title='bbox 652 1202 729 1244; x_wconf 90' lang='lat' dir='ltr'>eis</span> <span class='ocrx_word' id='word_1_127' title='bbox 766 1216 867 1242; x_wconf 91' lang='lat' dir='ltr'>non</span> <span class='ocrx_word' id='word_1_128' title='bbox 907 1199 1186 1249; x_wconf 85' lang='lat' dir='ltr'>credebat,</span> <span class='ocrx_word' id='word_1_129' title='bbox 1227 1196 1353 1250; x_wconf 90' lang='lat' dir='ltr'>quia</span> <span class='ocrx_word' id='word_1_130' title='bbox 1379 1194 1497 1248; x_wconf 89' lang='lat' dir='ltr'>ipse</span> <span class='ocrx_word' id='word_1_131' title='bbox 1526 1208 1704 1236; x_wconf 88' lang='lat' dir='ltr'>omnes</span> <span class='ocrx_word' id='word_1_132' title='bbox 1731 1207 1818 1235; x_wconf 91' lang='lat' dir='ltr'>no-</span> 
     </span>
     <span class='ocr_line' id='line_1_16' title="bbox 267 1263 1819 1327; baseline -0.008 -9"><span class='ocrx_word' id='word_1_133' title='bbox 267 1278 438 1327; x_wconf 79' lang='lat' dir='ltr'>verat,</span> <span class='ocrx_word' id='word_1_134' title='bbox 483 1278 525 1316; x_wconf 92' lang='lat' dir='ltr'>et</span> <span class='ocrx_word' id='word_1_135' title='bbox 565 1275 628 1325; x_wconf 84' lang='lat'>21,</span> <span class='ocrx_word' id='word_1_136' title='bbox 672 1273 733 1314; x_wconf 84' lang='grc'>17.</span> <span class='ocrx_word' id='word_1_137' title='bbox 776 1271 1021 1322; x_wconf 86' lang='lat' dir='ltr'>Domine,</span> <span class='ocrx_word' id='word_1_138' title='bbox 1065 1272 1121 1310; x_wconf 90' lang='lat' dir='ltr'>tu</span> <span class='ocrx_word' id='word_1_139' title='bbox 1161 1267 1310 1310; x_wconf 88' lang='lat' dir='ltr'>nosti</span> <span class='ocrx_word' id='word_1_140' title='bbox 1349 1266 1542 1318; x_wconf 87' lang='lat' dir='ltr'>omnia,</span> <span class='ocrx_word' id='word_1_141' title='bbox 1579 1266 1637 1306; x_wconf 84' lang='lat' dir='ltr'>tu</span> <span class='ocrx_word' id='word_1_142' title='bbox 1671 1263 1819 1306; x_wconf 89' lang='lat' dir='ltr'>nosti</span> 
     </span>
     <span class='ocr_line' id='line_1_17' title="bbox 269 1337 1818 1401; baseline -0.008 -11"><span class='ocrx_word' id='word_1_143' title='bbox 269 1347 406 1401; x_wconf 90' lang='lat' dir='ltr'>quod</span> <span class='ocrx_word' id='word_1_144' title='bbox 442 1360 600 1387; x_wconf 86' lang='lat' dir='ltr'>amem</span> <span class='ocrx_word' id='word_1_145' title='bbox 641 1347 702 1386; x_wconf 89' lang='lat' dir='ltr'>te.</span> <span class='ocrx_word' id='word_1_146' title='bbox 743 1341 1072 1397; x_wconf 87' lang='lat' dir='ltr'>Omnipotentia,</span> <span class='ocrx_word' id='word_1_147' title='bbox 1110 1339 1209 1382; x_wconf 85' lang='lat' dir='ltr'>Joh.</span> <span class='ocrx_word' id='word_1_148' title='bbox 1239 1339 1299 1390; x_wconf 90' lang='grc'>10,</span> <span class='ocrx_word' id='word_1_149' title='bbox 1329 1339 1392 1380; x_wconf 84' lang='grc'>29.</span> <span class='ocrx_word' id='word_1_150' title='bbox 1421 1337 1584 1379; x_wconf 87' lang='lat' dir='ltr'>Pater</span> <span class='ocrx_word' id='word_1_151' title='bbox 1613 1339 1694 1379; x_wconf 89' lang='lat' dir='ltr'>est</span> <span class='ocrx_word' id='word_1_152' title='bbox 1720 1351 1818 1378; x_wconf 88' lang='lat' dir='ltr'>ma-</span> 
     </span>
     <span class='ocr_line' id='line_1_18' title="bbox 264 1407 1819 1472; baseline -0.007 -12"><span class='ocrx_word' id='word_1_153' title='bbox 264 1419 370 1472; x_wconf 86' lang='lat' dir='ltr'>jor,</span> <span class='ocrx_word' id='word_1_154' title='bbox 400 1417 484 1459; x_wconf 87' lang='lat' dir='ltr'>vel</span> <span class='ocrx_word' id='word_1_155' title='bbox 511 1414 818 1470; x_wconf 89' lang='lat' dir='ltr'>potentior,</span> <span class='ocrx_word' id='word_1_156' title='bbox 849 1412 1117 1460; x_wconf 87' lang='lat' dir='ltr'>omnibus,</span> <span class='ocrx_word' id='word_1_157' title='bbox 1145 1413 1238 1452; x_wconf 87' lang='lat' dir='ltr'>etc.</span> <span class='ocrx_word' id='word_1_158' title='bbox 1262 1410 1375 1463; x_wconf 84' lang='lat' dir='ltr'>Ego</span> <span class='ocrx_word' id='word_1_159' title='bbox 1401 1411 1451 1451; x_wconf 89' lang='lat' dir='ltr'>et</span> <span class='ocrx_word' id='word_1_160' title='bbox 1475 1407 1640 1450; x_wconf 83' lang='lat' dir='ltr'>Pater</span> <span class='ocrx_word' id='word_1_161' title='bbox 1663 1422 1819 1450; x_wconf 88' lang='lat' dir='ltr'>unum</span> 
     </span>
     <span class='ocr_line' id='line_1_19' title="bbox 269 1479 1819 1536; baseline -0.008 -5"><span class='ocrx_word' id='word_1_162' title='bbox 269 1503 454 1531; x_wconf 88' lang='lat' dir='ltr'>sumus.</span> <span class='ocrx_word' id='word_1_163' title='bbox 485 1487 554 1530; x_wconf 81' lang='lat' dir='ltr'>Sic</span> <span class='ocrx_word' id='word_1_164' title='bbox 582 1485 691 1527; x_wconf 88' lang='lat' dir='ltr'>Phil.</span> <span class='ocrx_word' id='word_1_165' title='bbox 722 1486 758 1536; x_wconf 85' lang='lat'>3,</span> <span class='ocrx_word' id='word_1_166' title='bbox 785 1485 847 1525; x_wconf 85' lang='lat'>21.</span> <span class='ocrx_word' id='word_1_167' title='bbox 872 1483 1077 1525; x_wconf 84' lang='lat' dir='ltr'>tribuitur</span> <span class='ocrx_word' id='word_1_168' title='bbox 1100 1482 1138 1523; x_wconf 90' lang='lat' dir='ltr'>ei</span> <span class='ocrx_word' id='word_1_169' title='bbox 1162 1481 1349 1523; x_wconf 87' lang='lat' dir='ltr'>efficacia</span> <span class='ocrx_word' id='word_1_170' title='bbox 1378 1494 1479 1533; x_wconf 89' lang='lat' dir='ltr'>qua</span> <span class='ocrx_word' id='word_1_171' title='bbox 1503 1479 1610 1521; x_wconf 84' lang='lat' dir='ltr'>sibi</span> <span class='ocrx_word' id='word_1_172' title='bbox 1633 1481 1819 1532; x_wconf 86' lang='lat' dir='ltr'>potest</span> 
     </span>
     <span class='ocr_line' id='line_1_20' title="bbox 270 1550 1818 1610; baseline -0.007 -8"><span class='ocrx_word' id='word_1_173' title='bbox 270 1559 443 1602; x_wconf 85' lang='lat' dir='ltr'>omnia</span> <span class='ocrx_word' id='word_1_174' title='bbox 484 1558 766 1610; x_wconf 84' lang='lat' dir='ltr'>subjicere.</span> <span class='ocrx_word' id='word_1_175' title='bbox 806 1555 920 1597; x_wconf 88' lang='lat' dir='ltr'>Talis</span> <span class='ocrx_word' id='word_1_176' title='bbox 958 1555 1087 1597; x_wconf 88' lang='lat' dir='ltr'>etiam</span> <span class='ocrx_word' id='word_1_177' title='bbox 1122 1553 1362 1608; x_wconf 84' lang='lat' dir='ltr'>proprietas</span> <span class='ocrx_word' id='word_1_178' title='bbox 1391 1554 1454 1594; x_wconf 85' lang='lat' dir='ltr'>est</span> <span class='ocrx_word' id='word_1_179' title='bbox 1480 1550 1818 1602; x_wconf 86' lang='lat' dir='ltr'>immutabilitas,</span> 
     </span>
     <span class='ocr_line' id='line_1_21' title="bbox 268 1621 1818 1681; baseline -0.006 -9"><span class='ocrx_word' id='word_1_180' title='bbox 268 1630 397 1672; x_wconf 89' lang='lat' dir='ltr'>Hebr.</span> <span class='ocrx_word' id='word_1_181' title='bbox 437 1630 472 1681; x_wconf 92' lang='grc'>1,</span> <span class='ocrx_word' id='word_1_182' title='bbox 512 1630 573 1670; x_wconf 86' lang='grc'>12.</span> <span class='ocrx_word' id='word_1_183' title='bbox 612 1627 686 1669; x_wconf 85' lang='lat' dir='ltr'>Tu</span> <span class='ocrx_word' id='word_1_184' title='bbox 721 1627 858 1668; x_wconf 89' lang='lat' dir='ltr'>idem</span> <span class='ocrx_word' id='word_1_185' title='bbox 901 1641 973 1676; x_wconf 86' lang='lat' dir='ltr'>es,</span> <span class='ocrx_word' id='word_1_186' title='bbox 1013 1628 1063 1667; x_wconf 85' lang='lat' dir='ltr'>et</span> <span class='ocrx_word' id='word_1_187' title='bbox 1099 1625 1224 1666; x_wconf 90' lang='lat' dir='ltr'>anni</span> <span class='ocrx_word' id='word_1_188' title='bbox 1261 1624 1347 1666; x_wconf 88' lang='lat' dir='ltr'>tui</span> <span class='ocrx_word' id='word_1_189' title='bbox 1384 1638 1488 1665; x_wconf 91' lang='lat' dir='ltr'>non</span> <span class='ocrx_word' id='word_1_190' title='bbox 1527 1621 1818 1673; x_wconf 79' lang='lat' dir='ltr'>deficiunt,</span> 
     </span>
     <span class='ocr_line' id='line_1_22' title="bbox 270 1693 1820 1751; baseline -0.005 -9"><span class='ocrx_word' id='word_1_191' title='bbox 270 1704 310 1743; x_wconf 88' lang='lat' dir='ltr'>et</span> <span class='ocrx_word' id='word_1_192' title='bbox 347 1700 454 1742; x_wconf 85' lang='lat' dir='ltr'>Heb.</span> <span class='ocrx_word' id='word_1_193' title='bbox 491 1700 553 1751; x_wconf 84' lang='lat'>13,</span> <span class='ocrx_word' id='word_1_194' title='bbox 592 1698 915 1740; x_wconf 63' lang='lat' dir='ltr'>&amp;Christus</span> <span class='ocrx_word' id='word_1_195' title='bbox 952 1696 1109 1738; x_wconf 84' lang='lat' dir='ltr'>Jesus</span> <span class='ocrx_word' id='word_1_196' title='bbox 1144 1695 1282 1748; x_wconf 82' lang='lat' dir='ltr'>lieri,</span> <span class='ocrx_word' id='word_1_197' title='bbox 1313 1697 1364 1737; x_wconf 84' lang='lat' dir='ltr'>et</span> <span class='ocrx_word' id='word_1_198' title='bbox 1390 1693 1553 1736; x_wconf 85' lang='lat' dir='ltr'>hodie</span> <span class='ocrx_word' id='word_1_199' title='bbox 1581 1693 1738 1746; x_wconf 87' lang='lat' dir='ltr'>idem,</span> <span class='ocrx_word' id='word_1_200' title='bbox 1769 1695 1820 1734; x_wconf 84' lang='lat' dir='ltr'>et</span> 
     </span>
     <span class='ocr_line' id='line_1_23' title="bbox 269 1770 545 1813; baseline -0.007 0"><span class='ocrx_word' id='word_1_201' title='bbox 269 1772 319 1813; x_wconf 92' lang='lat' dir='ltr'>in</span> <span class='ocrx_word' id='word_1_202' title='bbox 352 1770 545 1812; x_wconf 90' lang='lat' dir='ltr'>secula.</span> 
     </span>
    </p>

    <p class='ocr_par' dir='ltr' id='par_1_4' title="bbox 270 1837 1821 2822">
     <span class='ocr_line' id='line_1_24' title="bbox 320 1837 1818 1894; baseline -0.004 -11"><span class='ocrx_word' id='word_1_203' title='bbox 320 1841 474 1884; x_wconf 90' lang='lat' dir='ltr'><strong>XXIX.</strong></span> <span class='ocrx_word' id='word_1_204' title='bbox 515 1840 653 1894; x_wconf 82' lang='lat' dir='ltr'>Opera</span> <span class='ocrx_word' id='word_1_205' title='bbox 689 1840 778 1882; x_wconf 91' lang='lat' dir='ltr'>Deo</span> <span class='ocrx_word' id='word_1_206' title='bbox 817 1840 1004 1894; x_wconf 87' lang='lat' dir='ltr'>propria,</span> <span class='ocrx_word' id='word_1_207' title='bbox 1033 1838 1145 1881; x_wconf 84' lang='lat' dir='ltr'>Filio</span> <span class='ocrx_word' id='word_1_208' title='bbox 1176 1853 1344 1892; x_wconf 89' lang='lat' dir='ltr'>quoque</span> <span class='ocrx_word' id='word_1_209' title='bbox 1373 1838 1531 1891; x_wconf 91' lang='lat' dir='ltr'>ubique</span> <span class='ocrx_word' id='word_1_210' title='bbox 1559 1837 1818 1879; x_wconf 87' lang='lat' dir='ltr'>tribuuntur.</span> 
     </span>
     <span class='ocr_line' id='line_1_25' title="bbox 271 1908 1821 1965; baseline -0.004 -10"><span class='ocrx_word' id='word_1_211' title='bbox 271 1914 401 1963; x_wconf 80' lang='lat' dir='ltr'>Quale</span> <span class='ocrx_word' id='word_1_212' title='bbox 439 1915 512 1965; x_wconf 88' lang='lat' dir='ltr'>est,</span> <span class='ocrx_word' id='word_1_213' title='bbox 543 1912 687 1954; x_wconf 87' lang='lat' dir='ltr'>mundi</span> <span class='ocrx_word' id='word_1_214' title='bbox 715 1912 884 1964; x_wconf 88' lang='lat' dir='ltr'>creatio,</span> <span class='ocrx_word' id='word_1_215' title='bbox 914 1911 1012 1953; x_wconf 83' lang='lat' dir='ltr'>Joh.</span> <span class='ocrx_word' id='word_1_216' title='bbox 1043 1912 1079 1963; x_wconf 92' lang='lat'>1,</span> <span class='ocrx_word' id='word_1_217' title='bbox 1108 1912 1145 1952; x_wconf 84' lang='lat'>3.</span> <span class='ocrx_word' id='word_1_218' title='bbox 1176 1910 1361 1952; x_wconf 87' lang='lat' dir='ltr'>Omnia</span> <span class='ocrx_word' id='word_1_219' title='bbox 1398 1925 1489 1965; x_wconf 89' lang='lat' dir='ltr'>per</span> <span class='ocrx_word' id='word_1_220' title='bbox 1526 1924 1639 1951; x_wconf 87' lang='lat' dir='ltr'>eum</span> <span class='ocrx_word' id='word_1_221' title='bbox 1674 1908 1821 1950; x_wconf 86' lang='lat' dir='ltr'>facta</span> 
     </span>
     <span class='ocr_line' id='line_1_26' title="bbox 272 1980 1821 2036; baseline -0.003 -11"><span class='ocrx_word' id='word_1_222' title='bbox 272 1986 410 2036; x_wconf 91' lang='lat' dir='ltr'>sunt,</span> <span class='ocrx_word' id='word_1_223' title='bbox 436 1986 525 2035; x_wconf 60' lang='lat' dir='ltr'>etc„</span> <span class='ocrx_word' id='word_1_224' title='bbox 551 1983 768 2034; x_wconf 85' lang='lat' dir='ltr'>Col.1,16.</span> <span class='ocrx_word' id='word_1_225' title='bbox 795 1983 893 2024; x_wconf 88' lang='lat' dir='ltr'>Per</span> <span class='ocrx_word' id='word_1_226' title='bbox 921 1997 1031 2024; x_wconf 89' lang='lat' dir='ltr'>eum</span> <span class='ocrx_word' id='word_1_227' title='bbox 1060 1982 1282 2024; x_wconf 90' lang='lat' dir='ltr'>condita</span> <span class='ocrx_word' id='word_1_228' title='bbox 1310 1983 1432 2022; x_wconf 90' lang='lat' dir='ltr'>sunt</span> <span class='ocrx_word' id='word_1_229' title='bbox 1460 1980 1657 2032; x_wconf 88' lang='lat' dir='ltr'>omnia,</span> <span class='ocrx_word' id='word_1_230' title='bbox 1688 1994 1821 2033; x_wconf 87' lang='lat' dir='ltr'>quae</span> 
     </span>
     <span class='ocr_line' id='line_1_27' title="bbox 270 2052 1821 2107; baseline -0.002 -11"><span class='ocrx_word' id='word_1_231' title='bbox 270 2055 321 2095; x_wconf 89' lang='lat' dir='ltr'>in</span> <span class='ocrx_word' id='word_1_232' title='bbox 353 2055 520 2096; x_wconf 89' lang='lat' dir='ltr'>coelis</span> <span class='ocrx_word' id='word_1_233' title='bbox 558 2056 683 2096; x_wconf 88' lang='lat' dir='ltr'>sunt</span> <span class='ocrx_word' id='word_1_234' title='bbox 720 2056 769 2096; x_wconf 88' lang='lat' dir='ltr'>et</span> <span class='ocrx_word' id='word_1_235' title='bbox 798 2054 1005 2107; x_wconf 88' lang='lat' dir='ltr'>quaein</span> <span class='ocrx_word' id='word_1_236' title='bbox 1032 2056 1180 2096; x_wconf 88' lang='lat' dir='ltr'>terra</span> <span class='ocrx_word' id='word_1_237' title='bbox 1211 2055 1354 2105; x_wconf 89' lang='lat' dir='ltr'>sunt,</span> <span class='ocrx_word' id='word_1_238' title='bbox 1383 2052 1639 2094; x_wconf 86' lang='lat' dir='ltr'>visibilia</span> <span class='ocrx_word' id='word_1_239' title='bbox 1669 2054 1719 2094; x_wconf 91' lang='lat' dir='ltr'>et</span> <span class='ocrx_word' id='word_1_240' title='bbox 1746 2052 1821 2093; x_wconf 90' lang='lat' dir='ltr'>in-</span> 
     </span>
     <span class='ocr_line' id='line_1_28' title="bbox 271 2123 1819 2176; baseline -0.001 -10"><span class='ocrx_word' id='word_1_241' title='bbox 271 2126 530 2167; x_wconf 87' lang='lat' dir='ltr'>visibilia.</span> <span class='ocrx_word' id='word_1_242' title='bbox 560 2124 756 2167; x_wconf 85' lang='lat' dir='ltr'>Omnium</span> <span class='ocrx_word' id='word_1_243' title='bbox 783 2141 924 2168; x_wconf 83' lang='lat' dir='ltr'>reruni</span> <span class='ocrx_word' id='word_1_244' title='bbox 949 2128 1184 2168; x_wconf 86' lang='lat' dir='ltr'>creatarum</span> <span class='ocrx_word' id='word_1_245' title='bbox 1210 2124 1478 2176; x_wconf 85' lang='lat' dir='ltr'>sustentatio,</span> <span class='ocrx_word' id='word_1_246' title='bbox 1500 2123 1660 2166; x_wconf 80' lang='lat' dir='ltr'>Coloss.</span> <span class='ocrx_word' id='word_1_247' title='bbox 1690 2123 1727 2175; x_wconf 90' lang='lat'>1,</span> <span class='ocrx_word' id='word_1_248' title='bbox 1757 2123 1819 2165; x_wconf 84' lang='lat'>17.</span> 
     </span>
     <span class='ocr_line' id='line_1_29' title="bbox 273 2195 1821 2251; baseline -0.001 -13"><span class='ocrx_word' id='word_1_249' title='bbox 273 2196 458 2239; x_wconf 87' lang='lat' dir='ltr'>Omnia</span> <span class='ocrx_word' id='word_1_250' title='bbox 494 2213 584 2251; x_wconf 87' lang='lat' dir='ltr'>per</span> <span class='ocrx_word' id='word_1_251' title='bbox 622 2212 733 2238; x_wconf 86' lang='lat' dir='ltr'>eum</span> <span class='ocrx_word' id='word_1_252' title='bbox 771 2198 1091 2239; x_wconf 83' lang='lat' dir='ltr'>consistunt.</span> <span class='ocrx_word' id='word_1_253' title='bbox 1119 2197 1229 2240; x_wconf 81' lang='lat' dir='ltr'>Heb.</span> <span class='ocrx_word' id='word_1_254' title='bbox 1262 2198 1298 2248; x_wconf 92' lang='lat'>1,</span> <span class='ocrx_word' id='word_1_255' title='bbox 1328 2198 1364 2238; x_wconf 82' lang='lat'>3.</span> <span class='ocrx_word' id='word_1_256' title='bbox 1395 2195 1583 2238; x_wconf 87' lang='lat' dir='ltr'>Omnia</span> <span class='ocrx_word' id='word_1_257' title='bbox 1613 2198 1821 2237; x_wconf 84' lang='lat' dir='ltr'>susten-</span> 
     </span>
     <span class='ocr_line' id='line_1_30' title="bbox 273 2268 1820 2323; baseline 0 -14"><span class='ocrx_word' id='word_1_258' title='bbox 273 2270 352 2309; x_wconf 87' lang='lat' dir='ltr'>tat</span> <span class='ocrx_word' id='word_1_259' title='bbox 382 2269 542 2310; x_wconf 88' lang='lat' dir='ltr'>verbo</span> <span class='ocrx_word' id='word_1_260' title='bbox 572 2268 855 2322; x_wconf 87' lang='lat' dir='ltr'>potentiae</span> <span class='ocrx_word' id='word_1_261' title='bbox 885 2284 1019 2311; x_wconf 89' lang='lat' dir='ltr'>suae.</span> <span class='ocrx_word' id='word_1_262' title='bbox 1050 2269 1152 2311; x_wconf 85' lang='lat' dir='ltr'>Tale</span> <span class='ocrx_word' id='word_1_263' title='bbox 1183 2284 1291 2323; x_wconf 85' lang='lat' dir='ltr'>opus</span> <span class='ocrx_word' id='word_1_264' title='bbox 1320 2271 1385 2310; x_wconf 87' lang='lat' dir='ltr'>est</span> <span class='ocrx_word' id='word_1_265' title='bbox 1411 2268 1678 2310; x_wconf 86' lang='lat' dir='ltr'>resuscitatio</span> <span class='ocrx_word' id='word_1_266' title='bbox 1706 2281 1820 2309; x_wconf 86' lang='lat' dir='ltr'>mor-</span> 
     </span>
     <span class='ocr_line' id='line_1_31' title="bbox 271 2339 1821 2391; baseline -0.001 -11"><span class='ocrx_word' id='word_1_267' title='bbox 271 2341 452 2391; x_wconf 87' lang='lat' dir='ltr'>tuorum,</span> <span class='ocrx_word' id='word_1_268' title='bbox 482 2339 581 2380; x_wconf 83' lang='lat' dir='ltr'>Joh.</span> <span class='ocrx_word' id='word_1_269' title='bbox 607 2340 643 2390; x_wconf 81' lang='lat'>5,</span> <span class='ocrx_word' id='word_1_270' title='bbox 669 2340 731 2380; x_wconf 83' lang='lat'>21.</span> <span class='ocrx_word' id='word_1_271' title='bbox 757 2340 1204 2389; x_wconf 75' lang='lat' dir='ltr'>Quemadmodum</span> <span class='ocrx_word' id='word_1_272' title='bbox 1233 2340 1396 2382; x_wconf 86' lang='lat' dir='ltr'>Pater</span> <span class='ocrx_word' id='word_1_273' title='bbox 1425 2340 1662 2381; x_wconf 89' lang='lat' dir='ltr'>suscitat</span> <span class='ocrx_word' id='word_1_274' title='bbox 1690 2352 1821 2379; x_wconf 89' lang='lat' dir='ltr'>mor-</span> 
     </span>
     <span class='ocr_line' id='line_1_32' title="bbox 272 2409 1821 2464; baseline 0.001 -14"><span class='ocrx_word' id='word_1_275' title='bbox 272 2413 397 2451; x_wconf 83' lang='lat' dir='ltr'>tuos</span> <span class='ocrx_word' id='word_1_276' title='bbox 436 2413 485 2452; x_wconf 90' lang='lat' dir='ltr'>et</span> <span class='ocrx_word' id='word_1_277' title='bbox 521 2410 795 2461; x_wconf 80' lang='lat' dir='ltr'>vivificat,</span> <span class='ocrx_word' id='word_1_278' title='bbox 825 2411 900 2452; x_wconf 86' lang='lat' dir='ltr'>sic</span> <span class='ocrx_word' id='word_1_279' title='bbox 929 2414 978 2452; x_wconf 93' lang='lat' dir='ltr'>et</span> <span class='ocrx_word' id='word_1_280' title='bbox 1006 2410 1182 2452; x_wconf 88' lang='lat' dir='ltr'>Filius</span> <span class='ocrx_word' id='word_1_281' title='bbox 1213 2426 1345 2464; x_wconf 89' lang='lat' dir='ltr'>quos</span> <span class='ocrx_word' id='word_1_282' title='bbox 1374 2411 1513 2462; x_wconf 86' lang='lat' dir='ltr'>vult,</span> <span class='ocrx_word' id='word_1_283' title='bbox 1541 2409 1821 2460; x_wconf 82' lang='lat' dir='ltr'>vivificat,</span> 
     </span>
     <span class='ocr_line' id='line_1_33' title="bbox 273 2480 1821 2534; baseline -0.001 -11"><span class='ocrx_word' id='word_1_284' title='bbox 273 2483 315 2523; x_wconf 89' lang='lat' dir='ltr'>et</span> <span class='ocrx_word' id='word_1_285' title='bbox 336 2481 433 2522; x_wconf 80' lang='lat' dir='ltr'>Joh.</span> <span class='ocrx_word' id='word_1_286' title='bbox 463 2483 498 2533; x_wconf 77' lang='lat'>6,</span> <span class='ocrx_word' id='word_1_287' title='bbox 529 2482 591 2522; x_wconf 84' lang='lat'>40.</span> <span class='ocrx_word' id='word_1_288' title='bbox 625 2481 736 2534; x_wconf 81' lang='lat' dir='ltr'>Ego</span> <span class='ocrx_word' id='word_1_289' title='bbox 765 2482 895 2524; x_wconf 90' lang='lat' dir='ltr'>illos</span> <span class='ocrx_word' id='word_1_290' title='bbox 921 2483 1201 2524; x_wconf 84' lang='lat' dir='ltr'>suscitabo</span> <span class='ocrx_word' id='word_1_291' title='bbox 1231 2483 1426 2524; x_wconf 89' lang='lat' dir='ltr'>ultimo</span> <span class='ocrx_word' id='word_1_292' title='bbox 1458 2482 1553 2524; x_wconf 88' lang='lat' dir='ltr'>die.</span> <span class='ocrx_word' id='word_1_293' title='bbox 1584 2481 1693 2524; x_wconf 86' lang='lat' dir='ltr'>Item</span> <span class='ocrx_word' id='word_1_294' title='bbox 1719 2480 1821 2523; x_wconf 86' lang='lat' dir='ltr'>mis-</span> 
     </span>
     <span class='ocr_line' id='line_1_34' title="bbox 273 2552 1821 2605; baseline 0.001 -14"><span class='ocrx_word' id='word_1_295' title='bbox 273 2552 333 2593; x_wconf 79' lang='lat' dir='ltr'>sio</span> <span class='ocrx_word' id='word_1_296' title='bbox 372 2552 554 2605; x_wconf 78' lang='lat' dir='ltr'>Spiritus</span> <span class='ocrx_word' id='word_1_297' title='bbox 593 2552 632 2595; x_wconf 84' lang='lat' dir='ltr'>S.</span> <span class='ocrx_word' id='word_1_298' title='bbox 672 2552 769 2594; x_wconf 85' lang='lat' dir='ltr'>Joh.</span> <span class='ocrx_word' id='word_1_299' title='bbox 810 2554 870 2604; x_wconf 84' lang='lat'>16,</span> <span class='ocrx_word' id='word_1_300' title='bbox 909 2554 944 2595; x_wconf 88' lang='lat'>7.</span> <span class='ocrx_word' id='word_1_301' title='bbox 983 2557 1024 2595; x_wconf 84' lang='lat' dir='ltr'>et</span> <span class='ocrx_word' id='word_1_302' title='bbox 1051 2555 1282 2596; x_wconf 86' lang='lat' dir='ltr'>multorum</span> <span class='ocrx_word' id='word_1_303' title='bbox 1311 2555 1491 2597; x_wconf 86' lang='lat' dir='ltr'>aliorum</span> <span class='ocrx_word' id='word_1_304' title='bbox 1520 2554 1821 2596; x_wconf 85' lang='lat' dir='ltr'>miraculorum</span> 
     </span>
     <span class='ocr_line' id='line_1_35' title="bbox 275 2623 1821 2680; baseline 0.001 -17"><span class='ocrx_word' id='word_1_305' title='bbox 275 2623 510 2665; x_wconf 87' lang='lat' dir='ltr'>divinorum</span> <span class='ocrx_word' id='word_1_306' title='bbox 548 2624 746 2677; x_wconf 85' lang='lat' dir='ltr'>patratio,</span> <span class='ocrx_word' id='word_1_307' title='bbox 780 2625 906 2667; x_wconf 88' lang='lat' dir='ltr'>Marc.</span> <span class='ocrx_word' id='word_1_308' title='bbox 937 2626 1000 2677; x_wconf 83' lang='grc'>16,</span> <span class='ocrx_word' id='word_1_309' title='bbox 1029 2627 1091 2667; x_wconf 87' lang='grc'>20.</span> <span class='ocrx_word' id='word_1_310' title='bbox 1123 2629 1199 2668; x_wconf 85' lang='lat' dir='ltr'>etc.</span> <span class='ocrx_word' id='word_1_311' title='bbox 1227 2626 1347 2668; x_wconf 89' lang='lat' dir='ltr'>Talia</span> <span class='ocrx_word' id='word_1_312' title='bbox 1376 2641 1545 2680; x_wconf 85' lang='lat' dir='ltr'>quoque</span> <span class='ocrx_word' id='word_1_313' title='bbox 1574 2627 1674 2667; x_wconf 87' lang='lat' dir='ltr'>sunt</span> <span class='ocrx_word' id='word_1_314' title='bbox 1701 2637 1821 2666; x_wconf 85' lang='lat' dir='ltr'>sanc·-</span> 
     </span>
     <span class='ocr_line' id='line_1_36' title="bbox 274 2693 1821 2751; baseline 0.002 -17"><span class='ocrx_word' id='word_1_315' title='bbox 274 2693 447 2736; x_wconf 85' lang='lat' dir='ltr'>tificatio</span> <span class='ocrx_word' id='word_1_316' title='bbox 478 2697 519 2736; x_wconf 92' lang='lat' dir='ltr'>et</span> <span class='ocrx_word' id='word_1_317' title='bbox 548 2695 799 2748; x_wconf 86' lang='lat' dir='ltr'>glorificatio</span> <span class='ocrx_word' id='word_1_318' title='bbox 829 2697 977 2748; x_wconf 89' lang='lat' dir='ltr'>nostri,</span> <span class='ocrx_word' id='word_1_319' title='bbox 1007 2712 1112 2749; x_wconf 86' lang='lat' dir='ltr'>quae</span> <span class='ocrx_word' id='word_1_320' title='bbox 1141 2696 1308 2739; x_wconf 86' lang='lat' dir='ltr'>Christo</span> <span class='ocrx_word' id='word_1_321' title='bbox 1338 2698 1497 2751; x_wconf 87' lang='lat' dir='ltr'>passim</span> <span class='ocrx_word' id='word_1_322' title='bbox 1521 2697 1562 2739; x_wconf 90' lang='lat' dir='ltr'>in</span> <span class='ocrx_word' id='word_1_323' title='bbox 1589 2695 1821 2750; x_wconf 80' lang='lat' dir='ltr'>Scripturis</span> 
     </span>
     <span class='ocr_line' id='line_1_37' title="bbox 275 2765 1549 2822; baseline 0.004 -16"><span class='ocrx_word' id='word_1_324' title='bbox 275 2765 550 2818; x_wconf 84' lang='lat' dir='ltr'>ascribuntur,</span> <span class='ocrx_word' id='word_1_325' title='bbox 580 2769 621 2808; x_wconf 86' lang='lat' dir='ltr'>et</span> <span class='ocrx_word' id='word_1_326' title='bbox 650 2766 751 2808; x_wconf 87' lang='lat' dir='ltr'>alibi</span> <span class='ocrx_word' id='word_1_327' title='bbox 780 2769 920 2808; x_wconf 85' lang='lat' dir='ltr'>tamen</span> <span class='ocrx_word' id='word_1_328' title='bbox 949 2767 1039 2809; x_wconf 82' lang='lat' dir='ltr'>Deo</span> <span class='ocrx_word' id='word_1_329' title='bbox 1068 2769 1242 2822; x_wconf 86' lang='lat' dir='ltr'>propria</span> <span class='ocrx_word' id='word_1_330' title='bbox 1271 2770 1549 2811; x_wconf 85' lang='lat' dir='ltr'>vindicantur.</span> 
     </span>
    </p>

    <p class='ocr_par' dir='ltr' id='par_1_5' title="bbox 327 2836 1822 2894">
     <span class='ocr_line' id='line_1_38' title="bbox 327 2836 1822 2894; baseline 0.003 -17"><span class='ocrx_word' id='word_1_331' title='bbox 327 2836 460 2878; x_wconf 89' lang='lat' dir='ltr'><strong>XXX.</strong></span> <span class='ocrx_word' id='word_1_332' title='bbox 497 2837 688 2890; x_wconf 88' lang='lat' dir='ltr'>Denique</span> <span class='ocrx_word' id='word_1_333' title='bbox 726 2839 864 2880; x_wconf 84' lang='lat' dir='ltr'>cultus</span> <span class='ocrx_word' id='word_1_334' title='bbox 892 2838 983 2880; x_wconf 88' lang='lat' dir='ltr'>Deo</span> <span class='ocrx_word' id='word_1_335' title='bbox 1013 2839 1208 2893; x_wconf 84' lang='lat' dir='ltr'>proprius</span> <span class='ocrx_word' id='word_1_336' title='bbox 1238 2843 1279 2882; x_wconf 85' lang='lat' dir='ltr'>et</span> <span class='ocrx_word' id='word_1_337' title='bbox 1307 2840 1546 2894; x_wconf 87' lang='lat' dir='ltr'>singularis,</span> <span class='ocrx_word' id='word_1_338' title='bbox 1575 2839 1687 2882; x_wconf 83' lang='lat' dir='ltr'>Filio</span> <span class='ocrx_word' id='word_1_339' title='bbox 1716 2854 1822 2893; x_wconf 86' lang='lat' dir='ltr'>quo-</span> 
     </span>
    </p>
   </div>
   <div class='ocr_carea' id='block_1_3' title="bbox 276 2909 1901 2962">
    <p class='ocr_par' dir='ltr' id='par_1_6' title="bbox 276 2909 1901 2962">
     <span class='ocr_line' id='line_1_39' title="bbox 276 2909 1901 2962; baseline 0.002 -14"><span class='ocrx_word' id='word_1_340' title='bbox 276 2921 354 2960; x_wconf 90' lang='lat' dir='ltr'>que</span> <span class='ocrx_word' id='word_1_341' title='bbox 382 2922 462 2949; x_wconf 90' lang='lat' dir='ltr'>non</span> <span class='ocrx_word' id='word_1_342' title='bbox 494 2909 631 2950; x_wconf 87' lang='lat' dir='ltr'>minus</span> <span class='ocrx_word' id='word_1_343' title='bbox 660 2924 786 2961; x_wconf 87' lang='lat' dir='ltr'>quam</span> <span class='ocrx_word' id='word_1_344' title='bbox 816 2909 933 2951; x_wconf 85' lang='lat' dir='ltr'>Patri</span> <span class='ocrx_word' id='word_1_345' title='bbox 962 2910 1118 2962; x_wconf 78' lang='lat' dir='ltr'>passim</span> <span class='ocrx_word' id='word_1_346' title='bbox 1147 2910 1342 2952; x_wconf 85' lang='lat' dir='ltr'>defertur.</span> <span class='ocrx_word' id='word_1_347' title='bbox 1369 2911 1516 2960; x_wconf 85' lang='lat' dir='ltr'>Qualis</span> <span class='ocrx_word' id='word_1_348' title='bbox 1541 2914 1605 2954; x_wconf 86' lang='lat' dir='ltr'>est</span> <span class='ocrx_word' id='word_1_349' title='bbox 1628 2910 1821 2954; x_wconf 84' lang='lat' dir='ltr'>adoratio</span> <span class='ocrx_word' id='word_1_350' title='bbox 1899 2938 1901 2942; x_wconf 36' lang='grc' dir='ltr'><strong><em>ι</em></strong></span> 
     </span>
    </p>
   </div>
   <div class='ocr_carea' id='block_1_4' title="bbox 276 2978 1822 3035">
    <p class='ocr_par' dir='ltr' id='par_1_7' title="bbox 276 2978 1822 3035">
     <span class='ocr_line' id='line_1_40' title="bbox 276 2978 1822 3035; baseline 0.002 -16"><span class='ocrx_word' id='word_1_351' title='bbox 276 2980 317 3019; x_wconf 83' lang='lat' dir='ltr'>et</span> <span class='ocrx_word' id='word_1_352' title='bbox 358 2978 580 3030; x_wconf 84' lang='lat' dir='ltr'>invocatio,</span> <span class='ocrx_word' id='word_1_353' title='bbox 621 2980 715 3021; x_wconf 88' lang='lat' dir='ltr'>Act.</span> <span class='ocrx_word' id='word_1_354' title='bbox 758 2980 793 3030; x_wconf 90' lang='lat'>7,</span> <span class='ocrx_word' id='word_1_355' title='bbox 832 2981 894 3021; x_wconf 80' lang='lat'>59.</span> <span class='ocrx_word' id='word_1_356' title='bbox 941 2979 1346 3033; x_wconf 85' lang='lat' dir='ltr'>Lapidaverunt</span> <span class='ocrx_word' id='word_1_357' title='bbox 1382 2981 1559 3035; x_wconf 87' lang='lat' dir='ltr'>igitur</span> <span class='ocrx_word' id='word_1_358' title='bbox 1596 2981 1822 3034; x_wconf 84' lang='lat' dir='ltr'>Stepha-</span> 
     </span>
    </p>
   </div>
  </div>
 </body>
</html>
