1931 3224
274 114 337 156 DE
365 128 632 156 Mmrsrnonun
658 112 1044 156 EocLEsiAsrtconUM
1073 113 1221 156 VocAr.
1251 129 1297 155 ET
1326 115 1474 158 FUNCT.
1570 118 1649 159 473

104 255 154 282 ea
180 239 366 281 Azotum
393 253 526 291 usque
554 238 804 280 miraculose
832 239 1034 292 abreptus
1060 239 1153 292 fuit,
1178 239 1274 282 Act.
1300 241 1336 292 8,
1364 241 1400 282 5.
1426 242 1489 282 27.
1515 242 1578 282 39.
1602 243 1666 284 40.

156 309 350 354 LXVIII.
390 309 620 363 Nugantur
649 324 750 363 ergo
780 308 1009 362 Sociniani,
1041 325 1135 352 cum
1166 326 1216 353 ex
1243 311 1424 353 istorum
1452 312 1668 355 Diacono—

104 398 198 424 rum
249 382 451 435 exemplis
504 382 849 423 extraordinariis
904 382 1175 434 concludunt,
1222 397 1348 437 posse
1391 383 1576 436 aliquem
1619 399 1669 426 ex

104 453 307 496 Diaconis
351 453 575 495 ordinariis
614 453 703 495 sine
738 453 953 495 Ecclesiae
992 453 1230 506 vocatione,
1268 457 1370 496 tunc
1409 456 1537 497 etiam
1575 470 1669 497 cum

108 525 209 567 ordo
238 525 283 565 in
312 538 360 565 eo
391 526 596 575 servatur,
627 527 668 566 et
697 540 722 566 a
751 525 945 566 doctrina
974 528 1146 579 recepta
1170 540 1257 567 non
1281 527 1502 576 receditur,
1527 527 1669 569 Evan-

107 596 268 650 gelium
296 595 553 649 praedicare,
583 611 631 637 ac
659 595 934 638 Sacramenta
964 596 1271 639 administrare.

160 666 309 708 LXIX.
347 666 466 708 Idem
504 682 547 708 se
585 667 737 721 spiritu
777 667 1126 709 contradictionis
1166 683 1214 709 ac
1251 669 1474 722 vertiginis
1514 670 1670 724 agitari

19 753 48 792 sp
108 738 348 790 ostendunt,
392 738 492 779 dum
534 753 642 791 opus
686 738 817 780 officii
853 739 1094 793 pastoralis,
1133 740 1184 781 ad
1223 740 1336 792 quod
1373 756 1459 782 non
1499 741 1580 783 nisi
1618 742 1671 783 ad

107 809 342 852 Ecclesiam
370 808 450 851 Dei
477 809 733 862 pascendam
760 809 949 861 idoneos,
975 811 1100 862 juxta
1130 826 1311 853 canones
1335 826 1417 853 ase
1433 813 1670 866 praescrip-

108 884 188 933 tos,
226 881 394 922 admitti
424 881 515 922 vult
543 881 791 935 Apostolus,
822 883 842 923 'l
878 882 985 923 Tim.
1015 882 1051 923 3.
1082 884 1124 923 et
1153 881 1236 923 Tit.
1268 884 1302 924 1.
1340 898 1446 936 opus
1481 884 1671 925 caritatis

108 955 370 1006 nuncupant,
400 953 514 1005 quod
543 951 724 1005 quilibet
751 952 795 993 in
824 952 1014 994 Ecclesia
1039 967 1231 994 exercere
1256 953 1404 1006 possit,
1432 955 1672 996 ministros-

111 1040 192 1077 que
220 1026 416 1077 respectu
444 1024 786 1077 dispensatorum
814 1024 866 1065 ab
895 1023 978 1065 illis
1002 1023 1373 1066 Sacramentorum
1398 1026 1519 1067 verbi
1542 1025 1673 1067 divini

111 1095 380 1149 cooperarios
418 1094 625 1148 appellari
662 1096 831 1147 negant.
860 1093 974 1135 Nam
1002 1097 1303 1147 praeterquam
1331 1096 1445 1148 quod
1474 1111 1525 1138 ex
1553 1096 1673 1150 Apo-

111 1167 317 1209 stolorum
360 1168 488 1219 atque
530 1166 710 1208 aliorum
755 1167 977 1219 pastorum
1019 1166 1231 1217 missione,
1275 1182 1409 1219 usque
1452 1168 1505 1208 ad
1546 1168 1674 1209 finem

111 1238 258 1280 mundi
281 1240 404 1291 juxta
433 1238 592 1280 Christi
621 1238 948 1292 promissionem
978 1238 1192 1290 duratura,
1222 1239 1321 1280 falsi
1348 1240 1547 1293 redargui
1575 1254 1674 1294 pos-

113 1313 224 1362 sunt,
252 1310 391 1353 Deum
420 1311 493 1364 qui
521 1326 597 1364 per
625 1310 882 1365 Apostolum
906 1311 1042 1363 jubet,
1072 1313 1120 1352 ut
1149 1311 1291 1352 omnia
1320 1311 1426 1352 fiant
1452 1312 1496 1353 in
1526 1311 1673 1353 Eccle-

113 1383 175 1424 sia
217 1382 298 1424 Dei
341 1382 486 1424 ordine
529 1385 570 1424 et
613 1382 818 1434 decenter,
865 1382 885 1423 1
926 1381 1019 1423 Cor.
1060 1382 1120 1435 14,
1159 1382 1211 1423 40
1249 1387 1320 1430 τῆς
1337 1383 1673 1431 ἀκαταστασίας,

112 1469 185 1496 seu
213 1453 488 1507 incompositi
517 1455 667 1504 status,
698 1469 721 1495 a
751 1468 834 1506 quo
862 1453 1046 1495 maxime
1075 1453 1290 1505 abhorret,
1320 1456 1428 1495 teste
1446 1453 1672 1506 Apostolo,

114 1526 135 1567 1
180 1524 274 1567 Cor.
313 1526 376 1576 14,
415 1526 477 1566 33.
518 1527 735 1566 auctorem
773 1527 901 1577 atque
939 1524 1269 1579 approbatorem
1297 1524 1470 1566 faciunt.
1499 1524 1674 1566 Socin.

115 1597 173 1638 de
224 1596 490 1638 Ecclesia.
545 1595 792 1638 Ostorod.
836 1595 1020 1637 Instit.
1065 1610 1155 1648 cap.
1197 1596 1263 1637 42.
1306 1594 1480 1637 Nicol.
1526 1596 1672 1637 circa

113 1667 280 1709 finem
310 1667 511 1709 defens.
541 1666 650 1709 Soc.
681 1667 869 1708 Smalo.
900 1667 1031 1720 disp.
1062 1667 1121 1708 de
1150 1666 1354 1709 Minist.

168 1738 295 1780 LXX.
339 1738 444 1780 Cum
484 1753 570 1779 non
612 1738 751 1779 minus
795 1738 847 1779 ad
887 1738 1242 1791 Presbyterorum
1284 1754 1331 1780 ac
1373 1737 1675 1791 Diaconorum,

116 1826 243 1864 quam
282 1810 334 1852 ad
371 1809 598 1851 Pastorum
637 1810 897 1861 electionem,
935 1809 1215 1863 Magistratus
1244 1825 1292 1852 ac
1321 1810 1472 1863 populi
1502 1811 1677 1852 eandem

115 1882 242 1924 fidem
280 1896 375 1923 cum
412 1881 683 1935 Presbyterio
722 1881 976 1934 profitentis,
1018 1896 1245 1923 consensus
1282 1882 1537 1935 requiratur,
1577 1897 1676 1935 pec-

117 1955 215 1995 cant
252 1951 480 2004 Pontificii,
521 1953 593 2004 qui
621 1967 698 1994 nec
726 1952 1014 2005 magistratus,
1045 1966 1120 1994 nec
1149 1953 1300 2006 populi
1330 1953 1563 1995 Christiani
1591 1954 1677 1995 sui-

116 2025 302 2079 fragium
331 2025 383 2065 ad
411 2024 806 2065 Ecclesiasticorum
834 2039 1006 2065 suorum
1036 2024 1287 2066 electionem
1317 2025 1560 2066 admittunt.
1589 2025 1678 2067 Vo-

119 2097 229 2138 catio
270 2096 382 2137 enim
422 2110 567 2137 eorum
607 2095 680 2147 qui
709 2109 883 2148 operam
913 2110 1033 2137 suam
1062 2096 1144 2136 toti
1172 2094 1387 2137 Ecclesiae
1418 2099 1677 2148 consecrant,

118 2167 252 2209 totius
288 2167 504 2208 Ecclesiae
542 2181 745 2208 consensu
784 2166 1014 2220 approbari
1052 2166 1188 2219 debet,
1222 2181 1274 2208 ne
1302 2166 1495 2208 minister
1524 2167 1677 2220 aliquis

118 2239 301 2291 ineptus,
332 2240 405 2280 aut
432 2239 626 2291 ingratus
657 2238 695 2280 ei
723 2239 986 2280 obtrudatur.

172 2309 323 2351 LXXI.
353 2309 542 2361 Interim,
572 2309 697 2351 sicuti
726 2309 931 2351 Matthias
961 2310 1014 2351 ad
1043 2310 1332 2363 apostolatum
1362 2313 1403 2352 et
1432 2310 1598 2352 diaconi
1628 2310 1679 2351 ad

121 2380 370 2433 diaconiam,
400 2381 704 2434 praeeuntibus
731 2380 967 2434 Apostolis,
991 2381 1125 2423 totius
1149 2381 1365 2423 Ecclesiae
1389 2382 1553 2435 priscae
1580 2395 1679 2423 con-

121 2466 245 2494 sensu
283 2452 406 2493 electi
441 2451 624 2504 fuerunt,
663 2452 735 2504 sic,
776 2453 811 2494 si
841 2453 986 2494 ordine
1016 2452 1167 2494 saltem
1197 2453 1476 2506 praecedente
1504 2453 1681 2507 presby-

121 2524 219 2566 terii
249 2524 494 2578 cognitione
523 2527 650 2577 atque
681 2525 897 2576 electione,
927 2525 989 2577 pii
1018 2524 1296 2578 Magistratus
1327 2525 1466 2577 primo
1497 2524 1603 2576 loco,
1633 2527 1681 2566 ut

123 2595 317 2638 custodes
355 2595 577 2648 utriusque
613 2596 785 2637 tabulae
821 2596 1119 2638 mandatorum
1158 2595 1250 2647 Dei,
1281 2597 1409 2648 atque
1438 2595 1571 2648 ipsius
1598 2596 1681 2638 Ec-

123 2669 273 2712 clesiae
309 2668 483 2710 nutricii
521 2683 594 2710 seu
634 2671 973 2710 conservatores:
1013 2668 1162 2709 deinde
1198 2667 1352 2719 reliqui
1391 2681 1441 2708 ex
1469 2666 1605 2719 plebe,
1634 2669 1682 2709 ut

124 2741 309 2795 ejusdem
346 2740 561 2782 Ecclesiae
589 2739 821 2791 domestici,
850 2738 1107 2793 presbyterii
1136 2737 1334 2780 electioni
1362 2752 1483 2778 suum
1513 2752 1682 2791 quoque

123 2811 329 2853 calculum
379 2811 594 2864 adjiciant,
646 2810 842 2852 omnibus
893 2809 1080 2850 numeris
1122 2809 1335 2862 completa
1377 2808 1458 2850 erit
1498 2809 1683 2852 ministri

123 2883 259 2925 futuri
286 2883 455 2925 vocatio
484 2883 613 2934 atque
643 2882 867 2924 ordinatio.

179 2953 349 2996 LXXII.
387 2953 489 2996 Non
526 2953 663 2995 solum
701 2955 934 3006 pastorum,
963 2953 1035 2994 sed
1065 2954 1106 2993 et
1134 2951 1482 3005 presbyterorum
1512 2966 1681 3006 quoque
