1931 3224
554 124 616 166 DE
645 124 920 167 ELEEMosrms
949 139 994 166 ET
1024 123 1213 165 ε1311111113.
1584 125 1663 164 393

106 264 342 304 pauperum
383 249 557 302 accedit,
599 249 669 290 vix
710 250 938 302 quicquam
976 248 1027 290 ad
1065 262 1208 290 curam
1245 262 1482 301 pauperum
1520 246 1663 288 deerit.

106 321 167 363 At
204 321 274 363 hic
311 322 523 374 rejicimus
565 335 710 363 eorum
749 320 1014 371 sententiam,
1053 319 1125 372 qui
1162 318 1239 360 sub
1268 320 1493 372 praetextu
1522 317 1664 370 priva—

107 394 176 434 tae
226 407 274 434 ac
314 392 472 434 liberae
515 407 639 434 curae
681 406 931 445 pauperum,
975 390 1189 444 publicam
1232 404 1424 431 eversum
1467 391 1579 441 eunt,
1624 390 1666 429 et

109 466 269 505 contra.

160 534 360 576 XXXIII.
399 533 503 575 Cum
531 533 812 587 Eleemosyna
843 535 984 575 autem
1013 532 1222 583 cohaeret,
1252 532 1338 573 imo
1367 531 1444 573 sub
1476 545 1524 573 ea
1552 545 1666 572 com-

108 605 383 660 prehenditur
420 605 591 646 mutui
631 605 802 657 datio,
843 619 950 657 quae
989 604 1146 658 egenis,
1187 604 1259 656 qui
1296 618 1381 644 non
1411 604 1596 654 omnino,
1627 606 1668 645 et

108 677 159 719 ad
196 679 365 729 tempus
403 677 573 716 tantum
603 678 742 731 egent,
772 675 1044 729 impenditur,
1078 675 1230 728 quibus
1259 677 1407 716 mutuo
1438 675 1536 716 dato
1570 689 1668 716 con-

107 749 328 791 sulendum
365 750 440 799 est,
478 748 604 799 idque
644 747 734 787 sine
773 746 930 798 fenore,
972 747 1202 788 secundum
1237 746 1341 787 illud
1382 745 1508 787 Deut.
1540 746 1600 797 15,
1632 747 1668 787 8.

108 819 335 872 Aperies
364 833 572 860 manum
600 820 743 859 tuam
766 819 1021 871 pauperi,
1049 820 1099 859 et
1124 818 1277 859 dabis
1302 819 1541 859 mutuum
1567 832 1667 869 quo

109 905 221 933 eum
249 890 501 943 indigere
530 888 905 942 prospexeris,
938 891 980 930 et
1007 888 1274 939 Ρ30111113100,
1303 888 1495 930 Justus
1520 888 1669 930 mise-

108 965 257 1004 retur
287 963 337 1003 et
368 961 688 1012 commodat,
718 960 785 1001 PS.
817 960 882 1012 37,
912 960 976 1000 26.
1008 959 1130 1008 Quod
1158 959 1315 1012 repetit
1344 959 1549 1011 Christus,
1579 959 1670 1001 Pe-

107 1034 248 1075 tenti
274 1033 366 1074 abs
391 1035 441 1074 te
468 1033 615 1084 11010,
642 1034 692 1074 01
715 1031 988 1073 volentem
1011 1030 1336 1072 1111110011110
1363 1033 1668 1082 aversator,

107 1104 229 1146 Matt.
268 1105 304 1157 5,
334 1105 398 1145 42.
429 1106 470 1145 01
499 1103 596 1145 Luc.
626 1104 663 1155 6,
692 1104 756 1145 35,
787 1102 1027 1144 Mutuum
1056 1103 1199 1154 date,
1230 1102 1373 1143 nihil
1402 1103 1525 1144 inde
1555 1118 1669 1156 spe-

106 1179 315 1228 rantes,
357 1175 400 1217 id
443 1177 517 1227 est,
564 1190 692 1228 supra
733 1177 903 1227 sortem,
942 1189 1079 1227 neque
1117 1175 1250 1228 paria,
1287 1176 1335 1215 ut
1375 1189 1425 1215 ex
1463 1188 1568 1216 vers
1606 1174 1669 1215 34.

107 1250 308 1302 apparet:
350 1248 436 1289 imo
481 1247 516 1289 si
559 1262 626 1288 res
667 1247 728 1288 ita
770 1247 983 1299 deposcat,
1025 1261 1077 1287 ne
1116 1248 1273 1287 sortem
1311 1245 1481 1298 quidem
1519 1245 1670 1298 ipsam,

107 1319 266 1361 scilicet
294 1333 401 1372 puro
431 1317 721 1360 benefaciendi
751 1318 914 1359 animo:
941 1332 1025 1370 quo
1050 1332 1175 1359 sensu
1200 1317 1429 1358 secundum
1455 1331 1672 1358 excessum

108 1391 319 1444 quendam
371 1390 588 1442 sermonis,
633 1390 677 1431 id
719 1392 969 1443 comparate
1014 1389 1234 1443 accipitur,
1279 1388 1461 1442 qualiter
1506 1390 1547 1430 01
1589 1387 1672 1429 0110

108 1463 255 1505 eodem
287 1462 382 1504 loci.

160 1532 360 1575 XXXIV.
403 1532 521 1574 Licet
563 1534 706 1573 tamen
746 1532 969 1585 egentibus
1006 1533 1275 1583 mutuare,
1315 1531 1410 1572 sub
1449 1531 1671 1572 ratione

109 1605 363 1658 pignoris
393 1604 445 1646 ad
475 1603 602 1646 sortis
638 1603 947 1655 certitudinem,
977 1603 1055 1645 Ex,
1087 1604 1151 1655 22,
1180 1604 1242 1644 25.
1274 1603 1337 1644 26.
1367 1602 1482 1644 Deut
1512 1603 1575 1654 24,
1609 1603 1671 1644 10.

109 1678 153 1718 at
190 1691 285 1717 cum
321 1675 467 1717 fenore
507 1677 548 1716 01
576 1676 837 1716 incremento
868 1690 955 1716 non
982 1675 1091 1716 11001.
1121 1674 1212 1716 Ε31.
1241 1688 1340 1715 vero
1372 1673 1528 1715 fenus
1560 1673 1673 1726 quod

108 1748 153 1788 in
190 1746 423 1799 Scripturis
467 1745 608 1788 Sacris
646 1746 911 1799 prohibetur,
941 1746 1022 1787 hoc
1050 1747 1193 1799 ipsum
1221 1747 1402 1796 tantum,
1434 1745 1548 1797 quod
1578 1760 1673 1786 cum

108 1817 368 1871 pauperibus
398 1820 627 1859 exercetur.
658 1817 781 1860 Unde
813 1820 854 1859 01
882 1817 1013 1859 Hebr.
1041 1819 1142 1873 'nm
1172 1832 1195 1859 a
1219 1832 1362 1859 morsu
1389 1818 1430 1857 et
1456 1816 1673 1858 arrosione

109 1904 263 1931 nomen
289 1888 432 1940 habet,
463 1891 505 1930 01
532 1888 618 1930 fere
648 1890 736 1941 ejus
766 1888 815 1929 fit
843 1888 1016 1939 mentio,
1047 1903 1142 1930 cum
1171 1888 1220 1929 de
1249 1887 1405 1940 indigis
1431 1889 1473 1929 01
1498 1901 1674 1940 oppres-

110 1960 166 2002 sis
210 1960 364 2014 agitur,
407 1959 485 2001 Ex.
530 1960 594 2011 22,
639 1960 701 2001 25.
745 1959 839 2001 Lev.
881 1960 944 2011 25,
982 1959 1046 2001 35.
1085 1960 1148 2001 36.
1188 1959 1251 2000 37.
1291 1962 1333 2001 01
1372 1958 1496 2001 Prov.
1534 1959 1597 2010 22,
1637 1959 1673 2000 7.

110 2031 288 2074 Usura
325 2046 424 2073 vero
456 2047 563 2084 quae
593 2046 686 2073 cum
714 2031 938 2074 mediocris
968 2031 1166 2073 fortunae
1197 2033 1270 2072 aut
1299 2031 1523 2072 ditioribus
1555 2045 1673 2072 exer-

112 2105 241 2155 cetur,
280 2103 332 2144 011
366 2102 555 2144 001110113
584 2105 626 2144 01
654 2103 883 2155 aequitatis
912 2103 1050 2156 legem
1078 2102 1262 2154 redacta,
1293 2104 1537 2144 contractus
1566 2101 1675 2155 logi-

112 2173 206 2215 timi
235 2175 395 2227 species
427 2176 501 2226 031,
534 2176 661 2227 atque
689 2175 893 2216 interesse
921 2174 1131 2216 rationem
1158 2173 1301 2215 habet.

164 2244 340 2286 XXXV.
379 2244 503 2287 Unde
542 2260 642 2287 30110
670 2245 827 2287 fenus
855 2245 993 2286 illud
1023 2246 1163 2298 quod
1194 2260 1306 2286 011111
1335 2244 1676 2298 pauperibus

113 2315 205 2357 sub
244 2315 462 2358 ratione
498 2316 752 2369 pignoris
791 2319 1099 2368 exercetur,
1139 2318 1180 2357 01
1218 2316 1263 2357 in
1301 2315 1624 2357 Christianitate
1653 2330 1677 2356 0

113 2387 371 2441 Magistratu
410 2388 453 2429 in
492 2388 756 2441 quibusdam,
788 2388 979 2442 quamvis
1008 2389 1110 2437 boni
1139 2388 1316 2441 alicujus
1344 2389 1550 2442 respectu,
1580 2401 1676 2440 per—

114 2458 313 2510 mittitur,
352 2473 523 2501 saevum
560 2462 601 2501 01
639 2460 822 2502 immane
862 2463 945 2502 est:
984 2463 1075 2501 tum
1112 2460 1257 2502 fenore
1286 2460 1395 2513 ipso,
1425 2461 1517 2500 tum
1545 2457 1677 2511 ipsius

113 2530 411 2583 immensitate,
442 2531 509 2572 cui
538 2531 582 2572 in
611 2531 717 2573 bene
743 2531 975 2574 constituta
999 2530 1237 2585 Republica
1261 2531 1378 2572 locus
1404 2544 1494 2571 0330
1518 2529 1677 2571 1101111111

115 2601 252 2642 debet.
281 2601 451 2644 Nedum
478 2605 527 2644 ut
548 2602 721 2645 Judaeis
745 2604 790 2645 in
815 2604 1096 2658 opprobrium
1121 2606 1162 2646 et
1188 2602 1508 2656 oppressionem
1535 2600 1678 2642 Chris-

113 2674 340 2726 tianorum,
366 2674 411 2714 in
434 2674 552 2727 ipsos
576 2673 781 2716 feneratio
806 2675 979 2728 impune
1005 2675 1270 2726 concedatur,
1296 2674 1422 2716 Deut.
1447 2674 1510 2725 23,
1537 2674 1598 2715 19.
1615 2675 1677 2716 20.

117 2747 158 2787 01
196 2746 258 2798 28,
291 2746 353 2787 13.
382 2746 447 2787 44.
478 2746 551 2787 sed
580 2748 728 2787 contra
756 2748 804 2787 ut
832 2746 1013 2800 pauperi
1041 2746 1335 2799 Eleeniosynis
1365 2745 1550 2799 publicis
1578 2761 1678 2788 con-

117 2817 339 2859 sulendum
376 2820 452 2869 est,
489 2817 551 2858 ita
589 2819 630 2859 et
669 2818 934 2870 quorundam
973 2817 1154 2871 egestati
1193 2817 1383 2859 caritatis
1412 2817 1478 2867 (ut
1505 2819 1678 2872 vocant)

117 2904 202 2941 ara,
242 2889 319 2931 sub
357 2890 470 2931 nudo
511 2890 691 2943 pignore
728 2890 938 2941 instituta,
978 2889 1148 2944 publica
1177 2889 1443 2941 auctoritate,
1475 2891 1516 2931 et
1545 2889 1679 2930 admi-

118 2961 372 3003 nistratione
410 2960 758 3014 prospiciendum
794 2963 870 3002 est.
908 2960 1059 3013 Neque
1098 2961 1325 3013 quicquam
1362 2961 1539 3003 ulterius
1570 2960 1680 3003 acci-
