1931 3224
750 301 1225 349 DISPUTATIO
1274 302 1352 349 LI.

1025 410 1071 432 DE

268 484 761 553 Resurrectione
812 483 1035 551 Carnis
1093 488 1157 551 et
1205 485 1249 551 J
1249 484 1462 553 udicio
1513 488 1824 554 extremo.

613 611 810 654 Praeside
862 611 913 653 D.
967 611 1215 654 ANDREA
1258 610 1489 655 RIVETO.

559 703 834 753 Respondente
867 703 1104 743 HENRICO
1133 704 1196 743 W.
1225 703 1535 743 BEROKELIO.

921 810 1113 852 Tnns1s
1151 809 1183 852 Ι.

425 915 582 948 meeum
611 900 664 942 ab
693 901 865 943 homine
893 901 962 942 vel
987 901 1097 942 cirea
1120 900 1337 942 hominem
1355 900 1416 952 fit,
1448 899 1612 941 duobus
1640 899 1831 941 terminis

309 907 406 1040 Q
425 972 702 1024 concluditur,
751 987 857 1025 quos
898 975 1061 1014 veteres
1104 971 1316 1025 Theologi
1358 970 1491 1013 Viae
1530 974 1571 1013 et
1608 971 1831 1015 Patriae

268 1043 523 1096 nominibus,
562 1059 585 1085 a
614 1043 860 1098 Scripturae
897 1044 1038 1086 verbis
1070 1058 1157 1086 non
1184 1043 1439 1095 recedentes,
1470 1043 1601 1096 (Prov
1628 1044 1665 1095 2,
1695 1043 1758 1085 20.
1789 1044 1832 1084 et

268 1113 305 1165 4,
344 1115 405 1156 26.
447 1117 488 1156 et
521 1115 585 1157 27.
614 1114 768 1157 Matth.
799 1115 835 1167 7,
866 1116 928 1157 13.
958 1116 1022 1157 14.
1051 1117 1075 1156 2
1105 1114 1198 1157 Cor.
1229 1116 1265 1167 7,
1295 1115 1331 1157 7.
1361 1114 1492 1157 Hebr.
1521 1115 1559 1167 4,
1590 1114 1670 1168 14.)
1699 1114 1832 1168 signi-

267 1185 459 1228 ficarunt.
484 1185 646 1235 Quibus
671 1187 911 1240 aequivalet
935 1187 1153 1229 distinctio
1177 1186 1404 1238 Ecclesiae,
1429 1186 1474 1227 in
1498 1185 1831 1227 militantem

269 1259 310 1298 et
334 1258 582 1311 triumph
597 1261 784 1300 antem.
811 1258 927 1308 Quae
950 1259 1154 1301 hactenus
1177 1259 1395 1312 disputata
1417 1258 1601 1310 fuerunt,
1622 1257 1675 1300 ad
1693 1257 1832 1299 viam

268 1329 552 1382 pertinebant,
582 1332 624 1372 et
652 1333 813 1372 statum
840 1330 1058 1373 Ecclesiae
1086 1331 1312 1373 militantis
1334 1331 1378 1372 in
1402 1331 1539 1373 terris.
1571 1330 1686 1379 Quae
1714 1330 1831 1372 dein-

270 1415 367 1454 ceps
397 1401 653 1453 ventilanda,
683 1401 736 1442 ad
763 1402 1003 1454 patriam
1033 1404 1074 1443 et
1102 1404 1304 1453 nietam,
1334 1416 1407 1443 seu
1430 1402 1482 1443 ad
1507 1404 1666 1443 statum
1691 1401 1834 1443 Eccle-

269 1473 355 1514 siae
393 1472 699 1526 triumphantis
736 1472 780 1514 in
814 1472 953 1525 coelis,
981 1475 1022 1514 et
1049 1473 1220 1527 plenam
1248 1473 1437 1515 hostium
1466 1474 1555 1525 ejus
1586 1472 1834 1514 debellatio-

267 1559 378 1596 nem,
412 1544 697 1586 addictionem
726 1546 768 1585 et
796 1544 1167 1598 mancipationem,
1198 1544 1380 1587 aeternis
1409 1544 1643 1586 inferorum
1671 1543 1833 1596 poenis.

267 1614 406 1668 Hujus
436 1615 607 1669 piorum
631 1618 673 1657 et
696 1616 927 1669 impiorum
951 1616 1172 1658 novissimi
1197 1618 1238 1658 et
1254 1615 1527 1657 dissimillimi
1551 1616 1698 1667 status,
1716 1617 1834 1656 ante-

269 1686 459 1729 cedentia
495 1687 732 1729 necessaria
771 1690 881 1740 sunt,
911 1687 1274 1729 Resurrectio
1303 1689 1652 1739 mortuorum,
1682 1689 1732 1728 et
1756 1687 1834 1739 ju-

268 1758 469 1800 dicium
507 1761 821 1800 extremum.
860 1758 973 1800 Nam
1014 1761 1285 1801 statutum
1325 1760 1405 1800 est
1432 1757 1641 1799 homini
1669 1757 1835 1799 semel

268 1832 426 1884 mori,
466 1830 727 1884 posthoc
764 1833 942 1873 autem
975 1831 1263 1885 judicium,
1302 1829 1433 1873 Hebr.
1472 1831 1510 1882 9,
1541 1829 1602 1871 17.
1632 1827 1693 1869 At
1720 1841 1834 1869 mor-

267 1904 440 1944 tuorum
469 1917 555 1944 non
583 1905 728 1956 potest
758 1917 847 1945 esse
873 1902 1080 1955 judicium
1111 1901 1315 1955 quamdiu
1341 1902 1501 1943 mortui
1531 1901 1641 1950 sunt,
1668 1899 1767 1952 quia
1789 1898 1834 1940 in

263 1973 423 2026 judicio
452 1974 794 2028 comparendum.
821 1974 944 2023 Quod
967 1977 1015 2016 ut
1043 1975 1132 2026 fiat,
1163 1973 1324 2016 anteire
1349 1973 1474 2015 debet
1498 1969 1834 2014 resurrectio

266 2047 479 2086 mortuo
494 2060 628 2097 rum,
672 2046 721 2087 de
767 2060 850 2098 qua
890 2045 1013 2087 nobis
1056 2045 1242 2098 primuni
1285 2044 1365 2087 erit
1407 2043 1642 2097 agendumg
1687 2041 1836 2084 deinde

265 2116 474 2158 tremendi
504 2115 617 2158 illius
642 2116 792 2169 judicii
824 2116 1168 2158 circumstantiae
1196 2115 1532 2170 perpendendae.

319 2185 372 2228 II.
416 2186 532 2236 Quae
575 2186 958 2229 Resuscitatio
998 2187 1134 2229 active
1173 2187 1327 2229 dicitur
1365 2201 1390 2228 a
1427 2200 1576 2228 causae
1613 2185 1835 2227 efficientis

267 2258 528 2312 operatione,
564 2258 731 2312 passive
768 2258 1004 2301 Resurre
1018 2258 1128 2301 ctio
1169 2258 1421 2313 appellatur.
1457 2257 1536 2299 Illa
1574 2257 1682 2298 nihil
1721 2256 1835 2299 aliud

267 2332 342 2382 est,
382 2344 510 2382 quam
547 2330 660 2382 ejus
703 2329 841 2382 quod
885 2330 1101 2382 cecidit,
1146 2331 1376 2382 erectio;
1415 2329 1520 2372 haec
1557 2331 1699 2370 autem
1729 2343 1836 2381 quae

266 2401 422 2454 prioris
458 2400 569 2442 illius
607 2401 780 2443 effectus
819 2404 895 2454 est,
923 2402 1133 2444 iterata
1162 2402 1421 2454 quaedam
1450 2401 1635 2452 statio,
1666 2399 1835 2442 Graecis

267 2472 496 2520 ἀνάστασις
526 2472 638 2514 dicta
667 2473 790 2525 quasi
819 2473 983 2526 δευτέρω
1016 2477 1084 2516 τοῦ
1109 2472 1364 2521 πεπτωκότος
1389 2472 1546 2520 στάσις.
1573 2471 1678 2514 Cum
1694 2458 1846 2514 autem'

265 2552 314 2591 ut
349 2549 493 2605 lapsus
532 2564 605 2592 seu
643 2564 774 2602 casus,
815 2551 999 2604 figurate
1036 2550 1221 2605 intelligi
1258 2553 1423 2604 potest:
1453 2551 1512 2592 sic
1541 2550 1670 2591 etiam
1698 2563 1837 2590 resur-

266 2621 399 2663 rectio
443 2621 591 2663 eodem
628 2621 755 2663 modo
792 2621 929 2675 accipi
965 2623 1115 2675 possit,
1154 2622 1221 2664 vel
1258 2622 1425 2664 ratione
1463 2621 1755 2663 calamitatum
1795 2622 1838 2661 et

266 2693 552 2745 periculorum
592 2692 636 2734 in
679 2708 786 2746 quae
827 2693 977 2735 incidit
1021 2694 1174 2747 aliquis
1213 2694 1258 2735 in
1297 2694 1378 2736 hac
1418 2693 1519 2745 vita,
1562 2692 1630 2734 vel
1671 2691 1837 2734 ratione

266 2767 537 2817 peccatorum
561 2764 714 2818 quibus
744 2764 885 2806 anima
913 2765 999 2807 ruit
1028 2768 1070 2807 et
1100 2765 1232 2816 cadit;
1262 2779 1339 2807 nos
1369 2765 1526 2807 omissa
1554 2764 1738 2817 figurata
1768 2777 1838 2804 ac-

268 2836 477 2888 ceptione,
516 2837 558 2877 et
586 2835 905 2878 resurrectionis
933 2836 1058 2889 illius,
1090 2851 1198 2890 quae
1226 2837 1402 2891 prima
1429 2837 1618 2886 vocatur,
1648 2833 1838 2876 conside-

267 2906 443 2958 ratione,
484 2907 534 2948 de
573 2922 656 2959 qua
693 2907 796 2948 satis
830 2909 972 2949 actum
1007 2910 1082 2960 est,
1111 2909 1185 2950 ubi
1215 2909 1265 2950 de
1293 2908 1615 2962 regeneratione
1644 2908 1686 2948 et
1714 2921 1837 2948 reno-

268 2977 438 3019 vatione
462 2978 646 3020 hominis
670 2979 866 3021 instituta
890 2979 972 3021 fuit
997 2979 1244 3033 disputatio,
1265 2979 1315 3021 de
1340 2977 1648 3021 resurrectione
1662 2977 1838 3031 proprie
