1931 3224
0 3120 25 3224 Duff:
0 3105 3 3107 ’
0 3078 7 3094 *³
0 3035 11 3056 π’

316 130 381 172 ΒΕ
411 129 582 172 Cflmsro
612 129 754 172 CAPITE
784 129 1004 171 Eccrnsnffl
1033 144 1079 171 ET
1109 145 1156 171 m:
1187 129 1473 170 Auricnnisro.
1596 130 1674 170 449

117 255 269 309 Neque
296 255 423 308 hujus
453 270 641 297 summae
669 255 896 309 potestatis
925 254 1109 306 nomina,
1141 257 1214 295 aut
1242 268 1308 295 res
1338 253 1413 294 ulli
1444 253 1676 294 communi—

118 327 204 369 cari
239 329 431 381 possunt,
461 327 544 368 nisi
571 326 825 380 hujusmodi,
856 328 897 368 et
927 328 1135 379 quatenus
1164 326 1495 366 instrumentum
1525 326 1565 365 et
1596 323 1675 364 mi-

117 399 339 441 nisterium
375 399 503 451 hujus
541 398 768 451 potestatis
804 397 1018 439 includere
1054 398 1244 451 possunt.
1286 394 1438 436 Omnia
1468 394 1580 436 enim
1607 394 1679 435 illa

118 484 207 512 sese
243 469 417 521 habent,
456 471 504 510 ut
541 469 785 510 immediate
814 483 862 510 ac
889 467 1064 509 relative
1096 467 1309 520 opposita,
1345 466 1562 508 correlatis
1592 465 1678 507 suis

119 540 506 594 correspondentia,
546 539 677 581 Hebr.
715 541 752 591 3,
793 540 829 580 5.
870 541 911 581 et
950 540 987 580 6.
1027 538 1147 580 Adeo
1184 541 1233 579 ut
1262 538 1325 579 illi
1357 541 1607 580 censeantur
1636 537 1679 578 in

119 626 307 666 corpore,
337 625 478 661 uxore,
508 611 763 662 domesticis,
793 610 890 652 filiis
921 613 962 652 et
992 610 1207 662 fratribus,
1237 609 1445 651 ministris
1471 612 1512 650 et
1536 608 1678 659 servis,

119 698 262 737 grege,
301 697 434 736 regno
465 685 593 735 atque
623 681 835 724 aedificio:
866 696 1118 734 quocunque
1147 681 1281 735 gradu
1312 683 1354 722 et
1382 680 1520 732 modo,
1552 680 1680 722 etiam

118 770 214 797 cum
251 757 447 808 respectu
485 754 652 807 proprii
691 753 822 795 officii
860 754 1010 806 cuique
1048 753 1319 806 competenti,
1349 752 1678 803 considerentur,

116 829 165 869 ut
194 827 294 868 dum
322 824 510 867 Ministri
539 827 581 866 et
610 824 912 876 Mysteriorum
940 824 1021 866 Dei
1051 824 1379 877 dispensatores,
1409 823 1611 877 Apostoli
1637 825 1681 864 et

116 898 367 950 Architecti,
420 896 642 947 Praefecti,
686 895 917 944 Praesides,
960 895 1111 946 Duces,
1154 895 1372 948 Episcopi,
1415 894 1678 948 Presbyteri,

117 968 316 1011 Pastores
367 971 443 1010 etc.
497 967 578 1009 Dei
631 969 673 1008 et
723 966 940 1008 Ecclesiae
993 966 1201 1007 dicuntur.
1253 964 1354 1007 Non
1403 966 1516 1018 quod
1557 980 1683 1018 super

117 1040 354 1083 Ecclesiam
395 1039 477 1081 Dei
521 1038 743 1087 emineant,
786 1039 859 1078 aut
898 1037 935 1078 ei
973 1036 1236 1088 immineant,
1275 1052 1323 1078 ac
1352 1039 1610 1089 potestatem
1638 1037 1681 1077 in

118 1127 210 1153 eam
245 1111 432 1153 habeant
467 1112 539 1151 aut
569 1123 762 1151 exercere
793 1108 985 1159 debeant,
1017 1108 1037 1148 1
1069 1106 1161 1150 Cor.
1192 1108 1228 1159 3,
1259 1108 1321 1148 21.
1352 1108 1414 1148 22.
1445 1108 1507 1149 23.
1540 1109 1559 1148 1
1590 1107 1680 1149 Pet.

117 1183 154 1235 5,
183 1183 221 1224 2.
250 1183 286 1224 3.
317 1184 359 1224 et
387 1183 424 1223 4.
463 1181 535 1223 sed
576 1182 745 1222 tantum
788 1179 901 1232 quod
943 1179 1054 1220 circa
1097 1193 1190 1220 eam
1232 1181 1279 1219 ut
1323 1179 1561 1220 administri
1601 1178 1683 1220 Dei

119 1256 391 1308 occupentur.

170 1324 308 1367 XVII.
346 1324 469 1367 Unde
507 1339 607 1366 sane
644 1323 762 1365 nefas
801 1324 876 1375 est,
912 1322 1025 1375 quod
1053 1321 1349 1363 Pontificii
1378 1321 1550 1362 nomina
1579 1321 1683 1362 haec

117 1411 325 1438 summam
368 1399 409 1438 et
447 1396 601 1439 celsam
638 1395 756 1437 illam
794 1396 1054 1448 potestatem
1093 1392 1389 1446 praeferentia,
1428 1392 1682 1444 Christoque

116 1467 301 1522 propria,
339 1468 452 1510 inter
490 1466 724 1521 Apostolos
763 1465 946 1516 Petro,
985 1466 1027 1505 et
1064 1464 1160 1505 inde
1191 1464 1290 1516 ejus,
1321 1466 1368 1504 ut
1396 1463 1557 1515 volunt,
1589 1479 1682 1505 suc-

116 1540 272 1580 cessori
301 1538 575 1580 Pontifici
603 1537 864 1588 Romano,
895 1536 972 1577 sub
1003 1549 1255 1588 quocunque
1280 1534 1448 1576 demum
1472 1537 1682 1588 respectu,

116 1609 202 1650 sive
239 1609 431 1651 internae
470 1607 876 1656 communicationis,
914 1607 1001 1648 sive
1041 1608 1238 1647 externae
1267 1606 1590 1658 gubernationis
1619 1608 1683 1647 at-

116 1680 323 1722 tribuunt.
352 1680 564 1733 Equidem
592 1680 745 1722 Petrus
772 1680 865 1732 ipse
893 1679 938 1719 in
967 1677 1126 1719 Christi
1154 1677 1344 1719 Ecclesia
1374 1679 1462 1730 ejus
1491 1677 1684 1718 minister

118 1752 192 1802 est,
231 1750 444 1792 communi
481 1765 530 1792 ac
568 1750 663 1804 pari
693 1765 789 1791 cum
817 1748 991 1801 reliquis
1021 1747 1244 1801 Apostolis
1274 1747 1498 1789 ministerii
1529 1762 1682 1799 aequa-

114 1821 251 1863 litate.
294 1820 419 1864 Unde
462 1836 487 1862 a
523 1820 693 1863 Christo
728 1822 853 1874 juxta
890 1835 938 1862 ac
975 1819 1129 1872 reliqui
1165 1818 1379 1872 Apostoli,
1420 1818 1497 1860 sub
1537 1819 1684 1860 eodem

115 1892 397 1946 Apostolatus
426 1892 596 1935 nomine
621 1895 663 1935 et
685 1907 871 1944 munere,
898 1894 1095 1933 evocatus
1120 1905 1168 1932 ac
1194 1891 1451 1932 constitutus
1479 1893 1554 1942 est,
1581 1890 1610 1931 J
1614 1890 1683 1933 oh.

117 1964 153 2016 1,
191 1965 254 2006 39.
292 1964 356 2005 40.
394 1963 517 2005 Matt.
556 1964 594 2016 4,
636 1963 698 2005 18.
729 1963 792 2005 21.
822 1961 1012 2004 Mittitur
1041 1964 1083 2003 et
1114 1961 1324 2002 emittitur
1353 1962 1527 2014 pariter,
1558 1961 1682 2002 Matt.

116 2035 180 2087 10,
217 2035 280 2076 28.
318 2035 529 2089 parilique
566 2037 795 2089 potestate,
825 2033 923 2076 ι1011.
954 2034 1016 2086 20,
1048 2034 1111 2074 21.
1142 2033 1304 2086 pariter
1332 2033 1612 2086 promittitur,
1643 2036 1685 2074 et

117 2106 272 2161 accipit
315 2105 524 2160 Spiritum
567 2105 782 2149 Sanctum.
827 2104 978 2158 Neque
1020 2104 1329 2158 Apostolorum
1373 2104 1599 2156 quisquam
1642 2118 1684 2145 se

116 2177 292 2231 reliquis
335 2177 546 2231 superiori
588 2177 731 2231 aliquo
773 2176 945 2219 nomine
990 2177 1189 2227 ostentat,
1229 2175 1250 2215 1
1288 2174 1379 2216 Pet.
1418 2175 1453 2216 1.
1494 2177 1536 2216 et
1573 2175 1608 2227 5,
1648 2176 1683 2216 1.

117 2249 393 2303 Apostolicus
422 2248 579 2303 gradus
608 2263 795 2290 summus
825 2250 888 2289 est
915 2247 1088 2300 pariter,
1120 2246 1141 2286 1
1170 2245 1263 2286 Cor.
1282 2246 1343 2296 12,
1360 2245 1423 2286 28.
1440 2244 1604 2298 Eph.4,
1624 2247 1684 2287 11.

118 2319 220 2361 Pari
257 2322 472 2373 potestate
509 2334 661 2361 munus
691 2321 899 2371 exercent,
929 2318 1074 2360 Actor.
1109 2317 1169 2368 15,
1198 2316 1261 2357 28.
1292 2315 1482 2357 Christus
1512 2331 1581 2358 eos
1610 2332 1685 2370 pa-

118 2391 222 2433 riter
247 2390 477 2444 ὂμοθρόνους
507 2391 624 2443 facit,
653 2390 776 2432 Matt.
808 2391 870 2443 19,
900 2390 963 2432 28.
993 2388 1142 2441 Aeque
1166 2387 1359 2429 Ecclesia
1382 2387 1559 2429 fundata
1584 2388 1686 2430 dici-

119 2464 189 2504 tur
227 2477 353 2516 super
388 2462 712 2504 fundamentum
748 2461 1061 2516 Apostolorum
1099 2461 1140 2501 et
1169 2459 1503 2512 Prophetarum,
1533 2459 1685 2501 funda-

119 2533 275 2576 mentis
314 2547 450 2575 novae
487 2533 727 2575 Jerusalem
765 2547 816 2574 ex
854 2521 989 2585 aequo
1031 2533 1072 2572 et
1111 2531 1218 2571 citra
1247 2530 1377 2571 ullam
1402 2530 1596 2582 ὑπεροχὴν
1621 2530 1686 2571 in-

121 2604 281 2658 scripta
318 2607 415 2646 sunt
451 2604 625 2646 nomina
665 2603 885 2645 duodecim
925 2602 1248 2656 Apostolorum,
1277 2601 1412 2655 Apoc.
1442 2602 1504 2653 21,
1536 2602 1598 2642 14.
1628 2602 1686 2643 Et

120 2676 393 2730 peculiariter
421 2675 620 2726 Jacobus,
638 2673 813 2728 Cephas
840 2677 882 2716 et
905 2672 1126 2716 Johannes
1151 2672 1386 2725 aequaliter
1410 2674 1441 2715 οἱ
1472 2673 1684 2723 δοκοῦντες,

123 2748 164 2788 et
192 2747 287 2800 pari
315 2747 451 2800 gradu
481 2746 702 2788 columnae
733 2745 943 2797 dicuntur,
975 2743 1065 2786 Gal.
1094 2745 1130 2795 2,
1160 2744 1197 2785 6.
1227 2744 1263 2784 9.

176 2817 337 2860 XVIII.
377 2817 659 2871 Singulariter
690 2832 791 2859 vero
820 2816 980 2857 Paulus
1009 2817 1151 2868 negat,
1183 2829 1225 2855 se
1257 2814 1309 2855 ab
1339 2814 1584 2857 hominibus
1613 2818 1686 2858 aut

122 2904 199 2943 per
238 2889 457 2931 hominem
498 2888 803 2942 Apostolatum
844 2887 1058 2940 adeptum,
1097 2888 1171 2927 aut
1209 2886 1261 2926 ab
1290 2874 1463 2928 hemine
1490 2886 1687 2941 Evange-

123 2960 228 3004 lium
257 2961 480 3015 accepisse,
511 2963 585 3002 aut
615 2960 744 3002 ductu
773 2959 900 3001 ullius
930 2957 1131 3012 Apostoli
1158 2956 1447 3010 praedicasse;
1475 2973 1569 3000 cum
1593 2960 1687 3001 aliis

1510 3031 1544 3057 29
