1931 3224
247 150 322 191 108
829 143 1070 184 DrsPUTA'mo
1099 139 1215 183 XIII.

246 272 426 325 corpori,
455 271 490 312 si
518 269 756 324 proximam
786 270 871 321 ejus
900 265 1122 308 materiam
1151 266 1326 317 spectes,
1355 263 1407 305 iis
1438 262 1669 305 efficiendis
1699 263 1797 304 sub-

244 342 324 383 fuit
354 341 542 383 materia.

298 412 369 454 VI.
412 411 607 453 Condidit
649 425 746 452 vero
790 409 904 450 Deus
940 408 1159 449 hominem
1197 407 1462 460 postremum
1498 407 1596 458 post
1635 404 1798 457 reliqua

246 483 398 535 omnia,
441 486 487 524 ut
530 498 554 523 a
595 482 731 522 minus
772 479 970 533 perfectis
1013 479 1065 519 ad
1103 476 1331 531 perfectius
1370 475 1492 517 fieret
1530 475 1796 528 progressi03

246 555 452 608 quodque,
484 568 577 595 cum
606 552 746 594 omnia
777 553 953 604 propter
981 549 1196 591 hominem
1219 548 1316 600 sint,
1334 546 1476 589 omnia
1491 546 1798 600 praeexsistere

243 640 409 667 necesse
450 624 590 675 fuerit,
635 638 741 676 quae
787 622 837 663 ad
877 636 971 662 eum
1011 622 1059 661 ut
1095 620 1222 661 finem
1260 618 1502 671 diriguntur
1542 620 1584 659 et
1621 617 1673 659 ad
1710 618 1799 671 ejus

243 698 401 738 bonum
439 699 480 737 et
513 695 676 737 felicem
705 696 863 735 statum
892 692 1070 742 faciunt;
1103 691 1217 744 quod
1245 704 1344 732 sane
1375 689 1603 742 singularis
1633 689 1799 731 divinae

243 767 533 822 providentiae
563 768 625 808 est
655 768 785 817 actus,
817 767 858 806 et
889 764 1099 805 humanae
1129 761 1351 816 dignitatis
1384 760 1702 803 demonstratio.

295 838 389 880 VII.
421 838 487 879 Ad
516 838 632 890 cujus
660 837 832 890 insuper
862 835 1185 889 amplitudinem
1215 836 1257 875 et
1285 832 1626 886 magnitudinem
1656 833 1797 887 digni-

243 910 344 952 tatis
386 909 500 961 facit,
537 909 650 962 quod
686 908 804 950 illum
842 909 1072 959 creaturus,
1110 921 1196 947 non
1236 906 1288 947 ad
1325 904 1498 946 modum
1538 905 1799 958 reliquarum

244 983 532 1024 creaturarum
561 979 648 1021 solo
678 979 806 1021 verbo
836 978 1049 1032 produxit,
1080 977 1150 1019 sed
1175 977 1224 1018 de
1250 991 1299 1018 eo
1325 976 1506 1018 creando
1533 976 1798 1028 consultavit,

245 1052 440 1103 decrevit,
483 1052 549 1093 vel
591 1051 733 1104 potius
777 1050 960 1092 accinxit
998 1064 1087 1091 sese
1126 1048 1258 1102 operi,
1296 1050 1345 1089 ut
1381 1047 1594 1101 singulare
1633 1050 1675 1089 et
1712 1049 1799 1090 exi-

244 1125 375 1165 mium
413 1137 520 1176 opus
560 1137 735 1176 operose
772 1122 1007 1164 moliturus.
1039 1120 1237 1170 Quinimo
1266 1134 1403 1173 neque
1432 1119 1548 1161 Deus
1577 1120 1654 1162 sub
1686 1135 1799 1162 com-

244 1195 361 1237 muni
398 1194 683 1248 appellatione
721 1194 789 1235 hic
828 1194 957 1245 venit,
997 1194 1069 1235 sed
1106 1195 1192 1234 tres
1222 1193 1437 1235 Personae
1461 1192 1642 1234 Divinae
1675 1192 1800 1233 simul

244 1266 287 1307 id
330 1280 454 1318 agere
496 1265 762 1317 inducuntur,
808 1265 905 1306 dum
944 1265 1004 1306 ait
1042 1264 1169 1317 Deus,
1208 1263 1493 1306 Faciamus
1530 1263 1800 1305 hominem

243 1337 295 1377 in
344 1336 583 1390 imagine
624 1338 834 1387 nostra,
879 1335 1169 1377 secundum
1211 1335 1639 1377 similitudinem
1682 1350 1799 1377 nos-

244 1410 393 1449 tram.
423 1408 513 1457 Quo
544 1407 825 1449 Personarum
855 1407 1106 1449 Divinarum
1135 1408 1204 1450 hic
1233 1407 1458 1460 pluralitas
1490 1407 1705 1449 evidenter
1732 1408 1796 1449 in—

243 1478 418 1530 dicatur,
458 1478 582 1520 Prov.
621 1479 658 1530 3,
697 1479 759 1519 22.
796 1494 929 1532 usque
968 1479 1019 1520 ad
1049 1494 1153 1520 vers.
1183 1479 1246 1520 30.
1277 1478 1376 1521 Joh.
1406 1479 1442 1531 1,
1471 1480 1507 1521 3.
1537 1479 1635 1522 Job.
1665 1480 1729 1532 33,
1760 1480 1798 1522 4.

243 1549 310 1591 Ps.
343 1551 432 1602 104,
461 1551 525 1591 30.

296 1620 413 1662 VIII.
453 1621 564 1670 Quin
603 1637 765 1664 summa
795 1623 885 1676 ejus
914 1623 1100 1676 dignitas
1132 1637 1179 1665 eo
1210 1623 1412 1677 aperitur,
1445 1623 1558 1676 quod
1587 1623 1648 1664 ad
1676 1623 1744 1664 im
1755 1638 1800 1665 a-

242 1692 420 1745 ginem
459 1707 603 1734 suam
643 1708 755 1735 eum
794 1710 983 1736 creare
1012 1695 1284 1736 instituit.
1314 1694 1498 1748 Reliqua
1529 1695 1641 1737 enim
1669 1695 1799 1737 vesti-

243 1763 372 1816 gium,
394 1763 587 1806 umbram
611 1767 652 1806 et
676 1765 998 1808 similitudinem
1022 1766 1209 1819 aliquam
1233 1766 1314 1809 Dei
1338 1768 1505 1820 gerunt,
1530 1766 1644 1808 solus
1668 1766 1798 1808 homo

244 1835 295 1876 ad
336 1835 627 1888 imaginem
669 1836 767 1878 Dei
810 1836 947 1878 factus
990 1839 1065 1890 est,
1110 1852 1194 1890 qua
1230 1837 1417 1891 pressior
1455 1838 1544 1890 ejus
1584 1837 1798 1890 expressio

244 1905 492 1948 declaratur.

296 1976 369 2018 IX.
398 1977 572 2020 Duabus
601 1981 741 2021 autem
771 1980 964 2033 partibus
994 1984 1258 2024 constantem
1287 1981 1457 2034 creavit,
1492 1996 1720 2037 corpore
1750 1984 1801 2023 et

244 2048 430 2100 anima,
470 2049 588 2091 Gen.
625 2051 662 2102 2,
703 2051 750 2104 7.,
791 2053 981 2104 quamvis
1018 2053 1120 2095 alibi
1158 2053 1378 2108 Scriptura
1415 2053 1459 2095 in
1492 2056 1578 2095 tres
1607 2053 1798 2105 deducat,

246 2134 410 2173 corpus,
439 2121 622 2163 animam
647 2124 688 2163 et
712 2123 923 2176 spiritum,
950 2125 971 2166 1
1003 2125 1183 2168 Thess.
1213 2126 1250 2177 5,
1274 2126 1337 2167 23.
1363 2140 1465 2168 voce
1489 2125 1654 2168 animae
1677 2125 1798 2167 stric-

244 2191 328 2233 tius
357 2195 540 2245 accepta.
570 2192 686 2235 Haec
715 2194 959 2249 principalis
990 2199 1065 2249 est,
1094 2197 1167 2239 illa
1195 2197 1455 2239 administra.

298 2262 349 2303 X.
389 2262 590 2318 Corpus
629 2265 797 2317 quidem
836 2267 997 2320 primi
1034 2268 1272 2311 hominis
1308 2269 1489 2312 essentia
1519 2269 1799 2323 omnibusque

245 2333 329 2375 suis
367 2334 560 2387 partibus
588 2335 701 2377 Deus
729 2337 866 2390 primo
897 2340 1065 2392 creavit,
1094 2342 1135 2382 et
1164 2340 1298 2382 instar
1325 2340 1447 2395 figuli
1484 2356 1543 2383 ex
1572 2342 1799 2396 pulvere

245 2407 444 2456 terrae,
483 2420 569 2447 seu
605 2407 879 2459 pulverem
917 2425 938 2451 e
975 2413 1125 2452 terra
1163 2412 1472 2466 plasmavit.
1510 2412 1580 2454 An
1618 2427 1718 2455 vero
1749 2428 1799 2455 ex

244 2476 338 2517 aliis
376 2491 544 2530 quoque
581 2478 806 2530 elementis,
843 2480 1065 2535 Scriptura
1101 2498 1187 2526 non
1225 2484 1338 2536 dicit,
1377 2486 1576 2526 attamen·
1604 2484 1647 2526 id
1676 2484 1710 2526 si
1738 2485 1800 2526 ita

246 2549 319 2599 est,
349 2550 597 2600 praesertim
627 2566 677 2592 ex
705 2554 818 2594 terra
847 2568 957 2606 aqua
985 2558 1207 2608 macerata,
1238 2571 1263 2597 a
1290 2555 1641 2609 praedominante
1665 2559 1798 2610 parte,

245 2621 407 2673 reliqua
435 2622 710 2676 intelligenda
737 2624 906 2666 fuerint.
937 2624 986 2666 In
1014 2627 1191 2669 materia
1219 2643 1320 2670 vero
1348 2628 1464 2670 nulla
1491 2629 1574 2670 fuit
1604 2628 1799 2682 potentia

247 2696 288 2736 et
325 2695 519 2748 aptitudo
550 2695 602 2736 ad
631 2710 796 2751 corpus,
827 2701 869 2740 et
900 2699 1067 2751 quidem
1095 2700 1179 2741 tale
1210 2701 1528 2755 efformandum,
1559 2701 1631 2743 sed
1659 2703 1797 2744 totum

246 2767 348 2808 illud
377 2783 400 2808 a
428 2770 619 2823 potentia
648 2769 729 2812 Dei
759 2771 934 2824 accepit.

299 2838 370 2880 XI.
399 2839 481 2881 Per
517 2842 941 2895 plasmationem
969 2845 1077 2887 hanc
1108 2861 1214 2898 quae
1243 2850 1285 2889 et
1312 2848 1508 2889 manibus
1537 2847 1617 2891 Dei
1645 2846 1797 2889 tribui-

246 2911 326 2961 tur,
355 2909 451 2952 Joh.
484 2913 544 2964 10,
575 2913 610 2954 8.
641 2914 707 2956 Ps.
737 2916 826 2968 119,
856 2917 918 2958 73.
943 2916 1220 2971 intelligimus
1240 2933 1326 2960 non
1350 2919 1525 2973 proprie
1550 2933 1797 2973 corpoream

247 2981 288 3021 et
329 2982 599 3036 manuariam,
640 2988 826 3029 assumto
858 3002 882 3028 a
910 2987 1000 3030 Deo
1031 3002 1219 3042 corpore,
1250 2992 1296 3032 ut
1326 2990 1498 3043 quidam
1526 2991 1688 3044 volunt,
1717 2990 1798 3034 Dei
