1931 3224
286 153 363 194 638
868 152 1113 194 DISPUTATIO
1141 150 1206 192 LI.

285 276 454 318 sedibus
492 275 734 318 immediate
771 278 872 329 post
907 277 1089 317 mortem
1125 275 1367 328 suscipitur,
1406 275 1480 316 ubi
1507 275 1552 316 in
1579 274 1735 328 gaudio
1766 289 1836 316 ex-

287 351 452 402 spectat
490 347 680 401 corporis
709 347 773 388 sui
801 348 1137 399 restitutione1n3
1169 349 1242 388 aut
1271 346 1420 400 poenis
1449 345 1727 388 infernalibus
1756 348 1847 387 tor-

288 422 451 472 quetur,
490 419 622 461 donec
654 433 730 472 per
758 419 1110 461 resurrectionem
1136 433 1291 471 corpus
1317 417 1355 459 ei
1379 417 1592 470 reddatur,
1617 417 1661 458 in
1686 431 1849 470 poenae

284 490 674 544 participationem.

339 560 474 603 XXV.
502 560 665 615 Corpus
689 563 831 603 autem
854 564 1189 604 resurrecturum
1214 561 1403 613 dicimus,
1418 576 1445 602 n
1454 577 1483 602 u
1492 575 1535 602 m
1547 575 1567 602 e
1578 575 1599 602 r
1610 575 1633 602 o
1660 562 1710 602 et
1735 575 1753 602 s
1764 575 1792 601 u
1802 560 1850 602 b-

287 649 306 675 s
318 636 336 675 t
350 648 373 674 a
383 635 439 675 nt
450 633 464 674 i
475 648 499 675 a
526 633 650 683 idem,
679 635 726 674 ut
756 648 807 674 ex
838 633 1084 687 Scripturae
1113 633 1216 675 locis
1244 648 1373 687 supra
1402 633 1543 675 citatis
1573 633 1676 674 satis
1702 632 1850 686 liquet.

288 705 470 759 Oportet
508 705 619 747 enim
655 705 686 745 h
698 719 721 746 0
735 719 755 746 0
784 704 845 758 ip
859 720 969 747 sum
1007 720 1028 747 0
1040 719 1064 747 0
1077 720 1129 746 11
1141 705 1394 760 uptibile,
1435 705 1478 747 τὸ
1505 704 1693 760 φθαρτὸν
1724 707 1851 761 τοῦτο,

286 777 459 819 induere
502 776 759 832 ἀφθαρσίαν,
801 779 843 818 et
878 776 908 817 h
921 791 945 818 0
957 791 979 818 0
1006 792 1049 817 111
1060 792 1084 818 0
1096 791 1116 817 1
1127 779 1145 817 t
1157 791 1181 818 a
1191 776 1205 817 1
1215 791 1249 829 e,
1279 776 1322 819 τὸ
1348 775 1487 825 θνητὸν
1514 779 1640 825 τοῦτο,
1678 775 1852 817 induere

286 848 537 898 ἀθανασίαν,
579 848 599 889 1
633 847 727 890 Cor.
758 848 820 899 15,
849 849 911 889 53.
941 850 984 889 et
1011 847 1169 902 Philip.
1198 849 1234 900 3,
1264 848 1327 889 21.
1358 847 1549 889 Christus
1573 847 1852 903 transfigura-

285 919 350 961 bit
390 920 419 960 h
432 934 456 961 0
469 935 490 961 0
532 920 585 973 ip
598 935 616 961 s
628 934 708 961 11111
746 935 767 961 0
779 934 802 962 0
815 935 874 973 rp
886 935 913 961 u
925 935 942 960 s
980 920 1010 960 h
1022 921 1125 961 umi
1137 920 1151 961 l
1163 935 1195 972 e,
1239 920 1283 963 τὸ
1315 924 1434 971 σῶμα
1467 925 1537 968 τῆς
1569 920 1851 968 ταπεινώσεως,

287 993 364 1033 etc.
404 991 504 1033 Ideo
533 991 662 1033 etiam
689 991 762 1033 fiet
790 991 1051 1044 resurrectio,
1083 994 1129 1033 ut
1159 993 1329 1039 ἕκαστος
1365 992 1420 1034 τα
1451 992 1519 1034 δια
1552 996 1618 1035 τοῦ
1650 992 1851 1043 σώματος,

286 1064 661 1116 unusquisque
704 1066 958 1117 reportet
1000 1064 1053 1105 in
1082 1078 1323 1117 corpore,
1366 1064 1432 1105 vel
1475 1063 1541 1117 (ut
1578 1064 1685 1118 legit
1723 1064 1851 1106 editio

288 1133 613 1188 Complutensis,
650 1137 674 1177 2
713 1134 806 1177 Cor.
844 1136 880 1186 5,
912 1136 980 1189 10)
1009 1136 1098 1178 ’ἴδια
1139 1139 1207 1178 τοῦ
1249 1135 1450 1187 σώματος,
1483 1136 1707 1191 propria
1745 1151 1853 1178 001-

287 1206 451 1259 poris,
490 1210 860 1260 congruenter
899 1207 960 1249 ad
996 1207 1049 1249 id
1087 1208 1224 1260 quod
1260 1207 1409 1260 fecit,
1438 1207 1522 1250 vel
1549 1207 1745 1250 bonum
1771 1208 1855 1250 vel

286 1293 329 1319 111
341 1278 427 1320 alu
437 1294 491 1331 m,
523 1279 637 1332 quod
664 1279 757 1321 fieri
785 1294 872 1321 non
900 1279 1045 1321 debuit
1072 1279 1117 1321 in
1146 1279 1228 1321 alio
1259 1294 1450 1333 corpore,
1482 1296 1610 1333 quam
1635 1280 1679 1322 in
1705 1296 1753 1322 eo
1780 1294 1855 1334 per

288 1351 402 1402 quod
424 1351 537 1392 bona
562 1351 630 1393 vel
654 1351 767 1393 mala
782 1352 961 1405 quisque
975 1352 1176 1405 patravit.
1194 1352 1388 1393 Christus
1404 1353 1533 1394 etiam
1550 1354 1623 1405 qui
1639 1353 1856 1406 exemplar

288 1425 351 1463 est
379 1423 698 1464 resurrectionis
726 1426 909 1474 nostrae,
938 1438 1025 1465 non
1057 1423 1102 1464 in
1131 1423 1215 1465 alio
1246 1437 1422 1477 corpore
1450 1425 1694 1476 resurrexit,
1727 1439 1854 1476 quam

286 1492 330 1534 in
361 1508 409 1535 eo
437 1493 482 1534 in
512 1508 595 1546 quo
627 1495 738 1536 cruci
768 1494 908 1536 fuerat
936 1494 1098 1544 affixus,
1129 1498 1170 1536 et
1198 1495 1242 1536 in
1272 1510 1355 1548 quo
1387 1495 1516 1537 etiam
1545 1497 1645 1548 post
1672 1497 1856 1536 mortem

287 1565 554 1617 apparebant
581 1565 797 1607 clavorum
813 1567 1006 1619 vestigia,
1025 1565 1054 1607 C
1068 1581 1092 1608 0
1103 1581 1132 1607 11
1142 1566 1163 1607 f
1170 1581 1194 1608 0
1206 1582 1227 1607 r
1236 1566 1304 1608 mi
1316 1582 1340 1608 a
1365 1582 1389 1608 a
1398 1569 1486 1608 ute
1497 1582 1540 1608 111
1558 1581 1579 1607 r
1591 1581 1612 1608 e
1625 1566 1650 1607 d
1661 1566 1687 1607 d
1698 1581 1719 1608 e
1729 1569 1785 1608 nt
1796 1582 1824 1607 0
1835 1581 1856 1607 1

289 1651 521 1690 corpora
550 1640 740 1680 nostra
771 1638 990 1691 corpori
1020 1637 1231 1679 Christi
1264 1638 1529 1692 glorioso,
1558 1638 1668 1680 Phil.
1697 1639 1735 1690 3,
1764 1638 1827 1680 21.

339 1707 496 1750 XXVl.
535 1708 584 1751 Id
623 1709 750 1751 etiam
788 1710 968 1762 requirit
1002 1709 1172 1761 justitia
1210 1708 1302 1761 Dei,
1332 1712 1380 1751 ut
1408 1709 1452 1750 in
1480 1710 1574 1763 ipso
1606 1724 1783 1762 corpore
1811 1710 1856 1750 in

288 1795 371 1833 quo
402 1780 496 1833 quis
526 1780 714 1823 obedivit
742 1781 847 1832 Deo,
877 1781 944 1823 vel
973 1781 1177 1834 peccavit,
1206 1780 1406 1834 praemiis
1436 1781 1627 1833 donetur,
1657 1781 1724 1823 vel
1754 1795 1856 1834 poe-

287 1852 352 1893 nis
390 1851 601 1894 afficiatur
611 1871 623 1903 ,·
660 1868 737 1895 nec
775 1853 890 1894 aliud
928 1855 1072 1905 certet,
1111 1853 1225 1894 aliud
1263 1855 1510 1902 coronetur;
1549 1852 1663 1894 aliud
1697 1854 1856 1905 peccet,

288 1923 401 1965 aliud
429 1924 651 1978 plectatur.
681 1924 798 1967 Haec
827 1925 971 1978 potius
1000 1925 1171 1967 series
1210 1927 1291 1966 est
1329 1927 1380 1966 et
1410 1938 1570 1966 causa
1594 1912 1857 1976 justitiae

288 1992 353 2045 (ut
388 1994 496 2036 bene
533 1995 731 2037 Ambros.
772 1995 960 2038 Sermon.
1001 1996 1051 2037 de
1088 1995 1170 2037 fide
1209 1998 1250 2037 et
1289 1995 1597 2038 resurrectione
1627 2010 1660 2036 0.
1691 1994 1772 2046 19.)
1800 1996 1857 2035 ut

288 2066 541 2117 quoniam
592 2067 844 2120 corporis
896 2067 1171 2119 animique
1223 2067 1518 2108 communis
1567 2068 1648 2108 est
1690 2068 1857 2118 actus,

288 2151 421 2189 quae
461 2138 667 2179 animus
710 2138 997 2192 cogitavit,
1029 2153 1191 2191 corpu
1206 2153 1225 2179 s
1254 2138 1458 2190 effecit,
1489 2140 1777 2191 utrumque
1804 2138 1857 2179 in

283 2207 555 2259 judicium
593 2209 791 2261 veniat,
820 2211 1109 2262 utrumque
1139 2211 1229 2250 aut
1258 2223 1463 2262 poenae
1492 2209 1736 2261 dedatur,
1767 2211 1858 2251 aut

288 2279 376 2332 glo
390 2279 436 2320 ri
448 2294 472 2320 a
483 2294 504 2321 e
532 2295 554 2321 1·
565 2295 586 2322 e
598 2295 616 2321 s
629 2295 650 2322 e
661 2295 681 2321 1·
692 2296 717 2322 v
728 2295 748 2322 e
759 2282 815 2322 tu
826 2296 858 2322 r.
890 2279 982 2322 Nec
1010 2279 1266 2332 conveniret,
1293 2280 1327 2322 si
1355 2295 1547 2335 corpora,
1574 2296 1681 2334 quae
1704 2281 1750 2323 in
1773 2281 1824 2322 vi
1835 2296 1859 2323 a

287 2348 402 2391 facta
428 2349 599 2391 fuerunt
627 2350 816 2392 membra
845 2350 1014 2403 Christi,
1045 2366 1070 2392 a
1098 2366 1126 2404 p
1138 2366 1162 2393 a
1173 2353 1191 2392 t
1202 2366 1222 2392 r
1233 2351 1248 2392 i
1260 2367 1294 2403 a,
1317 2351 1411 2393 aliis
1436 2352 1621 2393 suffectis
1644 2352 1689 2393 in
1713 2366 1859 2393 eorum

286 2421 441 2472 locum,
481 2423 738 2463 arcerentur.
777 2421 1048 2464 Resurrectio
1085 2422 1188 2464 item
1215 2437 1301 2464 non
1331 2424 1440 2464 esset
1467 2437 1564 2464 vere
1592 2422 1857 2474 resurrectio,

291 2493 363 2535 sed
391 2494 535 2546 potius
564 2509 675 2536 nova
704 2496 862 2537 creatio
876 2509 884 2536 :
913 2509 990 2537 nec
1020 2495 1165 2537 eadem
1194 2497 1303 2536 esset
1332 2495 1519 2537 conditio
1545 2497 1643 2536 ante
1667 2496 1859 2536 mortuo-

289 2580 395 2618 rum,
436 2568 478 2608 et
516 2580 661 2608 eorum
700 2581 806 2619 quos
843 2566 1021 2608 ultimus
1059 2567 1147 2608 dies
1184 2567 1303 2608 vivos
1333 2566 1630 2620 deprehendet.
1659 2565 1718 2607 Hi
1749 2566 1859 2608 enim

289 2636 334 2677 in
362 2637 719 2681 transmutatione
747 2637 822 2679 illa
850 2653 936 2679 non
966 2640 1065 2679 sunt
1092 2638 1259 2680 ratione
1284 2638 1546 2680 substantiae
1572 2638 1655 2680 alia
1680 2651 1860 2691 corpora

291 2709 496 2750 sortituri.
541 2708 661 2751 Adde
705 2709 819 2762 quod
860 2723 974 2750 mors
1012 2709 1057 2749 in
1095 2708 1338 2762 Scripturis,
1378 2723 1549 2750 somnus
1588 2711 1629 2750 et
1659 2707 1858 2750 dormitio

292 2780 544 2833 appellatur,
596 2779 848 2822 resurrectio
904 2782 1048 2822 autem
1091 2779 1324 2833 evigilatio,
1366 2782 1413 2821 ut
1457 2779 1642 2832 ejusdem
1682 2792 1857 2820 numero

292 2851 483 2903 corporis
520 2851 873 2893 resurrectionem
912 2850 1214 2904 intelligamus.
1244 2850 1283 2892 R
1295 2865 1316 2892 e
1328 2865 1346 2892 s
1358 2865 1386 2891 u
1397 2865 1418 2891 r
1429 2864 1458 2903 g
1469 2852 1518 2892 et
1557 2864 1608 2891 er
1620 2863 1648 2902 g
1657 2863 1687 2890 0
1722 2864 1743 2890 0
1755 2864 1809 2890 ar
1821 2863 1858 2905 ο,

294 2923 345 2962 et
373 2922 587 2973 quidem
616 2922 796 2974 omnis,
829 2924 880 2963 et
909 2922 1124 2974 quidem
1150 2922 1282 2975 ipsa,
1307 2923 1358 2963 et
1384 2920 1594 2973 quidem
1621 2920 1859 2976 integra,

293 2991 597 3046 Tertullianus,
628 2993 678 3035 de
707 2992 1034 3036 Resurrectione
1064 2993 1213 3045 carnis,
1243 3007 1333 3046 cap.
1362 2993 1425 3034 63.
