1931 3224
213 136 264 178 66
803 129 1042 171 DISPUTATIO
1070 126 1167 170 VII.

265 258 370 300 XLI.
409 258 502 299 Etsi
537 270 634 298 vero
662 254 877 296 Elohim
905 251 1117 294 interdum
1146 250 1196 291 de
1224 263 1308 290 una
1334 250 1504 290 tantum
1531 248 1757 291 Trinitatis

212 344 390 384 persona
441 329 691 379 enuntietur,
743 328 790 367 ut
836 326 903 367 Ps.
943 324 1008 374 45,
1051 323 1088 364 7.
1130 337 1216 364 non
1256 323 1400 362 tamen
1440 320 1485 362 id
1525 320 1574 362 fit
1617 320 1758 362 exclu-

213 402 311 451 sive,
349 400 420 441 sed
449 399 650 441 inclusive
677 413 752 451 per
780 396 1036 438 locutionem
1064 390 1425 445 synecdochicam,
1456 406 1551 443 qua,
1581 393 1676 432 tum
1703 392 1757 433 ob

212 471 416 512 essentiae
444 470 649 510 unitatem
678 468 812 509 tribus
840 466 1032 519 personis
1056 476 1333 513 communem,
1359 463 1452 502 tum
1477 462 1531 503 ob
1555 475 1758 515 persona-

211 557 305 583 rum
341 540 660 593 ἐμπεριχώρησιν,
701 553 774 579 seu
805 538 995 578 mutuam
1022 535 1371 586 inexsistentiam,
1402 533 1480 575 sub
1509 533 1634 574 unius
1662 547 1759 586 per-

212 626 337 653 sonae
367 610 718 660 denominatione,
749 611 910 650 ceterae
938 606 1363 660 comprehenduntur.

264 681 391 722 XLII.
424 681 612 723 Secunda
641 679 784 720 classis
813 680 876 719 est
902 677 1102 729 locorum,
1131 678 1175 718 in
1205 675 1357 728 quibus
1386 674 1504 717 Deus
1531 675 1577 716 in
1603 674 1760 729 plurali

211 765 382 792 numero
422 751 470 791 de
507 751 733 803 semetipso
770 748 943 802 proprie
979 748 1180 801 loquitur,
1209 750 1256 788 ut
1286 746 1386 788 Gen.
1419 747 1455 798 1,
1484 747 1547 788 26.
1575 745 1758 788 Facia-

211 837 318 863 mus
359 822 623 863 hominem
666 820 726 861 ad
760 820 1049 872 imaginem
1085 821 1352 869 nostram.,
1392 819 1434 858 et
1473 816 1576 859 Gen.
1615 818 1653 869 3,
1694 817 1758 858 22.

210 893 345 934 Ecce
370 892 532 933 Adam
555 891 708 943 quasi
731 905 863 931 unus
889 904 949 931 ex
972 891 1157 941 nobis,
1184 892 1225 931 et
1251 904 1283 930 c.
1309 890 1345 940 2,
1371 887 1761 936 7.DixitDeus,

211 963 588 1005 descendamus
619 963 670 1002 et
699 961 1088 1002 confundamus
1116 960 1360 1013 linguam
1391 973 1599 1010 eorum,
1629 961 1708 1000 etc.

262 1033 411 1075 XLIII.
451 1033 526 1074 Cui
555 1033 689 1074 simile
719 1033 957 1085 exemplum
986 1047 1038 1073 ne
1065 1032 1109 1072 in
1138 1030 1329 1087 Regibus
1359 1029 1530 1083 quidem
1559 1029 1760 1071 ambitio-

211 1104 385 1146 sissimis
428 1119 476 1145 ex
517 1103 644 1146 Sacra
685 1104 904 1157 Scriptura
943 1103 1120 1156 produci
1162 1104 1319 1156 potest,
1364 1101 1436 1143 sed
1481 1116 1502 1143 e
1544 1100 1760 1143 contrario

211 1176 385 1223 ostendi,
421 1191 491 1217 eos
521 1176 570 1217 de
599 1190 642 1217 se
668 1175 833 1217 locutos
861 1174 990 1215 fuisse
1016 1175 1061 1215 in
1088 1188 1261 1214 numero
1293 1172 1513 1226 singulari,
1541 1172 1760 1225 nimirum,

211 1261 262 1287 ex
300 1245 400 1287 Gen.
439 1260 471 1287 c.
510 1246 571 1286 14.
611 1248 651 1287 et
688 1246 750 1286 20.
790 1248 831 1286 et
866 1245 929 1286 41.
966 1244 1074 1285 Dan.
1106 1259 1138 1285 c.
1168 1245 1204 1285 2.
1236 1246 1278 1285 et
1306 1258 1423 1296 seqq.
1452 1244 1476 1284 2
1508 1242 1662 1285 Chron.
1696 1244 1761 1285 36.

210 1316 308 1358 Esd.
339 1332 370 1358 c.
402 1318 438 1357 1.
468 1317 504 1357 6.
535 1319 576 1357 et
605 1317 640 1357 7.

261 1386 408 1428 XLIV.
438 1386 606 1428 Ceteros
637 1387 749 1439 quod
777 1386 941 1438 attinet,
972 1387 1045 1439 qui
1072 1386 1194 1427 nobis
1224 1401 1248 1427 a
1276 1386 1304 1428 J
1306 1386 1450 1427 udaeis
1481 1386 1759 1438 objiciuntur,

211 1472 260 1499 ex
295 1459 318 1497 2
356 1457 465 1499 Sam.
505 1458 565 1508 16,
596 1458 657 1498 20.
686 1457 714 1499 J
717 1458 782 1498 ob.
814 1458 875 1508 15,
903 1458 940 1498 3.
969 1456 1077 1498 Dan.
1101 1458 1138 1508 2,
1167 1457 1230 1498 36.
1261 1456 1380 1497 Cant.
1410 1456 1447 1507 1,
1476 1456 1515 1497 4.
1544 1456 1640 1498 illos
1671 1471 1759 1499 non

208 1528 258 1569 de
288 1543 330 1569 se
355 1528 453 1569 solis
476 1529 659 1580 proprie,
683 1528 755 1569 sed
779 1528 907 1569 etiam
930 1528 1111 1581 figurate
1136 1528 1185 1569 de
1211 1527 1317 1578 aliis,
1343 1541 1524 1580 quorum
1551 1542 1758 1580 personas

206 1598 590 1651 repraesentabant,
619 1598 663 1638 in
690 1597 842 1651 plurali
870 1612 1045 1640 numero
1075 1598 1203 1640 fuisse
1230 1598 1412 1650 locutos,
1444 1613 1495 1640 ex
1525 1598 1756 1640 eorundem

208 1668 394 1709 locorum
421 1669 747 1710 circumstantiis
777 1668 951 1722 probari
978 1671 1135 1722 potest.

259 1738 384 1780 XLV.
423 1739 567 1780 Tertia
603 1740 746 1781 classis
776 1743 839 1781 est
866 1755 1023 1791 eorum,
1050 1741 1094 1781 in
1124 1740 1276 1793 quibus
1305 1755 1462 1783 nomen
1489 1740 1518 1783 J
1521 1741 1682 1783 ehovae
1714 1742 1756 1783 et

208 1809 286 1851 Dei
312 1810 448 1851 tribus
478 1811 685 1852 distinctis
713 1811 873 1853 vicibus
900 1813 944 1853 in
968 1827 1051 1854 una
1075 1812 1286 1854 sententia
1311 1812 1530 1866 repetitur,
1557 1814 1605 1854 ut
1627 1811 1757 1854 Num.

208 1882 245 1932 6,
274 1881 336 1922 23.
365 1881 427 1922 24.
461 1882 524 1922 25.
554 1882 616 1922 26.
647 1881 734 1923 Sic
761 1883 1104 1925 benedicetis
1132 1883 1277 1926 filiis
1306 1883 1502 1925 Israel:
1531 1882 1758 1925 Benedi-

209 1954 293 1992 cat
330 1951 435 1992 tibi
476 1952 701 2005 Jehova,
743 1956 792 1995 et
830 1954 1105 1996 custodiat
1142 1957 1213 2004 te;
1252 1955 1435 1996 lucere
1462 1954 1637 1996 faciat
1666 1953 1759 1996 Je-

208 2021 346 2063 hova
385 2021 580 2063 faciem
617 2038 760 2065 suam
797 2024 857 2065 ad
885 2026 947 2076 te,
977 2028 1025 2066 et
1053 2026 1390 2067 misereatur
1419 2025 1522 2075 tui;
1553 2025 1760 2066 attolat

210 2092 417 2134 Jehova
445 2092 639 2135 faciem
671 2109 812 2136 suam
842 2096 903 2137 ad
930 2098 1001 2148 te,
1031 2098 1082 2138 et
1110 2096 1273 2138 donet
1302 2096 1411 2138 tibi
1439 2110 1634 2149 pacem.

261 2162 409 2205 XLVI.
437 2163 596 2212 Quarta
625 2167 687 2206 est
715 2180 866 2217 eorem,
894 2166 937 2207 in
967 2167 1118 2219 quibus
1143 2168 1259 2209 Deus
1290 2167 1428 2209 tribus
1458 2167 1759 2221 appellationi-

210 2233 288 2274 bus
316 2234 396 2274 sibi
424 2236 608 2287 propriis
640 2239 822 2289 ornatur,
848 2240 895 2278 ut
918 2237 988 2279 Es.
1012 2240 1048 2290 6,
1074 2240 1110 2280 3.
1137 2238 1164 2281 S
1177 2254 1198 2280 e
1209 2254 1230 2280 r
1242 2254 1266 2280 a
1276 2239 1423 2293 phim
1449 2253 1471 2280 c
1482 2239 1496 2279 1
1508 2254 1532 2280 a
1542 2253 1585 2281 m
1596 2238 1657 2280 ab
1670 2253 1694 2280 a
1705 2253 1732 2279 n
1742 2240 1762 2279 t

213 2304 354 2345 alter
398 2305 458 2346 ad
501 2305 752 2349 alterum:
795 2306 1046 2362 Sanctus,
1089 2309 1340 2362 Sanctus,
1383 2309 1617 2352 Sanctus
1659 2308 1760 2351 Do-

212 2373 388 2415 minus
418 2375 559 2417 Deus
588 2378 937 2421 exercituum.
1766 2422 1768 2425 .

264 2443 434 2486 XLVII.
478 2445 634 2495 Quinta
676 2450 751 2500 est,
788 2449 831 2490 in
869 2450 1021 2502 quibus
1056 2450 1264 2494 Dominus
1301 2451 1351 2494 de
1390 2451 1576 2494 Domino
1615 2450 1756 2504 loqui-

212 2518 294 2567 tur,
330 2518 378 2557 ut
414 2516 481 2557 Ps.
512 2517 600 2569 110,
631 2519 665 2559 1.
695 2518 849 2560 Dixit
876 2519 914 2560 D
932 2521 1138 2563 ominus
1166 2522 1393 2564 Domino
1421 2537 1557 2565 meo:
1588 2522 1713 2564 sede
1738 2535 1763 2563 a

215 2585 453 2628 dexteris
488 2589 630 2646 meis.
670 2589 762 2632 Ose.
803 2592 838 2641 1,
878 2591 912 2632 7.
953 2590 1039 2634 Sic
1067 2592 1203 2634 dicit
1232 2593 1514 2636 Dominus:
1544 2592 1762 2635 Misere-

215 2655 309 2697 bor
350 2657 530 2700 domus
573 2659 762 2712 Judae,
807 2664 857 2702 et
899 2662 1122 2705 salvabo
1163 2678 1250 2706 eos
1289 2665 1341 2706 in
1378 2664 1610 2707 Domino
1650 2662 1761 2705 Deo

218 2740 236 2766 s
246 2741 273 2766 11
287 2741 309 2768 0
323 2759 331 2778 ,
362 2730 436 2769 etc.

271 2796 458 2840 XLVIII.
483 2799 703 2843 Postrema
724 2802 868 2844 classis
892 2806 955 2844 est
978 2818 1135 2857 eorum,
1158 2806 1202 2847 in
1228 2806 1380 2859 quibus
1394 2807 1536 2860 plures
1551 2819 1733 2860 persona
1742 2819 1764 2847 e

219 2866 414 2909 distincte
466 2872 506 2911 et
547 2871 671 2913 variis
713 2873 952 2916 nominibus
994 2875 1273 2928 appellantur,
1317 2880 1469 2931 utpote
1512 2876 1540 2920 J
1543 2877 1679 2919 ehova
1722 2878 1766 2917 et

220 2937 407 2990 Angelus
443 2939 630 2983 Jehovae
665 2957 713 2984 ac
749 2943 872 2986 faciei
894 2943 922 2987 J
925 2945 1094 2998 ehovae,
1124 2946 1353 3000 Sapientia,
1383 2947 1528 3000 Filius,
1558 2947 1750 2991 Verbum
