<?xml version="1.0" encoding="UTF-8"?>
<!DOCTYPE html PUBLIC "-//W3C//DTD XHTML 1.0 Transitional//EN"
    "http://www.w3.org/TR/xhtml1/DTD/xhtml1-transitional.dtd">
<html xmlns="http://www.w3.org/1999/xhtml" xml:lang="en" lang="en">
 <head>
  <title>
</title>
<meta http-equiv="Content-Type" content="text/html;charset=utf-8" />
  <meta name='ocr-system' content='tesseract 3.04.00' />
  <meta name='ocr-capabilities' content='ocr_page ocr_carea ocr_par ocr_line ocrx_word'/>
</head>
<body>
  <div class='ocr_page' id='page_1' title='image "./synopsispurioris00poly_0394.png"; bbox 0 0 1931 3224; ppageno 0'>
   <div class='ocr_carea' id='block_1_1' title="bbox 247 187 1260 238">
    <p class='ocr_par' dir='ltr' id='par_1_1' title="bbox 247 187 1260 238">
     <span class='ocr_line' id='line_1_1' title="bbox 247 187 1260 238; baseline -0.009 0"><span class='ocrx_word' id='word_1_1' title='bbox 247 197 296 238; x_wconf 86' lang='lat'>37</span> <span class='ocrx_word' id='word_1_2' title='bbox 300 197 324 237; x_wconf 80' lang='grc'>2</span> <span class='ocrx_word' id='word_1_3' title='bbox 795 190 1036 232; x_wconf 75' lang='lat' dir='ltr'>Dispu&#39;rA&#39;mo</span> <span class='ocrx_word' id='word_1_4' title='bbox 1064 187 1260 230; x_wconf 85' lang='lat' dir='ltr'>XXXVI.</span> 
     </span>
    </p>
   </div>
   <div class='ocr_carea' id='block_1_2' title="bbox 245 309 1809 585">
    <p class='ocr_par' dir='ltr' id='par_1_2' title="bbox 245 309 1809 585">
     <span class='ocr_line' id='line_1_2' title="bbox 246 309 1804 371; baseline -0.007 -9"><span class='ocrx_word' id='word_1_5' title='bbox 246 320 535 362; x_wconf 70' lang='lat' dir='ltr'>indicatur</span> <span class='ocrx_word' id='word_1_6' title='bbox 569 317 742 371; x_wconf 87' lang='lat' dir='ltr'>prima</span> <span class='ocrx_word' id='word_1_7' title='bbox 771 315 1006 356; x_wconf 87' lang='lat' dir='ltr'>libertas</span> <span class='ocrx_word' id='word_1_8' title='bbox 1034 315 1282 365; x_wconf 86' lang='lat' dir='ltr'>naturae,</span> <span class='ocrx_word' id='word_1_9' title='bbox 1314 311 1549 353; x_wconf 86' lang='lat' dir='ltr'>secunda</span> <span class='ocrx_word' id='word_1_10' title='bbox 1579 309 1804 364; x_wconf 84' lang='lat' dir='ltr'>gratiae,</span> 
     </span>
     <span class='ocr_line' id='line_1_3' title="bbox 247 381 1808 443; baseline -0.006 -11"><span class='ocrx_word' id='word_1_11' title='bbox 247 390 418 433; x_wconf 88' lang='lat' dir='ltr'>tertia</span> <span class='ocrx_word' id='word_1_12' title='bbox 458 388 694 443; x_wconf 81' lang='lat' dir='ltr'>gloriae:</span> <span class='ocrx_word' id='word_1_13' title='bbox 735 387 907 440; x_wconf 90' lang='lat' dir='ltr'>prima</span> <span class='ocrx_word' id='word_1_14' title='bbox 934 385 1102 427; x_wconf 87' lang='lat' dir='ltr'>habet</span> <span class='ocrx_word' id='word_1_15' title='bbox 1131 383 1425 438; x_wconf 90' lang='lat' dir='ltr'>plurimum</span> <span class='ocrx_word' id='word_1_16' title='bbox 1452 381 1705 433; x_wconf 83' lang='lat' dir='ltr'>honoris,</span> <span class='ocrx_word' id='word_1_17' title='bbox 1735 395 1808 423; x_wconf 88' lang='grc'>59-</span> 
     </span>
     <span class='ocr_line' id='line_1_4' title="bbox 248 454 1809 514; baseline -0.006 -11"><span class='ocrx_word' id='word_1_18' title='bbox 248 462 415 504; x_wconf 88' lang='lat' dir='ltr'>cunda</span> <span class='ocrx_word' id='word_1_19' title='bbox 453 459 745 514; x_wconf 87' lang='lat' dir='ltr'>plurimum</span> <span class='ocrx_word' id='word_1_20' title='bbox 783 457 1038 509; x_wconf 88' lang='lat' dir='ltr'>virtutis,</span> <span class='ocrx_word' id='word_1_21' title='bbox 1076 456 1250 499; x_wconf 89' lang='lat' dir='ltr'>tertia</span> <span class='ocrx_word' id='word_1_22' title='bbox 1279 454 1607 506; x_wconf 88' lang='lat' dir='ltr'>novissima,</span> <span class='ocrx_word' id='word_1_23' title='bbox 1637 466 1809 494; x_wconf 90' lang='lat' dir='ltr'>cumu-</span> 
     </span>
     <span class='ocr_line' id='line_1_5' title="bbox 245 529 774 585; baseline -0.008 -11"><span class='ocrx_word' id='word_1_24' title='bbox 245 533 351 574; x_wconf 89' lang='lat' dir='ltr'>lum</span> <span class='ocrx_word' id='word_1_25' title='bbox 376 529 774 585; x_wconf 85' lang='lat' dir='ltr'>jucunditatis.</span> 
     </span>
    </p>
   </div>
   <div class='ocr_carea' id='block_1_3' title="bbox 663 900 1396 953">
    <p class='ocr_par' dir='ltr' id='par_1_3' title="bbox 663 900 1396 953">
     <span class='ocr_line' id='line_1_6' title="bbox 663 900 1396 953; baseline -0.008 0"><span class='ocrx_word' id='word_1_26' title='bbox 663 901 1136 953; x_wconf 80' lang='lat' dir='ltr'><strong>DISPUTATIO</strong></span> <span class='ocrx_word' id='word_1_27' title='bbox 1168 900 1396 948; x_wconf 89' lang='lat' dir='ltr'>XXXVI.</span> 
     </span>
    </p>
   </div>
   <div class='ocr_carea' id='block_1_4' title="bbox 1007 1028 1053 1051">
    <p class='ocr_par' dir='ltr' id='par_1_4' title="bbox 1007 1028 1053 1051">
     <span class='ocr_line' id='line_1_7' title="bbox 1007 1028 1053 1051; baseline 0 0"><span class='ocrx_word' id='word_1_28' title='bbox 1007 1028 1053 1051; x_wconf 85' lang='lat' dir='ltr'>DE</span> 
     </span>
    </p>
   </div>
   <div class='ocr_carea' id='block_1_5' title="bbox 497 1102 1572 1173">
    <p class='ocr_par' dir='ltr' id='par_1_5' title="bbox 497 1102 1572 1173">
     <span class='ocr_line' id='line_1_8' title="bbox 497 1102 1572 1173; baseline -0.004 0"><span class='ocrx_word' id='word_1_29' title='bbox 497 1105 783 1173; x_wconf 79' lang='lat' dir='ltr'>Cultu</span> <span class='ocrx_word' id='word_1_30' title='bbox 855 1102 1572 1172; x_wconf 75' lang='lat' dir='ltr'>Invocationis</span> 
     </span>
    </p>
   </div>
   <div class='ocr_carea' id='block_1_6' title="bbox 597 1230 1470 1375">
    <p class='ocr_par' dir='ltr' id='par_1_6' title="bbox 597 1230 1470 1375">
     <span class='ocr_line' id='line_1_9' title="bbox 597 1230 1470 1276; baseline -0.005 0"><span class='ocrx_word' id='word_1_31' title='bbox 597 1234 799 1276; x_wconf 87' lang='lat' dir='ltr'>Praeside</span> <span class='ocrx_word' id='word_1_32' title='bbox 828 1233 880 1274; x_wconf 89' lang='lat' dir='ltr'>D.</span> <span class='ocrx_word' id='word_1_33' title='bbox 910 1231 1174 1275; x_wconf 80' lang='lat' dir='ltr'><strong>ANTONIO</strong></span> <span class='ocrx_word' id='word_1_34' title='bbox 1205 1230 1470 1273; x_wconf 86' lang='lat' dir='ltr'><strong>WALAEO.</strong></span> 
     </span>
     <span class='ocr_line' id='line_1_10' title="bbox 621 1323 1449 1375; baseline -0.004 -10"><span class='ocrx_word' id='word_1_35' title='bbox 621 1325 897 1375; x_wconf 84' lang='lat' dir='ltr'>Respondente</span> <span class='ocrx_word' id='word_1_36' title='bbox 928 1324 1170 1364; x_wconf 85' lang='lat' dir='ltr'>ANTONIO</span> <span class='ocrx_word' id='word_1_37' title='bbox 1200 1323 1449 1363; x_wconf 76' lang='lat' dir='ltr'><strong>DELIENO.</strong></span> 
     </span>
    </p>
   </div>
   <div class='ocr_carea' id='block_1_7' title="bbox 905 1429 1165 1472">
    <p class='ocr_par' dir='ltr' id='par_1_7' title="bbox 905 1429 1165 1472">
     <span class='ocr_line' id='line_1_11' title="bbox 905 1429 1165 1472; baseline 0 0"><span class='ocrx_word' id='word_1_38' title='bbox 905 1430 1095 1472; x_wconf 72' lang='lat' dir='ltr'>Tnsssrs</span> <span class='ocrx_word' id='word_1_39' title='bbox 1133 1429 1165 1472; x_wconf 95' lang='grc' dir='ltr'>Ι.</span> 
     </span>
    </p>
   </div>
   <div class='ocr_carea' id='block_1_8' title="bbox 249 1518 1819 3000">
    <p class='ocr_par' dir='ltr' id='par_1_8' title="bbox 409 1518 1815 1574">
     <span class='ocr_line' id='line_1_12' title="bbox 409 1518 1815 1574; baseline -0.005 -8"><span class='ocrx_word' id='word_1_40' title='bbox 409 1538 686 1571; x_wconf 79' lang='lat' dir='ltr'><strong>UANDOQUIDEM</strong></span> <span class='ocrx_word' id='word_1_41' title='bbox 726 1523 776 1563; x_wconf 91' lang='lat' dir='ltr'>de</span> <span class='ocrx_word' id='word_1_42' title='bbox 810 1521 891 1563; x_wconf 89' lang='lat' dir='ltr'>Dei</span> <span class='ocrx_word' id='word_1_43' title='bbox 931 1535 1031 1574; x_wconf 82' lang='lat' dir='ltr'>erga</span> <span class='ocrx_word' id='word_1_44' title='bbox 1059 1519 1299 1562; x_wconf 78' lang='lat' dir='ltr'>Ecclesiam</span> <span class='ocrx_word' id='word_1_45' title='bbox 1326 1519 1542 1561; x_wconf 85' lang='lat' dir='ltr'>beneficiis</span> <span class='ocrx_word' id='word_1_46' title='bbox 1570 1518 1654 1560; x_wconf 91' lang='lat' dir='ltr'>huc</span> <span class='ocrx_word' id='word_1_47' title='bbox 1682 1532 1815 1571; x_wconf 88' lang='lat' dir='ltr'>usque</span> 
     </span>
    </p>

    <p class='ocr_par' dir='ltr' id='par_1_9' title="bbox 253 1533 1816 1792">
     <span class='ocr_line' id='line_1_13' title="bbox 293 1533 1816 1665; baseline -0.005 -27"><span class='ocrx_word' id='word_1_48' title='bbox 293 1533 391 1665; x_wconf 75' lang='lat' dir='ltr'>Q</span> <span class='ocrx_word' id='word_1_49' title='bbox 411 1598 474 1638; x_wconf 88' lang='lat' dir='ltr'>est</span> <span class='ocrx_word' id='word_1_50' title='bbox 503 1597 666 1645; x_wconf 85' lang='lat' dir='ltr'>actum;</span> <span class='ocrx_word' id='word_1_51' title='bbox 697 1594 889 1647; x_wconf 89' lang='lat' dir='ltr'>sequitur</span> <span class='ocrx_word' id='word_1_52' title='bbox 915 1594 1005 1646; x_wconf 86' lang='lat' dir='ltr'>jam</span> <span class='ocrx_word' id='word_1_53' title='bbox 1033 1594 1081 1633; x_wconf 89' lang='lat' dir='ltr'>ut</span> <span class='ocrx_word' id='word_1_54' title='bbox 1109 1591 1159 1633; x_wconf 88' lang='lat' dir='ltr'>de</span> <span class='ocrx_word' id='word_1_55' title='bbox 1187 1590 1362 1643; x_wconf 85' lang='lat' dir='ltr'>reliquis</span> <span class='ocrx_word' id='word_1_56' title='bbox 1392 1589 1544 1632; x_wconf 84' lang='lat' dir='ltr'>officiis</span> <span class='ocrx_word' id='word_1_57' title='bbox 1572 1589 1743 1640; x_wconf 90' lang='lat' dir='ltr'>nostris,</span> <span class='ocrx_word' id='word_1_58' title='bbox 1773 1590 1816 1630; x_wconf 89' lang='lat' dir='ltr'>et</span> 
     </span>
     <span class='ocr_line' id='line_1_14' title="bbox 253 1659 1816 1720; baseline -0.005 -11"><span class='ocrx_word' id='word_1_59' title='bbox 253 1668 303 1709; x_wconf 86' lang='lat' dir='ltr'>de</span> <span class='ocrx_word' id='word_1_60' title='bbox 339 1667 488 1709; x_wconf 90' lang='lat' dir='ltr'>mediis</span> <span class='ocrx_word' id='word_1_61' title='bbox 526 1681 603 1720; x_wconf 89' lang='lat' dir='ltr'>per</span> <span class='ocrx_word' id='word_1_62' title='bbox 632 1680 739 1719; x_wconf 88' lang='lat' dir='ltr'>quae</span> <span class='ocrx_word' id='word_1_63' title='bbox 767 1664 873 1706; x_wconf 89' lang='lat' dir='ltr'>haec</span> <span class='ocrx_word' id='word_1_64' title='bbox 902 1663 1108 1705; x_wconf 87' lang='lat' dir='ltr'>beneficia</span> <span class='ocrx_word' id='word_1_65' title='bbox 1136 1662 1261 1704; x_wconf 86' lang='lat' dir='ltr'>nobis</span> <span class='ocrx_word' id='word_1_66' title='bbox 1291 1661 1669 1713; x_wconf 69' lang='lat' dir='ltr'>communicantur,</span> <span class='ocrx_word' id='word_1_67' title='bbox 1699 1659 1816 1702; x_wconf 90' lang='lat' dir='ltr'>dein-</span> 
     </span>
     <span class='ocr_line' id='line_1_15' title="bbox 253 1753 569 1792; baseline -0.006 -12"><span class='ocrx_word' id='word_1_68' title='bbox 253 1754 351 1792; x_wconf 91' lang='lat' dir='ltr'>ceps</span> <span class='ocrx_word' id='word_1_69' title='bbox 382 1753 569 1791; x_wconf 78' lang='lat' dir='ltr'>agamus.</span> 
     </span>
    </p>

    <p class='ocr_par' dir='ltr' id='par_1_10' title="bbox 249 1802 1818 2350">
     <span class='ocr_line' id='line_1_16' title="bbox 304 1802 1818 1862; baseline -0.004 -12"><span class='ocrx_word' id='word_1_70' title='bbox 304 1808 358 1850; x_wconf 85' lang='lat' dir='ltr'>IL</span> <span class='ocrx_word' id='word_1_71' title='bbox 401 1808 519 1850; x_wconf 91' lang='lat' dir='ltr'>Inter</span> <span class='ocrx_word' id='word_1_72' title='bbox 561 1807 792 1862; x_wconf 89' lang='lat' dir='ltr'>praecipua</span> <span class='ocrx_word' id='word_1_73' title='bbox 832 1808 980 1848; x_wconf 87' lang='lat' dir='ltr'>nostra</span> <span class='ocrx_word' id='word_1_74' title='bbox 1020 1805 1161 1848; x_wconf 83' lang='lat' dir='ltr'>officia</span> <span class='ocrx_word' id='word_1_75' title='bbox 1200 1807 1328 1858; x_wconf 89' lang='lat' dir='ltr'>atque</span> <span class='ocrx_word' id='word_1_76' title='bbox 1365 1805 1493 1858; x_wconf 73' lang='lat' dir='ltr'>hujus</span> <span class='ocrx_word' id='word_1_77' title='bbox 1534 1802 1818 1846; x_wconf 88' lang='lat' dir='ltr'>communica-</span> 
     </span>
     <span class='ocr_line' id='line_1_17' title="bbox 251 1874 1818 1931; baseline -0.003 -9"><span class='ocrx_word' id='word_1_78' title='bbox 251 1881 381 1922; x_wconf 88' lang='lat' dir='ltr'>tionis</span> <span class='ocrx_word' id='word_1_79' title='bbox 419 1880 569 1931; x_wconf 87' lang='lat' dir='ltr'>media,</span> <span class='ocrx_word' id='word_1_80' title='bbox 610 1881 674 1921; x_wconf 92' lang='lat' dir='ltr'>est</span> <span class='ocrx_word' id='word_1_81' title='bbox 711 1893 811 1921; x_wconf 91' lang='lat' dir='ltr'>vera</span> <span class='ocrx_word' id='word_1_82' title='bbox 847 1878 936 1920; x_wconf 89' lang='lat' dir='ltr'>veri</span> <span class='ocrx_word' id='word_1_83' title='bbox 972 1877 1055 1919; x_wconf 87' lang='lat' dir='ltr'>Dei</span> <span class='ocrx_word' id='word_1_84' title='bbox 1091 1877 1320 1929; x_wconf 89' lang='lat' dir='ltr'>invocatio,</span> <span class='ocrx_word' id='word_1_85' title='bbox 1361 1892 1434 1919; x_wconf 84' lang='lat' dir='ltr'>seu</span> <span class='ocrx_word' id='word_1_86' title='bbox 1464 1875 1670 1918; x_wconf 86' lang='lat' dir='ltr'>adoratio.</span> <span class='ocrx_word' id='word_1_87' title='bbox 1701 1874 1818 1924; x_wconf 81' lang='lat' dir='ltr'>Quae</span> 
     </span>
     <span class='ocr_line' id='line_1_18' title="bbox 249 1946 1817 2003; baseline -0.004 -9"><span class='ocrx_word' id='word_1_88' title='bbox 249 1952 384 1994; x_wconf 86' lang='lat' dir='ltr'>veluti</span> <span class='ocrx_word' id='word_1_89' title='bbox 418 1952 546 1993; x_wconf 86' lang='lat' dir='ltr'>clavis</span> <span class='ocrx_word' id='word_1_90' title='bbox 577 1953 652 2002; x_wconf 86' lang='lat' dir='ltr'>est,</span> <span class='ocrx_word' id='word_1_91' title='bbox 683 1965 766 2003; x_wconf 89' lang='lat' dir='ltr'>qua</span> <span class='ocrx_word' id='word_1_92' title='bbox 795 1949 963 1991; x_wconf 88' lang='lat' dir='ltr'>divinae</span> <span class='ocrx_word' id='word_1_93' title='bbox 995 1948 1294 1990; x_wconf 87' lang='lat' dir='ltr'>beneficentiae</span> <span class='ocrx_word' id='word_1_94' title='bbox 1323 1948 1513 1990; x_wconf 85' lang='lat' dir='ltr'>thesauri</span> <span class='ocrx_word' id='word_1_95' title='bbox 1542 1962 1566 1988; x_wconf 90' lang='lat' dir='ltr'>a</span> <span class='ocrx_word' id='word_1_96' title='bbox 1595 1946 1718 1989; x_wconf 90' lang='lat' dir='ltr'>nobis</span> <span class='ocrx_word' id='word_1_97' title='bbox 1751 1961 1817 1988; x_wconf 85' lang='lat' dir='ltr'>re-</span> 
     </span>
     <span class='ocr_line' id='line_1_19' title="bbox 253 2017 1817 2074; baseline -0.004 -9"><span class='ocrx_word' id='word_1_98' title='bbox 253 2023 493 2074; x_wconf 86' lang='lat' dir='ltr'>cluduntur,</span> <span class='ocrx_word' id='word_1_99' title='bbox 533 2025 575 2064; x_wconf 89' lang='lat' dir='ltr'>et</span> <span class='ocrx_word' id='word_1_100' title='bbox 613 2022 755 2064; x_wconf 86' lang='lat' dir='ltr'>debita</span> <span class='ocrx_word' id='word_1_101' title='bbox 793 2021 886 2062; x_wconf 92' lang='lat' dir='ltr'>Deo</span> <span class='ocrx_word' id='word_1_102' title='bbox 927 2020 1146 2074; x_wconf 85' lang='lat' dir='ltr'>gratitudo</span> <span class='ocrx_word' id='word_1_103' title='bbox 1187 2035 1211 2061; x_wconf 93' lang='lat' dir='ltr'>a</span> <span class='ocrx_word' id='word_1_104' title='bbox 1248 2019 1367 2061; x_wconf 85' lang='lat' dir='ltr'>fideli</span> <span class='ocrx_word' id='word_1_105' title='bbox 1407 2019 1531 2061; x_wconf 83' lang='lat' dir='ltr'>corde</span> <span class='ocrx_word' id='word_1_106' title='bbox 1559 2017 1817 2073; x_wconf 88' lang='lat' dir='ltr'>rependitur,</span> 
     </span>
     <span class='ocr_line' id='line_1_20' title="bbox 254 2087 1817 2147; baseline -0.004 -11"><span class='ocrx_word' id='word_1_107' title='bbox 254 2094 608 2147; x_wconf 82' lang='lat' dir='ltr'>quemadmodum</span> <span class='ocrx_word' id='word_1_108' title='bbox 643 2093 687 2135; x_wconf 92' lang='lat' dir='ltr'>id</span> <span class='ocrx_word' id='word_1_109' title='bbox 723 2095 952 2145; x_wconf 87' lang='lat' dir='ltr'>utrumque</span> <span class='ocrx_word' id='word_1_110' title='bbox 990 2091 1212 2145; x_wconf 86' lang='lat' dir='ltr'>conjungit</span> <span class='ocrx_word' id='word_1_111' title='bbox 1249 2090 1402 2142; x_wconf 89' lang='lat' dir='ltr'>David,</span> <span class='ocrx_word' id='word_1_112' title='bbox 1440 2089 1510 2132; x_wconf 89' lang='lat' dir='ltr'>Ps.</span> <span class='ocrx_word' id='word_1_113' title='bbox 1548 2090 1611 2141; x_wconf 82' lang='lat'>50,</span> <span class='ocrx_word' id='word_1_114' title='bbox 1641 2089 1703 2130; x_wconf 88' lang='grc'>14.</span> <span class='ocrx_word' id='word_1_115' title='bbox 1733 2087 1817 2131; x_wconf 83' lang='lat' dir='ltr'>Sa-</span> 
     </span>
     <span class='ocr_line' id='line_1_21' title="bbox 254 2162 1818 2212; baseline -0.004 -5"><span class='ocrx_word' id='word_1_116' title='bbox 254 2166 449 2208; x_wconf 86' lang='lat' dir='ltr'>crifica</span> <span class='ocrx_word' id='word_1_117' title='bbox 487 2165 597 2207; x_wconf 89' lang='lat' dir='ltr'>Deo</span> <span class='ocrx_word' id='word_1_118' title='bbox 638 2165 852 2207; x_wconf 89' lang='lat' dir='ltr'>laudem</span> <span class='ocrx_word' id='word_1_119' title='bbox 891 2166 941 2206; x_wconf 88' lang='lat' dir='ltr'>et</span> <span class='ocrx_word' id='word_1_120' title='bbox 981 2163 1142 2206; x_wconf 80' lang='lat' dir='ltr'>redde</span> <span class='ocrx_word' id='word_1_121' title='bbox 1180 2162 1414 2204; x_wconf 83' lang='lat' dir='ltr'>Excelso</span> <span class='ocrx_word' id='word_1_122' title='bbox 1443 2163 1574 2203; x_wconf 91' lang='lat' dir='ltr'>vota</span> <span class='ocrx_word' id='word_1_123' title='bbox 1601 2162 1714 2212; x_wconf 91' lang='lat' dir='ltr'>tua,</span> <span class='ocrx_word' id='word_1_124' title='bbox 1744 2162 1818 2201; x_wconf 90' lang='lat' dir='ltr'>at-</span> 
     </span>
     <span class='ocr_line' id='line_1_22' title="bbox 255 2232 1818 2289; baseline -0.004 -10"><span class='ocrx_word' id='word_1_125' title='bbox 255 2251 353 2289; x_wconf 85' lang='lat' dir='ltr'>que</span> <span class='ocrx_word' id='word_1_126' title='bbox 390 2236 582 2279; x_wconf 90' lang='lat' dir='ltr'>invoca</span> <span class='ocrx_word' id='word_1_127' title='bbox 621 2251 736 2282; x_wconf 90' lang='lat' dir='ltr'>eum</span> <span class='ocrx_word' id='word_1_128' title='bbox 774 2239 1019 2289; x_wconf 85' lang='lat' dir='ltr'>tempore</span> <span class='ocrx_word' id='word_1_129' title='bbox 1049 2234 1365 2288; x_wconf 72' lang='lat' dir='ltr'>angustiae,</span> <span class='ocrx_word' id='word_1_130' title='bbox 1397 2232 1633 2287; x_wconf 86' lang='lat' dir='ltr'>eripiam</span> <span class='ocrx_word' id='word_1_131' title='bbox 1660 2234 1733 2284; x_wconf 90' lang='lat' dir='ltr'>te,</span> <span class='ocrx_word' id='word_1_132' title='bbox 1761 2233 1818 2272; x_wconf 89' lang='lat' dir='ltr'>ut</span> 
     </span>
     <span class='ocr_line' id='line_1_23' title="bbox 252 2307 827 2350; baseline 0.002 -2"><span class='ocrx_word' id='word_1_133' title='bbox 252 2307 458 2350; x_wconf 87' lang='lat' dir='ltr'>honore</span> <span class='ocrx_word' id='word_1_134' title='bbox 487 2307 711 2349; x_wconf 82' lang='lat' dir='ltr'>afficias</span> <span class='ocrx_word' id='word_1_135' title='bbox 738 2322 827 2349; x_wconf 81' lang='lat' dir='ltr'>ine.</span> 
     </span>
    </p>

    <p class='ocr_par' dir='ltr' id='par_1_11' title="bbox 253 2376 1819 2644">
     <span class='ocr_line' id='line_1_24' title="bbox 305 2376 1818 2421; baseline -0.002 -1"><span class='ocrx_word' id='word_1_136' title='bbox 305 2377 380 2420; x_wconf 86' lang='lat' dir='ltr'><strong>III.</strong></span> <span class='ocrx_word' id='word_1_137' title='bbox 410 2377 472 2421; x_wconf 86' lang='lat' dir='ltr'>Ut</span> <span class='ocrx_word' id='word_1_138' title='bbox 501 2380 645 2420; x_wconf 88' lang='lat' dir='ltr'>autem</span> <span class='ocrx_word' id='word_1_139' title='bbox 671 2378 778 2420; x_wconf 88' lang='grc'>11399</span> <span class='ocrx_word' id='word_1_140' title='bbox 806 2380 896 2420; x_wconf 85' lang='grc'>133111</span> <span class='ocrx_word' id='word_1_141' title='bbox 925 2377 1163 2420; x_wconf 84' lang='grc'>11999553113</span> <span class='ocrx_word' id='word_1_142' title='bbox 1186 2376 1470 2420; x_wconf 72' lang='lat' dir='ltr'>invocationis</span> <span class='ocrx_word' id='word_1_143' title='bbox 1496 2376 1689 2418; x_wconf 90' lang='lat' dir='ltr'>doctrina</span> <span class='ocrx_word' id='word_1_144' title='bbox 1703 2389 1818 2417; x_wconf 85' lang='lat' dir='ltr'>com-</span> 
     </span>
     <span class='ocr_line' id='line_1_25' title="bbox 253 2446 1818 2502; baseline -0.003 -11"><span class='ocrx_word' id='word_1_145' title='bbox 253 2449 457 2502; x_wconf 86' lang='lat' dir='ltr'>pendiose</span> <span class='ocrx_word' id='word_1_146' title='bbox 500 2451 729 2501; x_wconf 81' lang='lat' dir='ltr'>tractetur3</span> <span class='ocrx_word' id='word_1_147' title='bbox 772 2449 933 2501; x_wconf 90' lang='lat' dir='ltr'>Primo,</span> <span class='ocrx_word' id='word_1_148' title='bbox 978 2450 1071 2502; x_wconf 87' lang='lat' dir='ltr'>quis</span> <span class='ocrx_word' id='word_1_149' title='bbox 1115 2449 1170 2491; x_wconf 87' lang='lat' dir='ltr'>sit</span> <span class='ocrx_word' id='word_1_150' title='bbox 1211 2447 1483 2500; x_wconf 78' lang='lat' dir='ltr'>invocandus,</span> <span class='ocrx_word' id='word_1_151' title='bbox 1522 2446 1818 2501; x_wconf 86' lang='lat' dir='ltr'>explicandum</span> 
     </span>
     <span class='ocr_line' id='line_1_26' title="bbox 255 2518 1819 2574; baseline -0.002 -12"><span class='ocrx_word' id='word_1_152' title='bbox 255 2523 339 2573; x_wconf 86' lang='grc'>9513;</span> <span class='ocrx_word' id='word_1_153' title='bbox 375 2519 582 2572; x_wconf 84' lang='lat' dir='ltr'>Secundo,</span> <span class='ocrx_word' id='word_1_154' title='bbox 620 2535 697 2574; x_wconf 92' lang='lat' dir='ltr'>per</span> <span class='ocrx_word' id='word_1_155' title='bbox 735 2535 882 2573; x_wconf 85' lang='lat' dir='ltr'>quem;</span> <span class='ocrx_word' id='word_1_156' title='bbox 922 2519 1081 2572; x_wconf 86' lang='lat' dir='ltr'>Tertio,</span> <span class='ocrx_word' id='word_1_157' title='bbox 1122 2519 1358 2574; x_wconf 89' lang='lat' dir='ltr'>quomodo;</span> <span class='ocrx_word' id='word_1_158' title='bbox 1397 2518 1572 2571; x_wconf 81' lang='lat' dir='ltr'>Quarto,</span> <span class='ocrx_word' id='word_1_159' title='bbox 1603 2518 1819 2571; x_wconf 86' lang='lat' dir='ltr'>quodnam</span> 
     </span>
     <span class='ocr_line' id='line_1_27' title="bbox 254 2589 1767 2644; baseline -0.002 -11"><span class='ocrx_word' id='word_1_160' title='bbox 254 2592 308 2633; x_wconf 90' lang='lat' dir='ltr'>sit</span> <span class='ocrx_word' id='word_1_161' title='bbox 336 2591 619 2634; x_wconf 69' lang='lat' dir='ltr'>invocationis</span> <span class='ocrx_word' id='word_1_162' title='bbox 651 2592 878 2644; x_wconf 87' lang='lat' dir='ltr'>objectum,</span> <span class='ocrx_word' id='word_1_163' title='bbox 910 2592 1021 2634; x_wconf 88' lang='lat' dir='ltr'>circa</span> <span class='ocrx_word' id='word_1_164' title='bbox 1051 2591 1165 2644; x_wconf 86' lang='lat' dir='ltr'>quod</span> <span class='ocrx_word' id='word_1_165' title='bbox 1192 2606 1292 2633; x_wconf 87' lang='lat' dir='ltr'>vera</span> <span class='ocrx_word' id='word_1_166' title='bbox 1319 2589 1534 2632; x_wconf 80' lang='lat' dir='ltr'>invocatio</span> <span class='ocrx_word' id='word_1_167' title='bbox 1562 2591 1767 2631; x_wconf 87' lang='lat' dir='ltr'>versatur.</span> 
     </span>
    </p>

    <p class='ocr_par' dir='ltr' id='par_1_12' title="bbox 254 2659 1818 3000">
     <span class='ocr_line' id='line_1_28' title="bbox 306 2659 1818 2717; baseline -0.002 -13"><span class='ocrx_word' id='word_1_168' title='bbox 306 2662 381 2705; x_wconf 83' lang='lat' dir='ltr'>IV,</span> <span class='ocrx_word' id='word_1_169' title='bbox 416 2663 555 2705; x_wconf 90' lang='lat' dir='ltr'>Deum</span> <span class='ocrx_word' id='word_1_170' title='bbox 596 2663 745 2715; x_wconf 90' lang='lat' dir='ltr'>solum,</span> <span class='ocrx_word' id='word_1_171' title='bbox 775 2678 928 2717; x_wconf 87' lang='lat' dir='ltr'>nempe</span> <span class='ocrx_word' id='word_1_172' title='bbox 958 2662 1143 2715; x_wconf 89' lang='lat' dir='ltr'>Patrem,</span> <span class='ocrx_word' id='word_1_173' title='bbox 1172 2662 1342 2715; x_wconf 80' lang='lat' dir='ltr'>Filium,</span> <span class='ocrx_word' id='word_1_174' title='bbox 1373 2677 1421 2704; x_wconf 90' lang='lat' dir='ltr'>ac</span> <span class='ocrx_word' id='word_1_175' title='bbox 1451 2660 1660 2714; x_wconf 83' lang='lat' dir='ltr'>Spiritum</span> <span class='ocrx_word' id='word_1_176' title='bbox 1688 2659 1818 2702; x_wconf 82' lang='lat' dir='ltr'>Sanc-</span> 
     </span>
     <span class='ocr_line' id='line_1_29' title="bbox 254 2731 1817 2787; baseline -0.002 -12"><span class='ocrx_word' id='word_1_177' title='bbox 254 2737 357 2787; x_wconf 90' lang='lat' dir='ltr'>tum,</span> <span class='ocrx_word' id='word_1_178' title='bbox 402 2749 613 2777; x_wconf 86' lang='lat' dir='ltr'>summum</span> <span class='ocrx_word' id='word_1_179' title='bbox 655 2734 845 2777; x_wconf 89' lang='lat' dir='ltr'>omnium</span> <span class='ocrx_word' id='word_1_180' title='bbox 881 2734 1091 2777; x_wconf 88' lang='lat' dir='ltr'>bonorum</span> <span class='ocrx_word' id='word_1_181' title='bbox 1129 2735 1334 2785; x_wconf 86' lang='lat' dir='ltr'>datorem,</span> <span class='ocrx_word' id='word_1_182' title='bbox 1373 2734 1415 2775; x_wconf 90' lang='lat' dir='ltr'>et</span> <span class='ocrx_word' id='word_1_183' title='bbox 1451 2731 1661 2774; x_wconf 90' lang='lat' dir='ltr'>malorum</span> <span class='ocrx_word' id='word_1_184' title='bbox 1699 2745 1817 2772; x_wconf 88' lang='lat' dir='ltr'>aver-</span> 
     </span>
     <span class='ocr_line' id='line_1_30' title="bbox 255 2803 1818 2858; baseline -0.002 -12"><span class='ocrx_word' id='word_1_185' title='bbox 255 2820 445 2858; x_wconf 81' lang='lat' dir='ltr'>runcum,</span> <span class='ocrx_word' id='word_1_186' title='bbox 483 2806 608 2848; x_wconf 88' lang='lat' dir='ltr'>nobis</span> <span class='ocrx_word' id='word_1_187' title='bbox 639 2821 729 2849; x_wconf 88' lang='lat' dir='ltr'>esse</span> <span class='ocrx_word' id='word_1_188' title='bbox 757 2806 1053 2857; x_wconf 85' lang='lat' dir='ltr'>invocandum,</span> <span class='ocrx_word' id='word_1_189' title='bbox 1084 2805 1238 2848; x_wconf 91' lang='lat' dir='ltr'>docent</span> <span class='ocrx_word' id='word_1_190' title='bbox 1267 2805 1411 2847; x_wconf 89' lang='lat' dir='ltr'>omnia</span> <span class='ocrx_word' id='word_1_191' title='bbox 1439 2803 1666 2845; x_wconf 90' lang='lat' dir='ltr'>invocandi</span> <span class='ocrx_word' id='word_1_192' title='bbox 1693 2817 1818 2856; x_wconf 88' lang='lat' dir='ltr'>prae-</span> 
     </span>
     <span class='ocr_line' id='line_1_31' title="bbox 258 2876 1818 2931; baseline -0.001 -14"><span class='ocrx_word' id='word_1_193' title='bbox 258 2879 393 2929; x_wconf 88' lang='lat' dir='ltr'>cepta,</span> <span class='ocrx_word' id='word_1_194' title='bbox 424 2892 532 2929; x_wconf 84' lang='lat' dir='ltr'>quae</span> <span class='ocrx_word' id='word_1_195' title='bbox 562 2876 782 2931; x_wconf 82' lang='lat' dir='ltr'>Scriptura</span> <span class='ocrx_word' id='word_1_196' title='bbox 811 2877 987 2920; x_wconf 88' lang='lat' dir='ltr'>diversis</span> <span class='ocrx_word' id='word_1_197' title='bbox 1015 2878 1059 2919; x_wconf 91' lang='lat' dir='ltr'>in</span> <span class='ocrx_word' id='word_1_198' title='bbox 1088 2876 1191 2919; x_wconf 89' lang='grc'>10915</span> <span class='ocrx_word' id='word_1_199' title='bbox 1219 2877 1414 2928; x_wconf 89' lang='lat' dir='ltr'>inculcat,</span> <span class='ocrx_word' id='word_1_200' title='bbox 1445 2890 1626 2928; x_wconf 91' lang='lat' dir='ltr'>quorum</span> <span class='ocrx_word' id='word_1_201' title='bbox 1655 2888 1818 2916; x_wconf 89' lang='lat' dir='ltr'>summa</span> 
     </span>
     <span class='ocr_line' id='line_1_32' title="bbox 256 2945 1817 3000; baseline -0.001 -13"><span class='ocrx_word' id='word_1_202' title='bbox 256 2949 397 2988; x_wconf 84' lang='lat' dir='ltr'>exstat</span> <span class='ocrx_word' id='word_1_203' title='bbox 423 2948 467 2989; x_wconf 88' lang='lat' dir='ltr'>in</span> <span class='ocrx_word' id='word_1_204' title='bbox 494 2949 635 2990; x_wconf 86' lang='lat' dir='ltr'>verbis</span> <span class='ocrx_word' id='word_1_205' title='bbox 664 2948 835 2999; x_wconf 84' lang='lat' dir='ltr'>Christi,</span> <span class='ocrx_word' id='word_1_206' title='bbox 865 2948 989 2991; x_wconf 86' lang='lat' dir='ltr'>Matt.</span> <span class='ocrx_word' id='word_1_207' title='bbox 1019 2948 1056 3000; x_wconf 85' lang='grc'>4,</span> <span class='ocrx_word' id='word_1_208' title='bbox 1085 2948 1146 2990; x_wconf 90' lang='grc'>10.</span> <span class='ocrx_word' id='word_1_209' title='bbox 1172 2948 1458 2990; x_wconf 90' lang='lat' dir='ltr'>Dominum</span> <span class='ocrx_word' id='word_1_210' title='bbox 1482 2945 1646 2988; x_wconf 89' lang='lat' dir='ltr'>Deum</span> <span class='ocrx_word' id='word_1_211' title='bbox 1669 2948 1817 2987; x_wconf 88' lang='lat' dir='ltr'>tuum</span> 
     </span>
    </p>
   </div>
   <div class='ocr_carea' id='block_1_9' title="bbox 258 3017 1818 3073">
    <p class='ocr_par' dir='ltr' id='par_1_13' title="bbox 258 3017 1818 3073">
     <span class='ocr_line' id='line_1_33' title="bbox 258 3017 1818 3073; baseline 0 -14"><span class='ocrx_word' id='word_1_212' title='bbox 258 3019 535 3071; x_wconf 80' lang='lat' dir='ltr'>adorabis,</span> <span class='ocrx_word' id='word_1_213' title='bbox 575 3022 625 3061; x_wconf 84' lang='lat' dir='ltr'>et</span> <span class='ocrx_word' id='word_1_214' title='bbox 663 3020 709 3062; x_wconf 85' lang='lat' dir='ltr'>ei</span> <span class='ocrx_word' id='word_1_215' title='bbox 748 3019 854 3062; x_wconf 89' lang='lat' dir='ltr'>soli</span> <span class='ocrx_word' id='word_1_216' title='bbox 894 3020 1125 3073; x_wconf 85' lang='lat' dir='ltr'>servies,</span> <span class='ocrx_word' id='word_1_217' title='bbox 1165 3020 1318 3063; x_wconf 91' lang='lat' dir='ltr'>docent</span> <span class='ocrx_word' id='word_1_218' title='bbox 1348 3033 1493 3061; x_wconf 86' lang='lat' dir='ltr'>omnes</span> <span class='ocrx_word' id='word_1_219' title='bbox 1523 3017 1690 3060; x_wconf 86' lang='lat' dir='ltr'>divinae</span> <span class='ocrx_word' id='word_1_220' title='bbox 1718 3030 1818 3071; x_wconf 87' lang='lat' dir='ltr'>pro-</span> 
     </span>
    </p>
   </div>
  </div>
 </body>
</html>
