1931 3224
220 136 298 177 264
779 130 1018 172 DISPUTATIO
1047 127 1225 171 XXVII.

273 258 366 299 VII.
407 257 510 298 Cum
548 257 660 298 enim
696 255 740 296 in
777 255 917 295 locum
945 252 1248 294 sceleratorum
1277 266 1526 305 sponsorem
1556 269 1601 296 se
1631 257 1674 296 et
1701 269 1775 298 va-

221 331 314 371 dem
364 328 640 377 submisisset,
694 325 928 379 dependere
971 325 1099 376 atque
1143 323 1384 376 persolvere
1427 324 1573 367 debuit
1617 340 1779 379 omnes,

223 415 328 453 quae
357 400 408 440 ab
438 399 520 439 illis
546 400 665 439 erant
690 395 932 448 exigendae,
956 408 1129 447 poenas,
1155 408 1204 435 ac
1227 394 1407 447 proinde
1431 410 1527 437 cum
1547 396 1781 440 inferorum

222 471 367 524 copiis,
399 473 439 512 et
469 472 663 511 aeternae
692 467 842 508 mortis
871 466 1062 516 horrore,
1094 465 1214 517 quasi
1244 466 1449 507 consertis
1472 467 1668 509 manibus
1692 468 1781 510 luc-

221 543 315 593 tari,
355 544 396 583 et
432 556 518 582 non
552 541 676 581 modo
717 552 869 591 corpus
902 552 1023 578 suum
1051 537 1357 590 redemptionis
1386 539 1573 591 pretium
1599 540 1779 593 tradere,
1838 531 1844 533 Δ

221 615 294 655 sed
323 614 450 655 etiam
478 613 522 653 in
551 611 690 652 anima
714 625 801 660 sua,
826 608 939 650 diros
964 608 1175 650 cruciatus
1199 608 1304 662 pati,
1329 623 1422 650 cum
1448 624 1492 651 se
1517 610 1572 652 ad
1594 610 1782 653 tribunal

222 686 302 727 Dei
331 688 443 726 stare
472 684 745 736 cognosceret
773 683 921 722 nostra
950 694 1087 721 causa.

273 755 387 797 VIII.
426 754 552 795 Hisce
591 752 808 794 doloribus
846 766 933 794 non
972 751 1109 792 solum
1149 751 1336 792 naturali
1371 753 1522 802 morte,
1552 752 1624 793 sed
1653 753 1783 795 etiam

220 825 529 880 supernaturali
568 824 752 876 quodam
788 822 916 864 modo
946 821 1168 863 defunctus
1199 823 1281 872 est;
1312 821 1620 865 affectione
1650 838 1782 865 com-

221 898 361 940 modi
400 912 423 938 a
453 896 543 937 Deo
575 896 807 948 separatus,
838 907 924 934 non
953 892 1261 934 affectione
1286 893 1572 946 justitiae,
1602 909 1690 936 non
1718 910 1783 938 se-

219 972 369 1024 parata
421 967 589 1020 quidem
642 965 863 1007 divinitate
914 965 1081 1006 ratione
1132 965 1301 1006 unionis
1353 964 1662 1018 hypostaticae,
1710 967 1783 1009 sed

220 1041 360 1082 divina
396 1039 552 1081 virtute
580 1038 624 1079 in
654 1052 702 1079 eo
733 1051 823 1078 sese
853 1037 906 1078 ad
936 1038 1200 1077 momentum
1229 1036 1482 1088 occultante,
1512 1038 1560 1078 ut
1589 1036 1633 1078 in
1662 1032 1783 1080 tanta

219 1111 479 1161 necessitate,
504 1109 619 1150 nulla
644 1110 871 1162 appareret
895 1106 1065 1148 virtutis
1091 1107 1258 1148 divinae
1283 1106 1505 1159 exhibitio,
1530 1107 1647 1149 nulla
1672 1111 1783 1151 esset

221 1181 457 1235 majestatis
496 1180 684 1221 offensio.
723 1178 840 1228 Quae
870 1178 1084 1220 derelictio
1116 1178 1168 1219 ad
1193 1193 1352 1232 poenas
1380 1178 1605 1221 infernales
1633 1194 1784 1233 pecca-

220 1254 383 1295 toribus
423 1252 585 1294 debitas
621 1250 769 1292 referri
799 1251 935 1292 debet.
964 1249 1063 1292 Ideo
1095 1251 1145 1292 de
1176 1249 1344 1291 Christo
1375 1250 1677 1304 intelliguntur
1700 1251 1784 1294 loci

222 1326 297 1376 illi,
345 1325 388 1365 in
428 1323 580 1376 quibus
619 1322 837 1375 Propheta
875 1322 1019 1375 typice
1058 1322 1344 1374 conqueritur,
1387 1321 1786 1365 circumdatum

223 1412 273 1438 se
301 1397 472 1437 fuisse
502 1394 790 1436 doloribus
818 1393 1049 1445 inferni,
1080 1393 1311 1434 animam
1339 1408 1485 1434 suam
1513 1394 1786 1447 repletam

222 1468 392 1509 fuisse
427 1466 606 1517 malis,
643 1468 684 1507 et
709 1465 876 1506 vitam
901 1465 962 1506 ad
986 1465 1263 1507 infernum
1287 1465 1785 1519 appropinquasse.

221 1539 278 1580 Et
315 1538 487 1579 tandem
526 1537 733 1590 agnoscit,
763 1535 930 1577 Deum
960 1536 1258 1578 redemisse
1288 1537 1516 1578 animam
1547 1552 1693 1579 suam
1723 1538 1785 1580 ab

221 1609 436 1651 inferno
466 1608 751 1659 inferiori,
781 1606 849 1648 Ps.
880 1607 943 1659 18,
974 1607 1011 1648 5.
1040 1606 1110 1648 Ps.
1137 1608 1199 1659 16,
1224 1608 1261 1649 3.
1287 1607 1355 1649 Ps.
1383 1608 1446 1660 83,
1471 1608 1508 1649 3.
1533 1608 1602 1650 Ps.
1628 1609 1692 1661 86,
1717 1610 1782 1652 16.

272 1680 344 1722 ΙΧ.
388 1680 578 1721 Dicimus
621 1682 777 1731 tamen,
823 1694 918 1720 eum
962 1679 1370 1721 extremitatem
1409 1694 1572 1733 poenae.
1611 1695 1786 1734 passum

222 1767 320 1803 esse,
363 1766 449 1793 non
491 1750 902 1803 aeternitatem,
947 1753 989 1792 et
1028 1750 1074 1791 in
1116 1750 1191 1791 illa
1228 1750 1424 1804 passione
1462 1752 1640 1803 animae,
1677 1751 1787 1793 nihil

223 1823 369 1866 ἔσωθεν
394 1823 506 1875 quod
529 1822 782 1865 Scholastici
804 1823 950 1864 dicunt
976 1822 1028 1864 ab
1053 1821 1384 1874 intrinseco,
1409 1822 1538 1864 fuisse
1553 1823 1598 1864 in
1614 1821 1783 1864 Christo

221 1896 522 1946 inordinatum,
565 1895 643 1936 etsi
686 1893 844 1944 ἔξωθεν,
893 1895 955 1935 ab
994 1894 1334 1945 extrinseco,
1373 1894 1597 1947 impetitus
1635 1894 1785 1945 fuerit3

221 1967 317 2008 inde
356 1966 559 2018 sequitur,
599 1982 623 2007 a
662 1966 933 2008 damnatione
970 1966 1044 2007 illa
1081 1965 1335 2007 absoluta
1372 1965 1605 2007 immunem
1641 1965 1784 2018 fuisse,

222 2038 266 2078 in
320 2052 402 2090 qua
452 2039 637 2088 manent,
685 2038 757 2090 qui
800 2040 977 2091 propter
1019 2051 1093 2078 sua
1134 2036 1327 2090 ipsorum
1368 2039 1556 2090 peccata,
1602 2037 1785 2080 aeternis

223 2108 370 2162 poenis
398 2108 707 2161 mancipantur,
738 2109 780 2149 in
812 2109 964 2161 quibus
993 2123 1107 2150 mors
1136 2108 1210 2149 illa
1241 2122 1336 2149 cum
1365 2109 1661 2162 desperatione
1685 2124 1785 2152 con-

219 2182 367 2233 juncta
406 2182 487 2229 est,
528 2195 655 2232 quam
682 2182 730 2221 ut
761 2179 930 2221 Christo
960 2179 1211 2231 tribuamus,
1242 2179 1366 2232 absit,
1397 2180 1477 2222 etsi
1505 2179 1586 2222 hoc
1613 2180 1785 2223 nomine

223 2252 276 2293 ab
304 2251 555 2293 adversariis
586 2251 839 2293 calumniam
866 2251 1092 2306 patiamur.

275 2322 326 2364 X.
370 2322 461 2364 Iino
508 2322 635 2364 etiam
679 2337 953 2376 quaecunque
996 2322 1084 2364 sive
1125 2323 1170 2364 in
1213 2337 1403 2376 corpore,
1441 2322 1528 2364 sive
1564 2322 1609 2364 in
1645 2323 1786 2365 anima

222 2394 399 2447 pertulit
438 2393 643 2445 Christus,
684 2408 777 2435 cum
814 2393 1079 2436 Damasceno
1109 2394 1162 2435 ad
1189 2393 1306 2435 illam
1341 2393 1534 2444 οἶκείωσιν,
1578 2410 1785 2450 appro-

222 2465 579 2518 priationem,
608 2464 849 2515 referimus3
879 2480 963 2507 non
992 2480 1099 2518 quae
1126 2467 1190 2506 est
1215 2465 1361 2519 φυσικὴ
1392 2465 1460 2508 καὶ
1493 2467 1686 2516 ὀύσιώδης,
1719 2481 1785 2510 se-

224 2537 404 2578 cundum
435 2551 562 2590 quam
589 2539 788 2578 naturam
816 2539 1021 2589 nostram,
1053 2539 1094 2579 et
1122 2537 1333 2580 naturalia
1357 2539 1508 2579 cuncta
1533 2538 1783 2591 assumpsit3

227 2609 296 2650 sed
327 2623 433 2662 quae
461 2609 685 2661 προσωπικὴ
707 2609 776 2651 καὶ
795 2610 979 2662 σχετικὴ,
1009 2625 1092 2663 qua
1119 2612 1311 2652 nostram
1340 2609 1517 2651 subinde
1545 2624 1784 2664 personam,

226 2680 454 2722 secundum
485 2695 613 2733 quam
641 2680 983 2723 maledictionem
1012 2684 1052 2723 et
1082 2681 1399 2723 derelictionem
1426 2683 1618 2723 nostram
1647 2681 1782 2734 ᾠκειώ-

227 2766 342 2799 σατο,
386 2752 684 2805 appropriavit
721 2751 814 2802 sibi,
858 2752 901 2794 τὸ
939 2753 1122 2805 ἡμέτερον
1159 2752 1461 2806 ἀναδεχόμενος
1490 2751 1703 2805 πρόσωπον,
1736 2754 1785 2794 ut

229 2820 288 2861 ait
326 2821 437 2862 idem
466 2822 661 2865 Damaso.
693 2822 891 2877 (Orthod.
920 2823 989 2865 fid.
1019 2824 1110 2866 Lib.
1139 2826 1176 2866 3.
1209 2840 1299 2879 cap.
1328 2825 1384 2878 2.)
1413 2838 1551 2877 neque
1580 2823 1692 2865 enim
1719 2823 1785 2865 in-

226 2891 406 2943 nuimus,
450 2892 588 2935 Deum
628 2894 757 2936 fuisse
798 2909 987 2947 unquam
1026 2894 1136 2937 Filio
1176 2895 1474 2946 adversarium,
1513 2894 1580 2936 vel
1613 2895 1784 2936 iratum.

227 2961 340 3004 Nam
386 2965 597 3014 quomodo
640 2964 791 3007 dilecto
834 2965 958 3018 Filio,
1000 2965 1044 3006 in
1086 2980 1170 3018 quo
1214 2967 1354 3009 anima
1389 2965 1522 3020 ipsius
1560 2965 1784 3018 acquievit,
