1931 3224
700 99 764 142 DE
798 99 1040 143 EvANGEmo.
1573 96 1651 138 207

141 221 342 266 XXXIII.
381 223 585 266 Mandata
622 223 847 278 Evangelii
882 226 979 266 sunt
1008 223 1103 276 duo,
1133 236 1265 265 unum
1294 221 1344 264 de
1372 219 1651 275 poenitentia,

88 295 268 338 alterum
295 295 346 337 de
374 295 456 338 fide
484 295 530 337 in
558 294 586 337 J
590 311 707 338 esum
735 294 963 347 Christum,
994 294 1125 337 Marc.
1157 295 1194 346 1,
1221 293 1283 335 15.
1308 292 1652 347 Resipiscite

89 368 140 408 et
169 367 381 409 credite
408 367 732 424 Evangelio.

141 437 338 481 XXXIV.
376 438 445 481 Ad
479 439 596 494 prius
628 439 878 481 mandatum
907 439 1124 493 pertinent
1154 436 1377 480 conciones
1406 434 1521 477 Novi
1549 434 1652 476 Tes-

87 510 279 562 tamenti,
316 512 407 552 tam
443 511 614 565 legales,
644 526 772 564 quam
799 510 1104 564 Evangelicae3
1136 509 1189 552 ad
1215 507 1427 564 posterius
1455 506 1654 560 Evange-

88 582 193 624 lieae
220 581 491 635 potissimum
519 582 787 624 adhibentur.

141 652 318 695 XXXV.
349 653 465 703 Quae
493 669 592 696 vero
624 656 792 696 exstant
819 653 923 695 Mat.
949 653 986 695 5.
1016 652 1115 695 Joh.
1145 653 1207 694 13.
1238 654 1281 694 et
1305 651 1421 703 alibi,
1446 665 1532 692 non
1556 651 1654 691 sunt

88 741 200 768 nova
236 725 437 767 mandata
469 725 695 780 Evangelii
721 726 894 781 proprie
923 725 983 766 sic
1011 724 1126 776 dicti,
1157 723 1397 777 praeceptis
1426 722 1533 775 legis
1562 735 1653 764 mo-

89 797 190 840 ralis
228 797 384 849 addita,
421 797 573 850 hisque
612 797 838 848 exactiora,
868 796 939 838 sed
969 798 1067 837 sunt
1096 795 1241 837 eadem
1271 809 1378 847 quae
1408 792 1548 835 Moses
1576 806 1654 846 po-

89 869 192 923 pulo
230 868 312 910 Dei
347 869 594 920 tradiderat,
624 884 648 910 a
678 867 847 909 Christo
877 867 1073 921 repetita,
1103 881 1126 907 a
1156 865 1409 919 corruptelis
1438 863 1655 905 Pharisai-

91 940 149 982 cis
192 942 436 994 repurgata,
478 939 746 994 pristinoque
789 953 864 980 suo
907 937 1039 979 nitori
1077 936 1262 991 genuina
1299 934 1655 988 interpretatione

90 1011 302 1053 restituta.

144 1081 343 1124 XXXVI.
380 1082 540 1124 Errant
575 1096 676 1136 ergo
705 1080 959 1124 Scholastici
988 1095 1036 1122 ac
1065 1079 1270 1131 Jesuitae,
1300 1079 1545 1129 asserentes,
1577 1091 1654 1118 no-

91 1169 187 1196 vam
228 1154 367 1208 legem
410 1169 434 1195 a
476 1152 645 1195 Christo
681 1153 813 1194 latam
852 1167 954 1204 esse,
994 1153 1168 1205 ejusque
1197 1152 1427 1204 praecepta
1456 1148 1655 1190 Mosaicis

92 1241 181 1268 esse
209 1226 336 1279 longe
364 1225 632 1279 perfectiora,
663 1224 961 1267 excellentiora
991 1226 1033 1265 et
1062 1223 1286 1265 severiora.
1316 1220 1595 1264 Lombard.
1618 1220 1655 1261 3.

92 1300 223 1340 sent.
254 1297 374 1339 dist.
404 1298 442 1339 4.
472 1296 650 1339 Thom.
679 1297 872 1350 Aquin.
900 1297 954 1337 in
984 1310 1094 1349 cap.
1124 1295 1160 1337 5.
1186 1294 1308 1336 Mat.
1340 1296 1390 1335 et
1420 1293 1455 1334 1.
1481 1290 1656 1344 2.q.91.

94 1372 189 1412 art.
227 1369 263 1411 5.
303 1368 442 1411 Scot.
471 1369 655 1411 3.sent.
686 1369 806 1410 dist.
836 1368 900 1410 40.
930 1367 1061 1409 Biel.
1091 1367 1128 1409 3.
1160 1368 1291 1408 sent.
1324 1366 1445 1407 dist.
1474 1364 1512 1405 4.
1542 1362 1656 1405 Bel-

93 1441 240 1484 larm.
269 1440 313 1483 L.
341 1441 379 1483 4.
409 1441 468 1482 de
497 1439 810 1482 Justificat.
841 1453 949 1492 cap.
978 1439 1014 1480 3.
1045 1440 1088 1480 et
1116 1438 1153 1479 4.

145 1511 368 1555 XXXVII.
418 1511 577 1554 Errant
630 1525 799 1564 quoque
846 1509 1073 1561 Sociniani,
1118 1508 1191 1562 qui
1233 1508 1421 1562 duplicia
1463 1508 1657 1549 statuunt

95 1584 254 1627 Christi
294 1584 507 1635 mandata,
551 1597 732 1636 quorum
774 1582 857 1624 alia
895 1581 1074 1635 singulis
1114 1580 1306 1633 decalogi
1335 1579 1574 1633 praeceptis
1605 1578 1656 1620 ab

94 1655 188 1709 ipso
232 1655 387 1707 addita,
431 1654 516 1696 alia
556 1653 778 1707 Apostolis
821 1653 874 1694 ab
917 1653 1012 1706 ipso
1055 1650 1277 1705 sigillatim
1318 1649 1478 1692 tradita
1514 1648 1657 1700 fuisse,

96 1729 350 1768 asseverant.

148 1796 390 1840 XXXVIII.
426 1796 629 1838 Mandata
667 1810 774 1848 quae
808 1796 1000 1837 asserunt
1027 1793 1166 1848 primo
1195 1793 1305 1847 legis
1334 1792 1506 1834 moralis
1536 1807 1659 1846 prae-

96 1873 220 1924 cepto
259 1886 283 1912 a
321 1868 491 1911 Christo
528 1867 658 1909 fuisse
696 1867 852 1918 addita,
891 1869 989 1907 sunt
1027 1865 1123 1907 duo.
1159 1865 1195 1906 1.
1226 1864 1317 1914 Quo
1347 1862 1539 1905 Christus
1570 1877 1660 1905 cer-

96 1944 186 1983 tam
230 1941 379 1984 orandi
418 1941 630 1982 rationem
665 1939 789 1981 nobis
826 1937 1114 1992 praescripsit.
1143 1938 1180 1978 2.
1212 1936 1305 1986 Quo
1330 1936 1459 1988 jussit
1486 1938 1535 1976 ut
1564 1950 1659 1977 eum

97 2028 177 2067 pro
205 2027 306 2055 vero
330 2011 435 2064 Deo,
459 2011 504 2053 id
528 2014 602 2064 est,
629 2010 874 2065 (secundum
888 2024 1063 2064 pravam
1080 2022 1227 2050 eorum
1241 2005 1657 2060 interpretationem)

98 2099 176 2138 pro
204 2084 294 2136 tali,
326 2084 398 2137 qui
427 2083 617 2125 divinum
642 2083 687 2124 in
715 2097 792 2124 nos
820 2081 952 2123 habet
979 2080 1217 2135 imperium,
1241 2092 1533 2132 agnoscamus,
1560 2077 1661 2119 ado-

98 2170 239 2198 remus
277 2157 319 2197 et
346 2155 601 2197 invocemus.
632 2153 823 2203 Quorum
851 2154 1080 2205 utrumque
1108 2151 1161 2193 ad
1188 2150 1377 2205 primum
1403 2149 1511 2203 legis
1539 2163 1662 2204 prae-

100 2229 271 2281 ceptum
296 2225 446 2268 referri
474 2225 611 2267 debet.

152 2297 350 2340 XXXIX.
373 2296 475 2339 Non
505 2297 617 2338 enim
646 2294 838 2337 Christus
865 2295 949 2337 ista
977 2293 1179 2348 precandi
1202 2292 1385 2335 formula
1408 2306 1563 2334 novam
1584 2290 1662 2332 ali-

103 2386 229 2424 quam
272 2369 412 2412 Deum
453 2367 679 2410 invocandi
719 2367 941 2419 rationem,
980 2366 1051 2408 sed
1089 2366 1166 2407 sub
1203 2364 1352 2407 Veteri
1386 2363 1661 2405 Testamento

100 2442 284 2484 usitatae
309 2440 568 2483 conformem
601 2439 800 2491 instituit,
826 2439 964 2492 primo
995 2437 1166 2491 quidem
1193 2437 1300 2490 legis
1328 2436 1559 2490 praecepto
1589 2448 1663 2487 ge-

101 2512 304 2555 neraliter
347 2526 371 2552 a
413 2510 504 2552 Deo
546 2511 814 2564 imperatam,
859 2512 900 2551 et
937 2509 1152 2551 variarum
1181 2507 1423 2550 orationum
1452 2504 1664 2558 composi-

103 2583 219 2625 tione
252 2598 276 2625 a
305 2581 468 2624 Davide
496 2583 626 2634 atque
653 2580 746 2622 aliis
773 2579 875 2622 viris
905 2578 987 2622 Dei
1015 2579 1067 2621 ad
1095 2578 1245 2633 populi
1273 2593 1395 2619 usum
1425 2575 1664 2631 specialiter

103 2653 479 2698 accommodatam.

156 2725 243 2769 XL.
275 2724 368 2768 Nec
396 2723 604 2775 Christus,
635 2737 729 2764 cum
756 2737 835 2776 pro
863 2737 963 2764 vero
993 2721 1086 2764 Deo
1116 2719 1290 2774 agnosci
1319 2721 1447 2772 atque
1475 2717 1665 2761 invocari

104 2797 254 2850 voluit,
290 2811 450 2840 novum
479 2795 561 2837 Dei
589 2794 751 2836 cultum
777 2793 1064 2848 praescripsit,
1095 2792 1168 2834 sed
1195 2792 1333 2846 primo
1361 2790 1563 2832 mandato
1593 2804 1664 2831 ex-

105 2884 310 2923 pressum,
341 2883 424 2923 quo
453 2867 568 2910 Deus
595 2865 725 2908 Pater
751 2865 983 2919 prohibens
1006 2878 1059 2906 ne
1083 2863 1198 2905 Deos
1221 2862 1380 2905 alienos
1404 2875 1546 2904 coram
1569 2860 1664 2914 ipso

106 2941 352 2995 habeamus,
395 2954 490 2984 eum
529 2938 622 2981 vult
661 2936 831 2980 adorari
868 2936 941 2990 qui
978 2949 1086 2977 unus
1124 2936 1187 2976 est
1222 2934 1419 2987 idemque
1447 2947 1542 2975 cum
1570 2932 1664 2985 ipso
