1931 3224
232 151 310 192 220
796 147 1038 188 DISPUTA‘PIO
1069 145 1228 189 XXIII.

229 274 273 315 in
308 273 527 315 hominum
563 271 862 315 traditionibus
900 270 1043 323 potius
1082 285 1210 323 quam
1239 270 1283 311 in
1312 271 1552 325 praeceptis
1582 270 1663 313 Dei
1690 286 1786 314 con-

231 346 422 396 stituens,
459 345 532 385 aut
569 343 700 385 libere
740 341 955 384 observari
993 341 1058 382 vel
1088 341 1239 382 violari
1267 355 1392 394 posse
1419 341 1651 394 insinuans,
1681 357 1789 395 quae

231 431 327 458 vere
354 415 435 457 Dei
461 417 689 469 praecepta
717 416 814 455 sunt
842 412 886 453 in
914 414 1097 464 utroque
1127 411 1400 454 Testamento
1425 413 1595 465 tradita,
1624 427 1789 455 omnes-

233 502 313 540 que
351 486 543 529 homines
583 484 836 538 obligantia3
879 483 1020 536 qualia
1059 485 1157 524 sunt
1196 483 1389 537 privatae
1422 483 1629 527 vindictae
1658 485 1789 527 absti-

231 559 388 609 nentia,
425 557 593 599 dilectio
631 556 912 606 inimicorum,
937 555 1278 607 juramentorum
1303 556 1462 597 temere
1494 558 1790 610 susceptorum

231 629 494 680 detrectatio,
535 630 576 670 et
614 628 649 668 si
689 640 796 679 quae
835 625 990 667 similia
1026 625 1123 677 sint,
1163 628 1237 667 aut
1274 628 1504 680 praecepta
1543 627 1788 680 singularia,

231 714 309 753 pro
348 691 512 741 ratione
551 698 757 739 donorum
795 698 837 738 et
873 696 1109 738 vocationis
1147 696 1229 739 Dei
1266 697 1544 751 suscipienda.
1580 696 1792 751 Quicquid

232 771 342 812 enim
379 770 506 811 homo
535 769 663 810 habet
691 767 805 819 boni,
837 783 932 809 cum
960 767 1004 809 id
1033 783 1057 809 a
1087 768 1179 810 Deo
1209 769 1377 822 habeat,
1409 769 1447 811 ei
1476 769 1644 811 debitor
1673 772 1736 811 est
1767 785 1791 812 a

232 856 315 894 quo
345 840 484 892 habet,
515 842 556 882 et
584 839 838 881 inutilem
866 854 1078 882 servum
1106 855 1149 882 se
1177 841 1370 894 profiteri
1394 841 1531 894 debet,
1557 842 1630 895 qui
1655 842 1792 895 quod

232 912 417 954 debuit
445 911 646 962 facere,
675 910 823 963 fecit,
853 910 951 953 Luc.
983 912 1046 963 17,
1077 913 1139 954 10.

281 981 458 1024 XXXII.
502 982 581 1024 His
625 981 877 1035 corruptelis
919 983 1097 1036 rejectis,
1141 983 1449 1036 acquiescimus
1487 984 1654 1026 divinae
1689 984 1792 1026 huic

232 1054 547 1110 dispensationi,
579 1068 662 1107 qua
690 1054 752 1095 ita
781 1053 920 1107 legem
951 1056 996 1096 et
1020 1055 1349 1108 promissionem
1373 1055 1587 1109 disposuit
1601 1055 1729 1108 Deus,
1744 1058 1792 1097 ut

229 1126 345 1168 illam
374 1126 681 1179 respiceremus
716 1125 1079 1178 condemnantem,
1113 1125 1224 1167 hanc
1250 1141 1548 1179 quaereremus
1572 1127 1791 1169 consolan-

230 1200 335 1249 tem3
351 1198 468 1240 illam
493 1200 795 1252 reposcentem,
811 1197 922 1238 hanc
935 1197 1242 1250 ignoscentem,
1258 1197 1378 1239 illam
1392 1197 1664 1251 plectentem,
1683 1198 1794 1240 hanc

230 1270 577 1323 amplectentem:
617 1271 659 1311 et
695 1269 740 1310 in
777 1270 961 1321 utroque
990 1267 1265 1311 Testamento
1294 1269 1583 1321 nihilominus,
1616 1269 1791 1311 eandem

231 1344 272 1383 et
299 1341 467 1383 unicam
496 1340 645 1382 salutis
673 1340 786 1382 viam
815 1340 1043 1394 proposuit
1070 1355 1146 1395 per
1176 1340 1360 1393 gratiam
1388 1341 1433 1382 in
1463 1340 1633 1382 Christo
1662 1340 1794 1382 medi-

230 1415 361 1464 atore,
401 1412 576 1454 mutatis
612 1414 781 1454 tantum
819 1412 1161 1464 circumstantiis,
1202 1414 1244 1453 et
1283 1411 1613 1466 dispensationis
1642 1411 1793 1464 modis,

231 1484 320 1525 sine
358 1484 444 1526 ulla
482 1483 765 1537 dispensantis
803 1483 1053 1526 mutatione.
1092 1485 1174 1537 ποοῤ
1217 1479 1243 1537 ᾧ
1285 1485 1350 1526 οὐκ
1392 1485 1477 1526 ἔστι
1517 1485 1793 1537 wammam),

231 1554 252 1604 ἢ
281 1561 424 1609 τροπῆς
450 1556 736 1607 aimo-ulmam,
775 1555 913 1609 apud
946 1569 1099 1609 quem
1131 1569 1235 1597 non
1265 1558 1345 1597 est
1371 1555 1793 1608 transmutatio,

230 1629 323 1669 aut
353 1626 728 1669 conversionis
760 1626 1127 1679 obumbratio,
1155 1626 1245 1669 Jac.
1277 1628 1312 1680 1,
1344 1627 1406 1669 17.
1436 1626 1509 1680 qui
1532 1626 1661 1668 variis
1677 1641 1795 1669 secu-

230 1697 294 1749 lis,
330 1697 458 1739 variis
499 1712 667 1751 quoque
704 1698 841 1741 modis
880 1713 959 1752 pro
998 1712 1162 1740 summa
1199 1712 1275 1739 sua
1313 1697 1537 1752 sapientia,
1576 1697 1662 1739 suis
1693 1711 1794 1751 pro-

230 1770 381 1824 spexit,
410 1785 488 1823 pro
518 1770 849 1823 uniuscujusque
878 1769 1133 1821 conditione,
1162 1771 1218 1811 ut
1246 1772 1375 1812 nota
1402 1783 1540 1811 nunc
1568 1768 1673 1810 fiat
1701 1783 1795 1823 per

231 1842 534 1884 Ecclesiam
571 1842 821 1895 imperiis
860 1844 911 1884 et
947 1841 1330 1901 potes-tatibus
1369 1855 1502 1894 quae
1540 1841 1594 1883 in
1623 1840 1794 1882 coelis

232 1916 375 1965 sunt,
417 1914 438 1962 ἡ
479 1915 758 1962 πολυποίκιλος
800 1914 928 1968 σοφίοι
962 1917 1030 1957 τοῦ
1062 1917 1173 1963 Θεοῦ,
1205 1911 1565 1955 multiformis
1593 1910 1692 1952 illa
1721 1924 1795 1952 sa-

234 1984 447 2038 pientia
474 1984 594 2038 Dei,
624 1984 736 2039 Eph.
767 1986 805 2037 3,
838 1986 900 2027 10.

837 2056 908 2098 ῗὨ
940 2055 1043 2109 μόνῳ
1075 2055 1188 2106 δόξαι.

732 2316 1305 2367 COROLLARIUM.

285 2432 434 2475 Inter
462 2432 688 2476 Veteris
719 2434 770 2475 et
797 2431 937 2475 Novi
961 2430 1301 2473 Testamenti
1326 2428 1795 2484 dispensationem

231 2503 459 2545 medium
509 2504 834 2547 intercessit
885 2502 1155 2545 Johannis
1207 2502 1500 2557 Baptistae
1551 2500 1794 2542 ministe-

230 2575 388 2628 rium,
442 2576 581 2629 quod
622 2579 679 2617 ut
722 2574 1061 2618 excellentia
1103 2574 1273 2616 cessit
1314 2572 1675 2626 Apostolico,
1719 2572 1795 2613 sic

233 2646 567 2700 praecelluit
608 2645 972 2700 Prophetico;
1012 2646 1164 2699 cujus
1202 2645 1478 2698 baptisma
1514 2658 1538 2685 a
1574 2642 1683 2686 Deo
1720 2643 1794 2685 in-

235 2714 1794 2771 stitutum,remissionempeccatorumobsignasse,idem-

236 2801 335 2839 que
371 2788 685 2831 substantia
714 2791 764 2831 et
794 2787 1224 2842 significatione
1253 2786 1426 2828 fuisse
1455 2800 1560 2828 cum
1587 2785 1794 2840 baptis-

237 2860 375 2900 mate
399 2860 506 2910 jam
533 2860 586 2901 in
613 2859 863 2902 Ecclesia
892 2860 1135 2912 recepto,
1167 2857 1473 2900 statuimus.
