1931 3224
299 142 377 183 636
909 136 1150 180 DISPUTATIO
1178 134 1245 178 LI.

299 263 372 306 sed
410 263 537 306 etiam
575 263 619 304 in
657 276 847 316 corpore.
875 261 999 304 Unde
1029 261 1312 314 consequitur,
1344 261 1458 314 quod
1485 276 1563 303 nec
1590 260 1733 303 electis
1762 262 1855 313 qui-

301 336 395 377 dem
431 334 622 376 Christus
650 333 805 375 meruit
835 333 1188 375 resurrectionem
1216 332 1478 386 simpliciter,
1508 333 1581 374 sed
1608 332 1854 374 resurrecti-

301 421 424 449 onem
461 405 647 456 talem,
686 404 729 446 id
767 406 843 456 est,
881 405 1095 446 beatam
1133 407 1183 446 et
1222 405 1544 458 gloriosam:
1585 404 1643 445 sic
1672 403 1855 446 enimin

298 480 383 521 illis
427 478 624 520 effectum
666 476 923 518 assimilatur
966 490 1114 518 causae
1156 491 1254 517 suae
1298 475 1541 529 exemplari.
1583 475 1643 517 At
1684 475 1857 528 reprobi

300 550 458 592 similes
498 549 666 590 Christo
705 563 792 590 non
830 550 964 600 erunt,
1003 548 1086 590 nisi
1115 547 1302 601 generali
1331 547 1513 600 quadam
1541 547 1719 599 ratione,
1749 562 1856 600 quae

298 621 396 663 huic
423 620 647 674 proposito
672 634 757 661 non
782 619 950 661 sufficit.
976 619 1079 661 Inde
1104 622 1179 672 est,
1205 619 1319 672 quod
1343 619 1578 672 Apostolus
1603 618 1703 660 solis
1728 617 1857 660 Prae-

299 692 519 735 destinatis
548 692 590 734 id
620 694 862 745 competere
888 691 1024 743 docet,
1049 694 1105 732 ut
1128 691 1269 732 fiant
1295 690 1601 732 conformes
1626 689 1856 743 imagini

297 764 432 806 Filii
470 764 568 806 Dei
607 767 656 806 et
686 764 757 805 sit
786 764 904 817 ipse
933 763 1342 817 primogenitus
1373 762 1426 803 in
1454 761 1642 803 multis
1671 761 1856 802 iratri-

297 837 324 878 b
336 852 414 888 us,
444 836 566 879 Rom.
597 838 633 889 8,
665 838 726 879 29.

350 907 463 950 XXI.
501 908 710 962 Spiritum
739 907 943 951 Sanctum
973 907 1119 950 eadem
1146 907 1188 949 vi
1219 921 1301 959 qua
1328 905 1457 947 Pater
1487 907 1530 946 et
1556 904 1689 946 Filius
1719 919 1857 947 resus-

298 980 526 1022 citaturum
562 982 767 1032 mortuos,
805 979 953 1032 negari
982 993 1068 1020 non
1097 980 1252 1031 potest,
1281 977 1363 1018 nisi
1393 992 1416 1018 a
1445 976 1856 1028 Pneumatomaehis,

296 1053 338 1093 et
377 1050 614 1093 Macedonii
650 1050 902 1092 fautoribus.
939 1049 1053 1091 Nam
1091 1065 1185 1091 cum
1214 1048 1333 1091 Patri
1361 1051 1402 1091 et
1430 1048 1541 1091 Filio
1573 1048 1785 1100 ὁμοούσιος,
1818 1048 1855 1090 ei

297 1121 425 1164 etiam
464 1136 707 1164 communes
736 1124 834 1163 sunt
866 1121 1136 1175 operationes
1164 1121 1209 1162 in
1237 1121 1364 1162 rebus
1394 1121 1591 1163 externis.
1623 1120 1705 1163 Sed
1733 1123 1874 1175 prae-v

295 1196 424 1247 terea,
462 1194 506 1235 id
534 1194 637 1235 satis
676 1196 859 1235 testatur
896 1193 1143 1247 Apostolus,
1181 1192 1304 1235 Rom.
1343 1193 1379 1245 8,
1418 1193 1480 1234 11.
1519 1192 1574 1235 Si
1611 1192 1857 1246 Spiritus

299 1267 413 1319 ejus
467 1266 556 1319 qui
600 1266 902 1308 suscitavit
945 1266 1128 1308 Jesum
1170 1280 1194 1307 a
1236 1265 1495 1317 mortuis,
1538 1265 1762 1306 habitat
1804 1265 1857 1306 in

297 1338 473 1390 vobis,
513 1337 557 1379 is
588 1337 677 1391 qui
706 1337 1006 1379 suscitavit
1035 1336 1313 1378 Christum
1341 1351 1365 1378 a
1393 1336 1644 1388 mortuis,
1674 1336 1857 1378 vivifi-

298 1411 448 1453 cabit
491 1412 541 1452 et
581 1409 841 1451 mortalia
885 1423 1121 1462 corpora
1157 1411 1340 1450 vestra
1377 1410 1610 1461 propter
1646 1407 1856 1449 inhabi-

296 1484 502 1524 tantem
542 1481 812 1535 Spiritum
851 1482 965 1534 ejus
1004 1480 1057 1522 in
1094 1479 1257 1522 vobis.
1300 1479 1382 1529 Qui
1420 1482 1564 1521 tamen
1599 1479 1717 1522 locus
1754 1479 1858 1521 facit

295 1556 463 1596 tantum
492 1553 543 1594 ad
573 1552 893 1594 suscitationem
922 1551 1155 1605 gloriosam
1182 1550 1382 1603 fidelium,
1412 1550 1456 1591 in
1481 1550 1634 1603 quibus
1659 1550 1757 1592 solis
1781 1550 1857 1591 ha-

295 1626 406 1667 bitat
443 1624 641 1678 Spiritus.
679 1623 972 1666 Nihilominus
1011 1622 1055 1664 in
1082 1623 1134 1664 iis
1163 1623 1207 1665 in
1238 1622 1391 1675 quibus
1421 1636 1507 1663 non
1533 1621 1713 1675 habitat,
1745 1624 1857 1664 eate-

294 1711 374 1737 nus
403 1696 533 1737 etiam
563 1697 705 1737 exeret
734 1694 821 1736 vim
851 1709 981 1744 suam,
1011 1696 1058 1735 ut
1087 1694 1131 1735 in
1159 1693 1244 1735 illis
1274 1693 1401 1735 etiam
1431 1695 1631 1747 operetur
1659 1693 1858 1736 iteratam

297 1767 461 1809 animae
504 1769 545 1808 et
589 1766 781 1819 corporis
823 1766 1035 1818 unionem,
1081 1768 1122 1808 et
1166 1766 1360 1807 ultimam
1401 1766 1604 1808 materiae
1647 1766 1699 1807 ad
1739 1765 1856 1807 illam

296 1838 633 1892 dispositionem.

348 1910 484 1953 XXII.
523 1910 605 1952 Hic
645 1911 815 1953 effectus
852 1910 990 1951 tribus
1019 1910 1213 1965 personis
1243 1910 1490 1962 communis,
1520 1910 1676 1951 nullius
1706 1924 1855 1952 causae

294 1982 501 2024 naturalis
537 1982 707 2035 virtute,
746 1982 818 2024 sed
856 1982 945 2023 sola
974 1981 1169 2034 potentia
1198 1981 1340 2023 divina
1369 1981 1514 2035 perfici
1541 1983 1696 2035 potest.
1726 1980 1856 2023 Nulla

296 2054 408 2096 enim
446 2069 572 2096 causa
606 2054 812 2096 naturalis
849 2055 993 2107 potest
1030 2052 1400 2106 reproducere
1431 2041 1548 2095 ⁴idem
1584 2068 1782 2104 numero;
1814 2055 1856 2095 et

295 2142 319 2168 a
354 2126 595 2180 privatione
632 2126 684 2167 ad
711 2125 908 2167 habitum
936 2125 1191 2167 naturaliter
1219 2139 1305 2166 non
1334 2125 1457 2166 datur
1492 2139 1721 2178 regressus,
1752 2139 1855 2178 qua-

294 2198 345 2239 lis
383 2213 407 2239 a
447 2200 585 2240 morte
623 2198 676 2239 ad
713 2197 1068 2240 resurrectionem
1097 2200 1160 2239 est
1188 2197 1460 2239 necessarius.
1489 2196 1585 2238 Erit
1612 2197 1757 2250 itaque
1787 2211 1855 2238 su-

294 2270 577 2323 pernaturalis
615 2270 868 2312 resurrectio
909 2285 959 2311 ex
997 2272 1118 2324 parte
1156 2269 1369 2324 principii,
1401 2269 1480 2310 etsi
1507 2268 1712 2310 terminus
1741 2268 1855 2310 illius

295 2341 490 2384 absolute
521 2342 825 2394 consideratus,
854 2356 1007 2395 nempe
1039 2356 1153 2383 esse
1182 2341 1443 2392 hominis,
1473 2339 1528 2381 sit
1557 2339 1758 2393 quiddam
1781 2353 1856 2380 na-

294 2414 454 2465 turale3
494 2428 579 2455 non
615 2416 759 2455 tamen
787 2415 822 2455 si
852 2413 1140 2455 consideretur
1172 2427 1269 2454 cum
1297 2411 1505 2453 relatione
1536 2412 1577 2452 et
1605 2409 1855 2451 habitudine

295 2486 347 2527 ad
375 2485 604 2527 terminum
635 2500 659 2526 a
688 2499 784 2538 quo,
816 2484 988 2535 scilicet,
1013 2487 1061 2526 ut
1087 2486 1150 2526 est
1177 2497 1291 2525 esse
1313 2482 1551 2524 hominis
1577 2484 1704 2536 post
1726 2495 1856 2522 mor-

293 2560 409 2599 tem.
447 2556 548 2598 Ideo
588 2570 673 2598 non
711 2558 809 2597 sunt
850 2555 1046 2597 audiendi
1085 2555 1257 2608 quidam
1295 2553 1561 2605 Scholastici,
1600 2553 1673 2606 qui
1711 2553 1855 2595 existi-

293 2631 423 2681 mant,
450 2628 692 2682 aliquando,
715 2628 814 2670 licet
838 2642 924 2669 non
949 2642 1125 2681 semper,
1141 2627 1253 2668 idem
1269 2640 1444 2669 numero
1461 2625 1591 2667 semel
1608 2627 1856 2679 corruptum

293 2700 530 2754 reproduci.
571 2699 674 2741 Cum
714 2699 826 2741 enim
862 2699 1128 2741 individuum
1165 2698 1348 2752 accipiat
1386 2712 1474 2739 esse
1502 2712 1579 2751 per
1607 2699 1782 2748 motum,
1814 2698 1856 2738 et

292 2787 367 2826 per
411 2771 621 2813 actionem
661 2771 827 2825 agentis
864 2771 1081 2823 naturalis,
1121 2773 1162 2812 et
1200 2769 1291 2812 fieri
1327 2784 1413 2812 non
1451 2769 1586 2823 possit
1623 2771 1670 2811 ut
1710 2769 1857 2811 redeat

293 2843 404 2884 idem
434 2845 588 2895 motus,
619 2843 848 2895 eademque
877 2843 1002 2894 actio,
1031 2842 1123 2884 fieri
1154 2856 1323 2895 quoque
1351 2841 1465 2883 haud
1493 2841 1665 2895 poterit,
1694 2842 1742 2882 ut
1769 2840 1855 2882 vir-

293 2916 385 2954 tute
428 2915 594 2968 agentis
631 2914 850 2966 naturalis,
889 2914 1001 2956 idem
1039 2928 1213 2956 numero
1251 2915 1498 2967 corruptum
1535 2912 1856 2966 reproducatur‚

293 2984 415 3026 Unde
452 2985 655 3038 sequitur,
694 2986 856 3028 nullam
897 3000 1067 3028 causam
1095 2985 1333 3027 naturalem
1367 2999 1461 3026 cum,
1489 2983 1579 3025 Deo
1610 2984 1662 3026 ad
1692 2987 1852 3026 mortu-
