1931 3224
265 152 341 194 196
851 148 1094 191 D1spum10
1121 146 1236 189 XXI.

261 276 419 317 tionem
461 274 669 316 malarum
709 272 1031 326 cogitationum,
1071 273 1113 313 et
1153 271 1342 324 quietem
1370 285 1394 313 a
1421 285 1617 325 perverse
1647 273 1824 334 agendo,

261 347 448 399 bonique
473 346 695 397 actionem,
725 344 795 386 Es.
823 345 857 395 1,
889 343 951 385 11.
982 345 1059 384 etc.
1089 342 1222 384 Amos
1252 342 1289 394 5,
1319 343 1382 384 21.
1412 343 1502 385 scil.
1535 346 1592 385 ut
1621 359 1728 386 non
1754 344 1827 386 fa-

262 418 376 460 ciat
413 417 530 470 quis
560 416 906 458 voluntatem
935 429 1106 466 suam,
1137 428 1310 467 neque
1337 414 1452 456 vias
1482 429 1627 468 suas,
1657 430 1826 468 neque

262 488 539 540 eloquium
578 501 749 537 suum,
787 485 858 526 Es.
898 485 961 536 58,
1003 485 1065 526 13.
1101 484 1183 534 Qui
1213 487 1276 526 est
1305 483 1723 528 Sabbathismus
1751 487 1826 528 in-

260 562 468 611 ternus,
500 560 589 600 sine
621 572 704 610 quo
734 571 800 598 res
830 570 906 608 per
935 570 978 596 se
1009 557 1156 597 sancta
1184 570 1271 597 non
1302 557 1403 598 erat.
1435 556 1569 598 Totus
1596 571 1698 610 ergo
1723 558 1825 611 dies,

262 645 311 672 ex
341 633 434 672 toto
465 630 618 680 animo,
650 629 856 680 quantum
881 626 964 668 fert
993 626 1181 668 humana
1209 627 1441 668 necessitas
1472 630 1514 669 et
1542 627 1849 681 imbecillitas„
1897 656 1900 658 >

257 701 338 743 rite
368 715 415 742 ac
444 701 513 753 pie
538 700 629 741 Deo
661 698 888 740 servandus
922 700 1023 739 erat.

312 772 397 813 XL.
434 771 545 812 Huic
585 773 727 812 autem
761 769 1090 812 sanctificationi
1119 768 1330 812 Sabbathi
1360 770 1720 824 promittitur
1748 770 1826 813 Ju-

259 843 372 885 daeis
401 842 742 894 benedictio,
772 844 864 883 tum
892 842 1074 895 privata,
1104 844 1197 884 tum
1226 842 1411 896 publica,
1440 857 1489 885 ac
1518 843 1827 896 pronunciatur

260 913 578 955 custodiens
615 913 753 955 illud
791 913 1004 965 beatus,
1035 913 1106 955 Es.
1137 914 1201 966 56,
1231 915 1267 955 2.
1297 916 1338 955 et
1366 914 1429 955 58.
1459 913 1524 956 Ac
1553 917 1702 956 contra
1733 916 1821 968 ejus

261 984 549 1037 profanationi
600 981 918 1038 pollutionique
966 985 1415 1028 maledictionem
1457 987 1821 1028 comminatur

257 1055 385 1107 Deus,
415 1055 491 1097 Ex.
524 1056 587 1107 31,
619 1056 682 1097 14.
712 1055 808 1098 Lev.
838 1058 901 1109 26,
932 1057 995 1099 14.
1025 1057 1112 1099 Jer.
1144 1058 1206 1110 17,
1237 1058 1300 1100 26.
1330 1058 1392 1099 27.
1421 1056 1530 1100 Neh.
1560 1058 1623 1110 13,
1653 1058 1716 1100 15.
1746 1061 1825 1100 etc.

258 1128 490 1180 poenisque
534 1127 797 1180 gravissimis
840 1131 881 1170 et
922 1131 1099 1171 morte
1140 1129 1459 1181 ulciscitur,
1497 1128 1627 1172 Num.
1667 1130 1730 1182 15,
1759 1130 1824 1172 32.

259 1201 349 1250 etc,
388 1201 539 1252 utpote
578 1200 695 1252 cujus
727 1199 973 1253 profanatio
1004 1203 1274 1255 contemptus
1305 1203 1416 1243 esset
1444 1201 1578 1243 totius
1607 1201 1714 1255 legis
1743 1201 1825 1244 Dei

259 1272 301 1311 et
330 1270 461 1311 divini
490 1270 638 1312 cultus.

311 1339 418 1382 XLI.
458 1340 642 1382 Tantum
681 1341 730 1383 de
768 1342 851 1385 diei
880 1344 1088 1397 septimae
1117 1359 1141 1386 a
1171 1343 1397 1397 creatione,
1427 1360 1502 1386 seu
1531 1343 1754 1397 Sabbathi,
1781 1344 1825 1386 id

258 1413 331 1463 est,
369 1412 523 1464 quietis
553 1427 576 1453 a
604 1411 696 1455 Deo
727 1413 780 1455 ad
810 1428 931 1456 suum
961 1415 1175 1470 exemplar
1203 1416 1450 1470 imperatae,
1479 1417 1752 1458 institutione
1781 1418 1823 1458 et

258 1482 566 1526 observatione.
595 1484 797 1537 Sequitur
828 1487 917 1539 ejus
957 1487 1198 1540 duratio,
1239 1503 1357 1541 quae,
1392 1491 1441 1529 ut
1469 1489 1557 1541 ejus
1584 1488 1813 1540 institutio,

257 1569 280 1595 a
322 1553 413 1597 Deo
450 1556 617 1609 pendet.
655 1555 823 1611 Nempe
862 1559 1051 1600 sanxisse
1087 1558 1198 1601 hanc
1237 1559 1447 1602 Sabbatlii
1481 1559 1634 1613 legem,
1663 1560 1718 1600 in
1747 1574 1825 1613 ge-

255 1627 642 1670 nerationibus
673 1629 786 1671 suis
815 1633 980 1683 pacto
1010 1645 1102 1672 seu
1131 1630 1353 1673 foedere
1383 1631 1575 1683 seculi,
1607 1632 1649 1672 et
1677 1630 1820 1683 quod

256 1697 467 1751 signum
512 1699 586 1741 sit
627 1680 813 1753 ΞΚῬἸΏΚῬ,
852 1702 906 1743 111
944 1702 1198 1754 seculum,
1237 1702 1540 1756 pronunciavit
1575 1701 1703 1754 Deus,
1738 1701 1817 1743 Ex.

254 1769 318 1821 31,
349 1770 410 1811 16.
441 1771 502 1812 17.
533 1772 646 1824 quod
676 1773 859 1825 qualiter
887 1773 1180 1827 accipiendum
1203 1774 1270 1825 sit,
1295 1789 1424 1828 porro
1443 1772 1821 1826 considerabimus·

309 1839 438 1882 XLII.
469 1841 603 1894 Certe,
633 1845 682 1884 ut
712 1859 818 1897 quae
844 1845 1027 1898 sparsim
1051 1845 1247 1897 diximus,
1273 1845 1398 1886 simul
1424 1844 1699 1898 colligamus3
1726 1859 1823 1886 cum

256 1911 522 1955 Sabbathum
563 1913 640 1955 sub
679 1914 760 1957 hac
796 1916 972 1958 notione
1011 1916 1197 1968 speciali,
1237 1915 1272 1958 si
1311 1931 1526 1957 causam
1556 1918 1734 1970 spectes,
1766 1915 1822 1957 sit

257 1998 307 2026 ex
343 1985 542 2027 instituto
582 1986 738 2038 divino,
776 1986 916 2028 nitens
944 1987 1186 2029 voluntario
1216 1985 1297 2028 Dei
1327 1987 1528 2038 arbitri0;
1559 1987 1604 2029 si
1632 2002 1739 2029 rem
1768 1989 1823 2029 et

255 2056 538 2098 materiam
576 2058 791 2111 respicias,
831 2058 1111 2100 cessationem
1149 2060 1191 2100 et
1229 2058 1415 2111 quietem
1446 2058 1527 2100 Dei
1556 2074 1580 2100 a
1609 2058 1821 2100 creatione

257 2127 299 2167 et
337 2127 533 2181 operibus
567 2129 808 2181 creationis,
850 2144 897 2171 ac
926 2128 1028 2181 Dei,
1064 2145 1147 2182 qua
1177 2130 1392 2182 creatoris,
1424 2130 1684 2183 singularem
1713 2130 1821 2172 cele-

255 2196 511 2249 brationeni;
550 2199 586 2241 si
624 2200 1098 2243 circumstantiam
1136 2202 1428 2256 temporis,
1459 2202 1526 2244 die
1555 2217 1579 2243 a
1609 2201 1821 2244 creatione

255 2272 496 2312 recurrente
534 2272 731 2325 septimo,
769 2273 930 2315 scilicet
959 2288 983 2314 a
1013 2287 1191 2326 vespera
1219 2273 1263 2314 in
1292 2287 1528 2326 vesperam,
1557 2272 1687 2314 fuerit
1715 2273 1822 2315 cele-

255 2339 483 2391 brandun13
514 2343 549 2383 si
577 2343 806 2396 modum,
837 2343 992 2396 quiete,
1023 2346 1065 2385 et
1094 2344 1265 2397 quidem
1292 2344 1485 2397 praecisa
1510 2343 1818 2397 observatione,

256 2424 350 2452 cum
378 2412 635 2456 inhibitione
665 2415 919 2457 accendendi
941 2415 1087 2468 ignem
1112 2418 1154 2457 et
1179 2416 1400 2468 coquendi,
1427 2418 1517 2468 etc.,
1541 2415 1603 2457 ita
1627 2418 1674 2457 ut
1691 2416 1820 2458 etiam

254 2482 348 2534 ipsa
385 2483 503 2536 quies
542 2488 762 2527 censeatur
798 2486 843 2528 in
881 2487 1064 2539 pietate3
1103 2486 1138 2528 si
1166 2487 1352 2539 finem,
1383 2487 1605 2529 accesserit
1634 2488 1676 2528 et
1703 2501 1820 2529 acce-

255 2554 366 2605 perit
402 2554 529 2596 finem
560 2557 829 2610 peculiarem,
858 2557 1058 2599 videlicet
1088 2558 1238 2612 populi
1264 2557 1490 2600 Israelitici
1519 2573 1571 2599 ex
1598 2557 1815 2611 Aegypto,

256 2638 328 2686 seu
368 2625 521 2677 quietis
550 2626 603 2668 ab
631 2627 706 2669 illa
736 2628 952 2680 servitute,
983 2632 1112 2682 atque
1143 2630 1257 2686 signi
1286 2629 1612 2684 significationis
1642 2630 1750 2682 ejus;
1781 2629 1816 2671 si

256 2708 421 2746 genus
462 2696 654 2750 denique,
695 2698 873 2752 reliquis
910 2699 1103 2742 Judaicis
1141 2700 1447 2743 festivitatibus
1476 2715 1525 2743 ac
1554 2700 1816 2752 ceremoniis,

256 2763 382 2816 (quae
412 2767 487 2808 sub
516 2767 599 2809 hoc
626 2772 855 2823 praecepto
886 2771 1175 2825 continentur)
1207 2773 1368 2826 passim
1397 2760 1692 2825 conjungatur,
1709 2786 1817 2825 quae

258 2836 399 2877 onmia
437 2838 544 2888 juris
587 2840 763 2892 positivi
806 2844 916 2893 sunt,
958 2841 1107 2895 (quare
1146 2844 1276 2885 etiam
1304 2845 1534 2897 praecepto
1565 2843 1745 2885 monitio
1775 2845 1817 2884 et

258 2918 381 2946 causa
413 2906 620 2961 additur);
646 2911 819 2953 omnino
847 2912 893 2954 in
921 2927 970 2955 eo
994 2928 1135 2956 rerum
1164 2930 1319 2968 genere
1348 2918 1424 2968 est,
1453 2929 1561 2969 quae
1587 2914 1818 2958 mutationi

258 2977 300 3016 et
328 2975 551 3020 abolitioni
578 2979 769 3033 subjecta
797 2985 908 3025 sunt.
