1931 3224
267 186 346 228 356
810 187 1054 230 DisPUTA'Ho
1084 185 1264 229 XXXIV
1273 218 1282 228 .

267 311 482 364 quidem
522 312 612 363 qui
649 314 775 353 sunt
816 313 1155 364 perstanteS,
1194 311 1321 354 boni
1361 313 1546 365 operis
1576 313 1828 369 gloriam:

266 383 471 424 rixosis
510 397 601 424 vei
613 396 637 424 o
676 385 726 424 et
763 383 996 425 veritati
1036 397 1140 424 non
1171 383 1707 436 obtemperantibus,
1739 384 1830 426 sed

266 453 606 507 injustitiae,
652 455 1189 508 excandescentiam,
1233 454 1388 508 iram,
1427 457 1505 497 etc.
1543 456 1564 497 1
1605 455 1751 497 Thess.
1775 457 1829 513 5,
1866 459 1877 521 1

265 525 302 568 6.
349 525 386 567 7.
432 524 651 567 Justum
691 528 771 568 est
810 526 948 579 apud
985 526 1172 579 Deum,
1213 526 1461 568 vicissim
1498 504 1587 568 1οᾞ
1603 527 1727 569 dere
1763 521 1831 568 iis

266 597 356 649 qui
406 596 571 650 afflig
582 600 675 638 unt
728 612 843 650 vos,
896 560 1294 651 afflictionem,
1348 613 1374 639 v
1391 598 1510 640 obis
1561 613 1688 639 vero
1741 598 1832 650 qui

265 667 599 720 premimini,
634 668 1040 711 relaxationem
1068 632 1373 722 nobiscum,
1406 684 1563 722 quum
1592 669 1832 723 patefiet

266 738 304 779 D
322 739 535 780 ominus
564 738 723 781 Jesus
754 739 813 782 de
842 740 1007 782 coelo.

318 808 513 851 XLVIII.
565 808 718 863 Neque
769 826 819 853 ex
864 811 1111 864 hujusmodi
1153 812 1373 864 relatione,
1414 815 1505 854 tam
1548 812 1601 854 ad
1643 812 1834 854 fidelium

268 896 396 934 quam
431 881 665 923 infidelium
705 897 847 936 opera,
886 886 1068 936 utraque
1107 899 1197 926 esse
1225 884 1444 926 meritoria
1472 899 1569 926 vere
1602 884 1831 937 colligitur,

268 953 612 1005 quandoquidem
650 952 842 995 Christus
879 955 1113 997 infidelium
1153 956 1352 1009 operibus
1382 971 1565 1010 poenam
1595 955 1833 1009 injustitiae

266 1025 495 1067 secundum
532 1025 671 1078 legem
710 1041 761 1067 ex
799 1041 963 1068 summo
997 1027 1105 1079 jure,
1135 1027 1325 1069 fidelium
1352 1042 1453 1070 vero
1484 1027 1684 1081 operibus
1715 1041 1832 1069 coro-

265 1111 364 1138 nam
397 1097 590 1150 justitiae
629 1098 859 1140 secundum
899 1098 1183 1153 Evangelium
1223 1114 1273 1141 ex
1311 1101 1439 1152 pacto
1479 1099 1668 1153 gratuito
1708 1098 1833 1140 retri-

266 1168 381 1220 buet,
418 1172 467 1210 ut
503 1184 589 1211 non
626 1170 765 1211 minus
805 1185 924 1211 suam
956 1171 1170 1223 justitiam
1207 1170 1322 1212 fideli
1351 1169 1586 1223 promissae
1612 1169 1833 1212 beatitatis

265 1240 567 1292 praestatione,
623 1255 751 1292 quam
802 1241 1146 1293 misericordiam,
1189 1241 1376 1294 benigna
1419 1241 1507 1293 ejus
1548 1239 1834 1290 nunciatione‚

265 1310 509 1364 patefaciat,
538 1310 669 1353 Hebr.
699 1313 736 1364 6,
768 1312 818 1354 10
848 1314 890 1354 et
920 1313 981 1365 10,
1013 1313 1076 1354 23.
1107 1313 1128 1354 1
1158 1311 1258 1354 Joh.
1291 1312 1327 1363 1,
1356 1313 1393 1353 9.

318 1380 471 1423 XLIX.
511 1381 660 1424 Patres
691 1382 922 1425 orthodoxi
949 1398 1074 1425 voces
1102 1383 1246 1425 meriti
1275 1396 1323 1424 00
1350 1383 1540 1424 merendi
1566 1385 1832 1437 usurpantes,

321 1453 355 1493 1.
394 1451 556 1494 Vocem
594 1454 736 1495 meriti
772 1454 817 1494 in
855 1457 1080 1507 utramque
1119 1457 1299 1508 partem,
1338 1469 1417 1507 pro
1449 1468 1576 1507 opere
1605 1454 1732 1506 bono,
1758 1456 1833 1495 aut

266 1522 379 1564 malo
419 1523 647 1576 accipiunt,
686 1527 733 1566 ut
761 1525 904 1567 videre
936 1529 999 1567 est
1028 1526 1140 1579 apud
1169 1525 1474 1580 Augustinum,
1502 1525 1642 1578 Epist.
1667 1525 1732 1567 46.
1760 1525 1834 1567 ubi

265 1594 425 1636 malum
454 1594 686 1648 impiorum
717 1597 918 1639 meritum
948 1612 972 1639 a
999 1598 1112 1640 bono
1143 1598 1314 1652 piorum
1342 1598 1496 1640 merito
1526 1596 1738 1638 discernit.

318 1667 354 1708 2.
397 1665 558 1708 Vocem
599 1668 752 1710 mereri
781 1671 954 1711 sumunt
983 1684 1062 1722 pro
1091 1669 1336 1722 impetrare,
1366 1669 1434 1717 vel
1465 1668 1679 1721 consequi,
1709 1669 1757 1709 ut
1785 1667 1831 1709 in

267 1738 399 1794 gestis
438 1738 588 1782 Collat.
628 1739 876 1793 Carthagili.
916 1740 1160 1794 cognitione
1198 1741 1236 1782 3.
1266 1740 1429 1782 articul.
1459 1740 1549 1781 258.
1579 1738 1651 1782 Ut
1681 1754 1705 1781 o
1716 1739 1784 1780 mi
1794 1741 1834 1780 t-

264 1813 460 1862 tamus,
491 1814 728 1864 quantus
757 1813 980 1865 sanguis
1011 1811 1365 1854 Christianus
1397 1811 1609 1854 effusus
1640 1811 1713 1852 sit
1742 1825 1836 1864 per

265 1880 574 1933 Leontium,
605 1881 909 1935 Ursatium,
940 1883 985 1924 M
1000 1883 1261 1935 acarium,
1291 1885 1621 1935 ceterosque
1651 1896 1835 1924 execu-

264 1955 415 1995 tores
443 1967 573 2005 quos
599 1953 650 1994 in
675 1953 1001 1996 Sanctorum
1024 1969 1206 1996 necem
1231 1970 1255 1996 a
1281 1954 1637 2009 Principibus
1662 1953 1836 1996 seculi

264 2039 307 2065 m
319 2038 340 2065 0
351 2039 372 2065 1
383 2039 411 2065 11
423 2039 443 2066 0
454 2039 475 2065 1
485 2040 513 2066 11
523 2039 551 2066 11
561 2027 591 2066 t.
621 2025 678 2067 Et
703 2025 929 2068 Dominica
956 2026 1100 2068 Prima
1125 2027 1176 2069 de
1192 2027 1375 2069 adventu
1390 2025 1578 2077 Domini,
1611 2024 1648 2066 Ε
1659 2040 1687 2066 x
1701 2039 1722 2067 c
1732 2025 1747 2066 1
1758 2026 1776 2066 t
1788 2039 1833 2076 a,

266 2111 607 2149 quaesumuS,
660 2096 914 2150 Domine,
967 2098 1276 2151 potentiam
1313 2100 1458 2140 tuam
1502 2100 1553 2139 et
1590 2096 1736 2148 veni,
1777 2097 1835 2137 ut

265 2167 327 2209 ab
368 2168 783 2209 imminentibus
820 2184 848 2222 p
863 2171 1177 2211 eccatorum
1215 2171 1533 2211 nostrorum
1568 2166 1834 2221 periculis

264 2241 316 2280 te
344 2253 611 2281 mereamu
628 2255 649 2280 r
678 2242 1015 2293 protegente
1044 2240 1206 2296 eripi,
1238 2240 1518 2282 liberante
1548 2238 1767 2281 salvari.

318 2310 355 2351 3.
395 2309 462 2352 Ne
491 2310 586 2363 quis
615 2325 665 2352 ex
696 2326 841 2353 earum
869 2326 1021 2354 vocum
1051 2312 1185 2354 abusu
1213 2312 1424 2354 internam
1457 2311 1713 2364 dignitatem
1739 2324 1828 2351 me-

264 2381 460 2423 ritoriam
486 2381 611 2423 bonis
641 2382 839 2435 operibus
869 2383 1060 2436 affingat,
1092 2398 1140 2425 ea
1169 2377 1250 2425 Dei
1278 2383 1423 2437 potius
1454 2381 1832 2433 commiseratione,

267 2467 394 2505 quam
429 2452 543 2494 vitae
573 2455 770 2496 aeternae
798 2455 1145 2508 compensatione
1178 2455 1307 2508 digna
1338 2469 1427 2496 esse
1458 2453 1686 2507 aliquoties
1716 2452 1832 2494 affir-

264 2526 397 2566 mant.
424 2522 532 2566 Vide
555 2523 738 2578 August.
761 2524 806 2566 in
829 2525 898 2567 Ps.
922 2526 987 2567 49.
1015 2528 1056 2568 et
1072 2527 1135 2568 61.
1151 2526 1210 2568 Et
1224 2526 1429 2567 Bernard.
1446 2524 1577 2568 Serm.
1594 2525 1658 2567 67.
1674 2524 1832 2566 Cantic.

318 2594 364 2637 L.
405 2594 613 2645 Quocirca
652 2611 700 2638 00
742 2597 938 2650 graviore
982 2612 1156 2639 censura
1187 2597 1307 2652 digni
1336 2599 1434 2638 sunt
1457 2595 1688 2648 Pontificii,
1718 2595 1833 2648 quod

264 2680 350 2708 non
380 2667 521 2709 solum
546 2683 597 2709 ex
628 2668 751 2710 dictis
781 2667 934 2711 Sacrae
964 2667 1225 2722 Scripturae,
1257 2669 1329 2710 sed
1359 2668 1484 2710 etiam
1515 2667 1691 2709 Patrum
1723 2666 1832 2708 anti-

265 2753 446 2791 quorum
464 2753 594 2793 prave
615 2739 805 2792 detortis,
830 2740 986 2794 dogma
1012 2755 1134 2782 suum
1159 2740 1210 2783 de
1236 2741 1446 2782 bonorum
1471 2753 1648 2792 operum
1668 2737 1831 2780 meritis

267 2810 417 2852 elicere
451 2825 538 2852 non
576 2811 923 2853 verecundentur.
963 2810 1055 2853 Nos
1093 2811 1145 2852 iis
1177 2811 1317 2854 valere
1342 2810 1483 2864 jussis,
1514 2810 1832 2852 miserationem

265 2879 346 2922 Dei
383 2883 577 2922 nostrum
610 2896 698 2923 esse
735 2883 935 2924 meritum
965 2897 1060 2925 cum
1089 2882 1124 2924 B
1139 2898 1159 2924 e
1170 2898 1191 2924 r
1201 2898 1230 2925 n
1241 2897 1265 2924 a
1276 2898 1297 2924 r
1309 2882 1334 2923 d
1348 2896 1372 2923 0
1402 2896 1452 2923 ex
1480 2880 1832 2934 praecedentibus

265 2952 529 3005 argumentis
560 2953 862 2995 concludimus.
