1931 3224
849 127 871 154 V

136 260 392 305 Praesertim
419 273 509 311 nos,
537 258 725 300 viventes
755 256 799 297 in
827 258 1032 308 tempore,
1062 267 1145 306 quo
1175 254 1296 294 tanta
1325 250 1541 292 doctrinae
1576 252 1652 291 est⁴

84 349 366 404 discrepantia
394 348 505 389 inter
532 345 772 398 theologos,
803 344 1083 387 admiratione
1127 344 1168 384 et
1204 341 1359 395 gaudio
1390 339 1524 381 afficit
1557 339 1639 380 θείας

86 440 293 494 quaedam
333 437 503 492 ἁρμονίαι
552 434 858 478 sententiarum
909 446 1220 485 consensusque
1271 445 1397 484 super
1446 430 1640 471 omnibus

86 544 226 574 sacrae
267 528 489 582 religionis
532 526 757 581 capitibus,
796 524 869 578 qui
908 525 1019 566 inter
1051 523 1129 564 hos
1164 524 1347 575 quatuor
1381 519 1641 573 professores

86 633 251 672 semper
292 617 440 660 adfuit.
482 616 587 669 Imo,
631 613 985 668 quemadmodum
1024 612 1067 653 in
1109 609 1277 652 Walaei
1318 609 1406 651 vita
1448 609 1641 663 legimus,

87 708 360 751 decreverunt
389 709 432 748 et
459 706 741 748 observarunt
765 703 979 753 continuo,
1004 701 1216 744 neminem
1236 699 1444 752 judicium
1470 697 1519 738 de
1544 696 1642 739 reli—

87 797 226 852 gionis
265 794 561 847 controversia,
599 792 814 836 Ecclesiae
851 790 1071 845 regimine,
1105 790 1191 832 sive
1221 803 1319 830 casu
1349 787 1640 838 conscientiae,

88 887 275 940 seorsim,
305 887 378 929 sed
406 885 574 928 nonnisi
603 898 686 925 una
715 897 808 925 cum
839 882 1012 935 collegis
1043 880 1128 923 suis
1159 879 1368 921 daturum.

141 975 332 1020 Purioris
355 974 487 1028 igitur
509 973 754 1026 theologiae
777 972 882 1013 haec
906 969 1114 1024 Synopsis
1139 968 1275 1010 mutui
1301 981 1447 1008 eorum
1471 980 1645 1008 consen-

88 1082 159 1110 sus
193 1066 286 1120 ipsa
319 1065 640 1106 monumentum
678 1064 741 1103 est
769 1060 1089 1114 amplissimum.
1121 1057 1442 1111 Quinquaginta
1470 1056 1647 1097 duarum

88 1157 440 1213 disputationum,
480 1169 531 1197 ex
561 1154 716 1208 quibus
745 1154 922 1204 constat,
954 1165 1147 1204 quaeque
1178 1149 1261 1191 alia
1290 1149 1342 1190 ab
1373 1147 1455 1189 alio
1486 1146 1646 1199 scripta

89 1250 164 1292 est.
201 1247 369 1290 Novem
406 1244 716 1298 disputationes
756 1242 917 1296 primae
955 1241 999 1282 in
1036 1240 1119 1281 hoc
1148 1238 1306 1291 ordine,
1338 1252 1361 1278 a
1390 1236 1646 1290 Polyandro,

89 1337 280 1389 Walaeo,
318 1335 494 1389 Thysio,
532 1336 696 1376 ceterae
736 1332 779 1385 (a
818 1331 980 1373 decima
1015 1343 1148 1382 usque
1187 1328 1240 1370 ad
1276 1325 1489 1378 ultimam)
1520 1325 1647 1367 alter-

92 1427 227 1471 natim
262 1440 288 1468 a
323 1423 578 1479 Polyandro,
616 1422 783 1473 Riveto,
820 1419 1012 1466 Walaeo,
1041 1418 1217 1472 Thysio,
1245 1417 1307 1458 ita
1335 1418 1383 1457 ut
1413 1432 1436 1458 a
1464 1415 1648 1471 Polyan-

94 1517 169 1560 dro
209 1513 540 1570 quatuordecim,
579 1527 604 1555 a
640 1512 794 1554 Riveto
829 1510 1037 1561 undecim,
1067 1524 1090 1551 a
1117 1508 1296 1550 Wahoeo
1329 1507 1650 1561 quatuordecim

68 1612 70 1614 ’
95 1607 137 1648 et
164 1618 190 1647 a
216 1603 378 1658 Thysio
407 1602 610 1646 tredecim
640 1601 951 1654 disputationes
980 1599 1245 1652 conscriptae
1274 1598 1371 1639 sint.
1404 1595 1453 1637 In
1483 1609 1650 1649 quaque

94 1693 382 1748 disputatione
408 1692 552 1734 theses
581 1689 847 1741 adhibentur,
876 1689 1004 1742 vulgo
1035 1665 1325 1741 quadraginta·
1342 1688 1415 1727 aut
1441 1685 1650 1738 quinqua-

94 1783 227 1837 ginta,
263 1782 307 1823 in
344 1781 437 1824 aliis
464 1780 617 1834 plures,
647 1780 691 1821 in
719 1779 812 1821 aliis
841 1778 1075 1831 pauciores.
1106 1776 1323 1817 Interdum
1353 1775 1483 1817 etiam
1515 1774 1648 1816 thesi—

93 1873 172 1916 bus
215 1871 438 1915 corollaria
480 1869 686 1924 quaedam
728 1868 795 1910 vel
836 1867 1070 1910 antitheses
1114 1866 1337 1919 adjunctae
1381 1867 1491 1907 sunt.
1534 1864 1651 1906 Haec

93 1962 432 2019 disputationum
471 1960 610 2003 forma
664 1974 714 2002 ex
769 1958 1007 2001 academica
1056 1956 1326 1999 institutione
1378 1957 1529 2007 sumta,
1571 1956 1653 1997 toti

95 2053 213 2108 operi
250 2052 402 2095 tribuit
433 2050 781 2105 perspicuitatem
809 2050 851 2090 et
874 2047 1140 2098 suavitatem,
1170 2046 1299 2088 etiam
1327 2045 1401 2086 ubi
1429 2059 1653 2098 argumen-

93 2146 187 2186 tum
215 2141 430 2185 interdum
455 2142 664 2182 tractatur
692 2137 978 2180 aridissimum
1006 2139 1048 2179 et
1074 2134 1471 2188 implicatissimum.

148 2231 368 2288 Synopsis,
403 2231 448 2273 in
483 2230 618 2272 lucem
646 2228 717 2270 vix
746 2227 927 2281 prolata,
956 2225 1105 2280 regina
1134 2225 1350 2267 doctrinae
1381 2224 1653 2266 Reformatae

96 2325 238 2366 creata
287 2321 464 2364 videtur.
510 2319 617 2362 Erat
663 2317 774 2360 enim
825 2315 1105 2359 enchiridium
1156 2314 1358 2356 studiosis
1408 2314 1653 2368 theologiae

96 2427 224 2455 suave
260 2413 303 2454 et
344 2409 627 2461 commodum,
663 2408 803 2459 breve,
840 2407 977 2449 lucem
1015 2405 1169 2447 claram
1208 2405 1386 2447 afferens
1423 2404 1568 2445 multis
1605 2419 1652 2446 ac

94 2501 223 2544 variis
260 2500 399 2551 rebus,
437 2498 748 2541 controversias
789 2511 883 2538 cum
912 2495 1314 2538 Remonstrantibus
1345 2496 1387 2536 et
1415 2493 1653 2536 Pontificiis

97 2594 231 2643 acute,
253 2589 467 2632 subtiliter
492 2603 540 2631 ac
554 2588 776 2643 perspicue
792 2586 863 2628 sed
878 2588 1021 2628 tamen
1036 2585 1125 2627 sine
1142 2585 1206 2627 ira
1223 2586 1264 2626 et
1281 2584 1420 2626 studio
1439 2598 1654 2638 exponens

99 2684 141 2724 et
167 2694 436 2735 persequens,
466 2693 514 2721 ac
543 2678 722 2731 denique
751 2676 1038 2730 conscriptum
1065 2690 1142 2729 per
1171 2677 1353 2729 quatuor
1381 2674 1654 2728 professores,

99 2774 173 2826 qui
201 2771 354 2815 fiducia
382 2772 424 2811 et
452 2781 595 2811 amore
622 2765 836 2809 Ecclesiae
865 2765 1098 2818 gaudentes
1127 2766 1218 2806 tum
1248 2763 1301 2805 ob
1331 2764 1536 2817 pietatem
1558 2758 1655 2804 tum

100 2863 154 2906 ob
192 2860 427 2905 doctrinam
461 2859 515 2901 ab
544 2857 739 2899 omnibus
762 2855 850 2898 fere
874 2854 1133 2897 colebantur.
1158 2853 1365 2906 Synopsis
1393 2853 1487 2906 ipsa
1516 2867 1654 2893 exem-

99 2952 218 3006 plum
245 2951 406 2993 clarum
431 2950 472 2990 et
495 2946 708 3002 speculum
731 2944 993 2998 perlucidum
1017 2943 1139 2985 nobis
1170 2945 1231 2984 est
1262 2942 1524 2983 orthodoxae
1555 2941 1654 2982 doc-
