1931 3224
219 144 283 185 DE
312 143 416 186 V1vA
443 158 490 185 Ac
517 142 663 186 MORTE
691 143 882 185 AETERNA
910 157 957 184 ET
987 141 1318 184 CoNsUMMATIONE
1347 153 1492 181 sucum.
1555 138 1633 180 669

80 267 365 322 corruptionis
407 270 449 309 et
489 268 689 310 vanitatis
732 268 939 310 obnoxius
983 270 1058 319 est,
1100 266 1303 319 intelligi3
1347 280 1443 306 cum
1481 264 1632 317 Apost.

80 353 274 394 expresse
311 338 422 380 hanc
460 341 696 380 creaturam
733 354 757 380 a
785 339 884 380 filiis
914 337 993 380 Dei
1023 337 1179 379 ibidem
1209 336 1456 390 distinguat,
1481 349 1557 377 nec
1585 334 1635 376 de

79 410 257 465 Angelis
276 409 460 462 intelligi
474 409 622 464 possit,
639 410 711 462 qui
726 409 919 451 servituti
935 408 1219 462 corruptionis
1237 407 1410 450 obnoxii
1425 420 1510 448 non
1525 407 1636 447 sunt.

132 481 283 524 LVIII.
325 481 413 523 Alii
454 484 599 522 tamen
637 482 831 534 judicant
871 482 984 523 1111110
1025 481 1229 522 mundum
1266 478 1474 521 visibilem
1510 477 1636 530 plane

81 554 288 596 abolitum
316 553 381 604 iri,
412 555 454 594 et
482 552 612 594 alium
640 553 678 594 01
706 553 1058 604 substituendum,
1088 552 1215 605 idque
1245 566 1295 593 ex
1318 550 1423 592 locis
1446 549 1638 602 Scriptu-

79 640 163 678 rae,
200 625 245 666 in
281 624 434 678 quibus
471 623 637 674 dicitur,
675 623 788 675 quod
824 624 1004 664 mundus
1041 623 1112 664 1110
1147 622 1359 673 transibit,
1390 620 1561 674 peribit,
1596 621 1638 661 et

81 697 310 740 συντέλειαν
345 709 393 737 ac
429 694 557 735 finem
595 694 783 745 habebit,
821 695 923 736 item
962 694 1075 746 quod
1110 696 1280 747 tempus
1318 707 1404 734 non
1442 692 1522 734 0111
1551 705 1638 732 am-

82 767 208 821 plius,
236 768 313 808 etc.
343 766 415 808 sed
442 765 651 820 imprimis
680 780 730 806 ex
758 765 861 806 locis
891 766 1022 818 Apoc.
1049 766 1112 817 20,
1138 766 1200 806 11.
1228 764 1268 805 A
1291 764 1432 806 facie
1461 763 1639 805 seden-

81 838 154 880 tis
197 852 355 891 super
395 837 650 878 thronum
684 835 831 889 fugit
872 838 1020 877 terra
1062 839 1109 878 et
1152 836 1370 886 coelum,
1411 836 1460 876 et
1485 834 1639 875 locus

82 924 186 951 non
214 911 296 950 est
325 909 401 950 eis
429 907 709 957 inventus;
734 906 837 948 item
862 922 894 948 0.
919 907 982 958 21,
1009 908 1044 948 1.
1067 906 1193 948 Vidi
1218 906 1425 948 coelum
1448 918 1640 946 novum

84 982 133 1022 et
175 982 374 1021 terram
414 993 624 1029 novam,
667 977 896 1031 primum
939 979 1075 1019 enim
1118 977 1342 1029 coelum,
1378 979 1428 1019 et
1466 976 1640 1030 prima

83 1052 234 1092 terra
263 1050 416 1102 abiit,
448 1053 498 1092 01
526 1064 668 1091 mare
693 1050 800 1101 jam
831 1049 1060 1102 amplius
1090 1064 1195 1091 non
1226 1052 1320 1091 est.

137 1121 244 1164 LIX.
283 1122 366 1164 Sed
400 1121 597 1163 videntur
633 1121 738 1162 haec
776 1120 887 1161 dicta
925 1120 1084 1173 optime
1122 1120 1339 1162 conciliari
1376 1120 1428 1161 ab
1457 1119 1562 1171 aliis,
1591 1134 1641 1161 ex

83 1194 177 1235 1000
216 1192 334 1234 Ρο111
369 1193 393 1233 2
421 1191 513 1233 Ρο1.
541 1192 579 1243 3,
610 1191 671 1232 10.
702 1192 744 1232 01
773 1205 859 1243 seq.
888 1190 962 1231 ubi
991 1191 1185 1231 dicuntur
1214 1190 1383 1243 quidem
1413 1190 1517 1231 coeli
1547 1204 1641 1231 011111

84 1265 264 1306 stridore
292 1262 578 1317 praeterituri,
609 1264 650 1304 et
676 1262 882 1304 elementa
911 1261 1149 1303 aestuantia
1177 1261 1363 1302 solutum
1391 1260 1454 1311 iri,
1484 1263 1642 1302 terram

85 1338 127 1378 01
164 1350 294 1389 opera
332 1350 439 1388 quae
473 1334 518 1376 in
547 1350 595 1376 ea
624 1336 733 1386 sunt,
766 1335 962 1375 exustum
989 1333 1053 1385 iri,
1083 1332 1154 1374 sed
1177 1347 1283 1374 vers.
1314 1333 1376 1373 22.
1407 1331 1642 1384 subjicitur,

84 1406 236 1449 Coeli
276 1407 700 1460 conflagrantes
740 1406 1038 1456 solventur,
1079 1407 1129 1446 et
1167 1404 1436 1446 elementa
1473 1405 1646 1458 aestu-

84 1480 235 1520 antia
263 1479 600 1531 liquescent,
631 1478 720 1520 sed
751 1477 930 1519 coelos
958 1490 1127 1518 novos
1156 1478 1207 1517 et
1230 1477 1432 1517 terram
1456 1488 1644 1515 novam

86 1551 373 1592 secundum
400 1551 724 1604 promissum
754 1551 1153 1602 exspectamus,
1182 1548 1235 1588 in
1264 1546 1459 1599 quibus
1484 1544 1645 1597 justi-

85 1622 163 1663 tia
192 1621 555 1663 inhabitabit.

139 1692 226 1735 LX.
255 1692 322 1735 Ita
348 1708 512 1746 nempe,
543 1695 590 1734 ut
618 1695 735 1734 totus
761 1692 832 1734 hic
856 1691 1036 1733 mundus
1060 1689 1238 1732 visibilis
1263 1704 1338 1743 per
1362 1689 1505 1742 ignem
1528 1687 1646 1728 illum

88 1764 326 1817 solvendus,
356 1764 700 1818 liquefaciendus,
732 1767 773 1806 et
803 1780 827 1806 a
856 1764 1129 1817 corruptione
1157 1762 1334 1814 aliisque
1362 1759 1525 1814 peccati
1555 1773 1646 1800 sor-

89 1836 212 1878 dibus
249 1838 323 1877 aut
361 1836 554 1878 animalis
589 1836 701 1877 vitae
731 1835 888 1877 effectis
918 1835 974 1876 sit
1002 1834 1261 1888 purgandus,
1293 1830 1647 1885 quemadmodum

89 1907 263 1949 metalla
291 1907 445 1949 diversi
473 1907 640 1960 generis
667 1922 744 1960 per
766 1907 909 1960 ignem
933 1905 1152 1959 liquefieri,
1177 1903 1388 1955 confundi,
1415 1905 1456 1944 et
1472 1901 1647 1955 purgari

90 1994 115 2020 a
144 1978 291 2020 scoriis
319 1979 404 2021 suis
433 1979 581 2030 solent,
611 1980 739 2031 atque
767 1978 828 2020 ita
856 1992 1023 2019 rursum
1048 1992 1097 2018 ex
1123 1975 1267 2018 eadem
1291 1975 1495 2015 immensa
1509 1987 1648 2014 massa

91 2051 207 2093 Deus
235 2065 368 2093 novos
397 2050 538 2092 coelos
563 2052 604 2092 et
628 2064 782 2092 novam
805 2051 975 2100 terram,
1001 2048 1043 2089 id
1068 2049 1130 2089 est
1152 2046 1323 2087 beatam
1337 2044 1648 2086 habitationem

93 2123 148 2164 sit
185 2122 456 2174 excitaturus,
497 2136 604 2175 quae
634 2122 690 2163 sit
716 2121 849 2162 futuri
879 2119 1007 2162 seculi
1034 2118 1179 2160 usibus
1208 2116 1536 2159 accommodata.
1567 2114 1649 2164 Qui

93 2209 193 2236 usus
230 2193 304 2235 ubi
340 2193 390 2235 de
426 2193 514 2235 vita
543 2195 715 2235 aeterna
743 2207 767 2233 a
794 2192 917 2234 nobis
947 2193 1087 2233 actum
1116 2192 1192 2241 est,
1223 2204 1273 2230 ex
1300 2190 1422 2242 parte
1450 2189 1549 2228 sunt
1577 2201 1649 2228 ex-

93 2265 252 2318 plicati,
294 2265 417 2318 plene
459 2279 558 2306 vero
601 2279 650 2306 ac
687 2264 883 2305 distincte
921 2277 945 2303 a
982 2261 1104 2303 nobis
1140 2259 1440 2314 percipientur,
1480 2257 1648 2310 quando

93 2335 219 2389 hujus
255 2336 356 2378 novi
393 2336 499 2378 coeli
535 2351 583 2378 ac
612 2349 746 2378 novae
772 2337 910 2377 terrae
938 2346 1201 2387 possessores
1229 2333 1357 2383 atque
1385 2328 1648 2371 habitatores

93 2408 236 2461 reipsa
264 2408 432 2450 erimus.

740 2491 1008 2537 FINIS.
