1931 3224
241 151 318 192 412
786 147 1028 190 DISPUTATlo
1056 147 1252 189 XXXIX.

241 276 403 317 trantes
434 287 510 326 per
539 275 764 325 angustam
793 274 833 314 et
862 286 939 325 per
967 272 1099 313 latam
1125 273 1308 324 portam,
1334 273 1447 314 filios
1470 274 1599 315 seculi
1626 277 1668 316 et
1691 275 1802 317 filios

241 345 426 396 Diaboli,
464 343 706 397 spirituales
746 346 787 385 et
817 342 1019 394 carnales,
1051 345 1128 384 etc.
1158 343 1322 384 nullum
1350 344 1536 385 medium
1564 347 1698 399 ponit,
1730 347 1803 389 sed

241 419 353 460 inter
395 416 500 457 tales
543 414 700 467 ubique
742 414 1033 456 immediatam
1076 414 1393 468 oppositionem
1432 416 1666 469 constituit,
1704 417 1802 459 Luc.
1846 438 1850 441 -

243 489 305 539 16,
349 488 385 528 8.
429 486 551 528 Matt.
595 486 631 537 7,
677 486 739 526 13.
783 485 906 527 Matt.
946 486 1009 538 25,
1049 486 1112 527 32.
1151 485 1249 528 Joh.
1279 486 1316 538 5,
1349 487 1410 528 29.
1439 486 1563 529 Rom.
1593 488 1630 540 8,
1659 488 1695 530 5.
1726 491 1804 531 etc.

242 559 359 612 Ergo
385 573 472 600 non
503 558 679 610 agnovit
702 557 864 599 medios
889 557 997 609 illos,
1030 572 1201 610 neque
1230 558 1385 600 valde
1414 559 1603 611 malos,
1633 575 1805 613 neque

243 630 397 673 valde
428 630 618 681 bonos,
651 629 803 682 quibus
833 628 1024 681 sublatis,
1052 643 1232 670 vacuum
1263 631 1325 671 est
1354 630 1664 683 purgatorium.

296 701 369 743 XI.
398 701 561 743 Eadem
591 700 812 753 Scriptura
841 701 945 742 duas
973 703 1142 742 tantum
1171 700 1280 741 vitas
1305 701 1626 753 commendavit,
1652 704 1692 743 01
1717 702 1806 743 Α11-

245 773 416 828 gustino
446 774 566 824 teste,
598 771 803 813 Tractatu
833 772 921 813 124.
951 772 996 813 111
1025 771 1124 814 Joh.
1153 771 1373 813 Easdem
1402 772 1507 813 sibi
1536 773 1807 815 divinitus

243 844 597 898 praedicatas
641 845 690 885 et
734 843 1134 885 commendatas
1174 843 1330 885 novit
1372 843 1643 896 Ecclesia,
1687 860 1808 897 qua-

244 931 354 958 rum
395 930 498 956 una
541 917 620 957 est
662 915 714 956 in
755 914 888 967 fide,
929 915 1105 957 altera
1132 914 1184 956 in
1213 930 1327 969 spe;
1357 930 1458 957 una
1488 916 1808 970 intempore

244 987 746 1041 peregrinationis,
797 986 973 1028 altera
1021 987 1075 1028 in
1112 987 1451 1028 aeternitate
1487 988 1808 1040 mansionis;

244 1074 345 1100 una
385 1058 438 1100 111
480 1058 689 1110 labore,
733 1058 907 1100 altera
945 1057 998 1098 in
1035 1057 1246 1110 requie,
1286 1073 1388 1099 una
1420 1059 1473 1100 in
1501 1058 1606 1110 via,
1638 1058 1810 1101 altera

244 1131 299 1172 in
337 1129 539 1183 patria3
574 1144 677 1171 una
713 1129 766 1170 in
796 1143 953 1182 opere
983 1129 1245 1181 actionis,
1277 1129 1456 1171 altera
1485 1129 1538 1171 in
1566 1131 1810 1172 mercede

247 1200 763 1255 contemplationis,
805 1202 898 1242 etc.
932 1200 1122 1242 Primam
1151 1203 1293 1243 autem
1320 1201 1449 1254 hujus
1478 1201 1590 1243 vitae
1617 1202 1810 1244 terminis

246 1273 392 1316 definit
421 1289 468 1315 ac
498 1273 652 1316 diserte
683 1272 993 1315 circumscribit
1025 1271 1179 1314 Paulus
1207 1272 1330 1315 Rom.
1361 1273 1398 1325 8,
1428 1273 1490 1314 18.
1520 1273 1544 1314 2
1569 1272 1662 1315 001.
1688 1273 1724 1326 5,
1748 1274 1811 1315 10.

245 1344 363 1388 Idem
414 1345 637 1398 perspicue
689 1344 824 1396 docet,
879 1359 935 1386 ea
986 1358 1121 1397 quae
1163 1344 1440 1396 videntur,
1482 1344 1812 1398 temporalia

247 1432 383 1469 esse,
425 1431 558 1469 quae
599 1418 776 1458 autem
803 1430 907 1457 non
932 1415 1208 1467 videntur,
1239 1430 1356 1457 esse
1386 1417 1636 1468 aeterna,
1667 1417 1691 1457 2
1720 1415 1813 1458 001.

244 1490 283 1541 4,
314 1489 375 1531 18.
415 1488 520 1530 011111
551 1491 693 1530 autem
723 1489 858 1530 status
889 1487 1127 1528 animarum
1155 1489 1254 1541 post
1283 1486 1394 1528 hanc
1421 1486 1555 1528 vitam
1585 1487 1640 1528 sit
1668 1487 1815 1529 invisi-

245 1560 356 1612 bilis,
395 1560 573 1602 eundem
612 1562 832 1601 aeternum
870 1573 960 1600 esse
990 1559 1174 1611 oportet.
1203 1557 1293 1611 Ipsi
1323 1557 1574 1600 Scholastici
1604 1573 1680 1612 per
1708 1558 1814 1600 via-

246 1633 396 1674 tores
424 1630 671 1685 intelligunt
698 1632 879 1682 tantum,
911 1629 983 1682 qui
1012 1629 1149 1671 adhuc
1173 1629 1296 1670 istius
1321 1629 1426 1671 lucis
1451 1644 1581 1671 usura
1604 1629 1814 1673 fruuntur.

299 1701 393 1744 XII.
437 1702 668 1753 Scimus,
713 1717 808 1743 cum
851 1701 999 1743 eodem
1039 1700 1265 1754 Apostolo,
1304 1701 1328 1741 2
1357 1699 1450 1742 001.
1490 1701 1526 1753 5,
1561 1702 1596 1742 1.
1628 1700 1682 1742 Si
1711 1703 1814 1743 ter-

246 1774 443 1817 restris
485 1775 670 1816 domus
709 1776 900 1815 nostra
937 1773 1099 1826 hujus
1136 1771 1517 1814 habitationis
1546 1771 1814 1814 dissolva-

247 1849 355 1898 tur,
396 1845 535 1899 quod
577 1835 1129 1887 aedificationem-ex
1157 1842 1267 1885 Deo
1297 1843 1577 1894 habemus,
1608 1840 1814 1885 domum

246 1932 348 1960 non
385 1915 772 1967 manufactam,
812 1917 1086 1957 aeternam
1114 1914 1168 1956 in
1196 1914 1385 1967 coelis,
1416 1929 1502 1956 non
1531 1915 1814 1969 temporalem

247 1989 291 2030 in
332 1987 491 2030 inferis.
533 1987 706 2029 Extra
749 1987 880 2028 duos
921 1986 1088 2027 hosce
1131 1985 1372 2038 ordines,
1413 1986 1553 2038 inquit
1596 1986 1814 2040 Ephraem

248 2061 368 2103 Tom.
413 2061 447 2102 1.
490 2059 630 2101 Tract.
673 2059 723 2101 de
764 2073 894 2100 mans.
934 2057 1084 2109 beatis,
1123 2057 1263 2098 alius
1298 2071 1401 2099 non
1440 2059 1520 2099 est
1559 2058 1686 2100 ordo
1717 2074 1813 2101 me-

249 2132 387 2182 dius3
418 2132 614 2184 loquor
643 2132 818 2172 autem
849 2129 907 2171 de
937 2128 1115 2171 altero
1146 2128 1364 2181 quidem
1394 2143 1650 2182 superno,
1683 2131 1813 2173 alte-

248 2218 303 2245 ro
347 2217 472 2245 vero
514 2201 744 2244 inferno.
784 2200 842 2242 Et
878 2200 1005 2254 paulo
1044 2202 1155 2254 post,
1185 2199 1458 2254 Effugere
1488 2201 1812 2254 gehennam,

248 2274 348 2316 hoc
385 2275 557 2328 ipsum
599 2274 679 2315 est
716 2287 938 2325 regnum
979 2272 1254 2313 coelorum
1290 2271 1530 2325 ingredi,
1567 2272 1814 2325 quemad-

248 2345 456 2388 modum
494 2346 542 2386 et
586 2359 644 2386 ex
683 2358 739 2386 eo
779 2343 1060 2395 exc-edere,
1105 2346 1185 2385 est
1224 2343 1525 2397 gehennam
1563 2343 1813 2386 introire.

248 2416 436 2470 Neque
481 2415 620 2458 enim
661 2429 756 2456 nos
798 2417 911 2456 tres
940 2415 1198 2467 regiones
1242 2414 1537 2468 Scriptura
1581 2415 1812 2457 edocuit.

250 2488 384 2541 Certe,
413 2502 513 2530 nam
542 2487 631 2540 qui
663 2486 858 2539 credit,
890 2486 1095 2527 transit
1125 2486 1183 2528 de
1211 2488 1382 2528 morte
1413 2486 1474 2527 ad
1501 2485 1687 2538 vitam,
1713 2485 1813 2529 Joh.

251 2560 288 2613 5,
318 2560 381 2601 24.
411 2559 469 2601 Et
494 2574 518 2601 a
546 2558 697 2600 modo
727 2558 1087 2610 requiescunt
1117 2572 1140 2599 a
1168 2557 1455 2599 laboribus
1484 2557 1616 2610 suis,
1644 2558 1734 2611 qui
1760 2559 1813 2600 in

249 2632 478 2674 Domino
515 2631 847 2681 moriuntur,
883 2629 1018 2683 Apoc.
1049 2629 1201 2681 14,313.
1225 2628 1340 2671 Nam
1365 2629 1594 2671 absurdum
1620 2632 1683 2672 est
1699 2631 1813 2683 quod

249 2704 533 2747 Bellarminus
572 2706 619 2750 et
651 2703 725 2745 alii
762 2704 970 2753 statuunt,
1004 2701 1233 2744 nonnullos
1268 2701 1471 2755 partim
1499 2700 1552 2742 in
1581 2700 1811 2744 Domino

250 2776 452 2830 partim
489 2789 593 2817 11011
629 2774 683 2815 111
722 2773 952 2816 Domino
982 2773 1134 2824 mori;
1166 2774 1286 2826 quasi
1315 2772 1513 2824 dicerent,
1545 2771 1731 2824 aliquem
1759 2772 1813 2813 ad

250 2850 408 2890 metam
436 2846 690 2901 pervenisse,
721 2846 794 2899 qui
821 2847 964 2886 tamen
994 2846 1113 2886 extra
1141 2846 1300 2886 metam
1328 2843 1464 2885 adhuc
1492 2845 1734 2896 vagaretur.

305 2919 422 2962 XIII.
461 2919 716 2972 Ubicunque
754 2917 974 2971 Scriptura
1001 2918 1231 2970 praecepta
1262 2917 1303 2957 et
1334 2914 1528 2968 exempla
1561 2913 1812 2961 &wama-loss

251 2993 467 3046 proponit,
506 2992 665 3033 nullam
702 3004 787 3031 non
824 2991 991 3031 tantum
1021 2988 1284 3029 cruciatuum
1315 2989 1356 3028 et
1385 2987 1694 3028 tormentorum
1723 2984 1810 3026 for-
