1931 3224
618 96 681 138 DE
709 96 888 138 PnocA'ro
917 94 1141 137 OmemAm.
1580 93 1656 134 125

99 235 261 273 manae,
302 236 482 263 01111103
519 221 696 263 veluti
732 235 868 262 unus
904 220 1001 262 1110
1029 220 1185 262 homo
1216 233 1447 270 eramuS,
1476 220 1525 259 ut
1553 217 1657 259 scite

99 293 280 347 August.
310 292 400 335 Lib.
431 294 468 335 3.
500 293 550 335 de
578 293 696 335 Pecc.
725 293 902 345 111011113,
934 308 1025 346 cap.
1055 292 1091 334 7.

152 364 245 407 XV.
274 364 374 407 Non
404 367 467 407 est
495 367 637 407 autem
665 380 834 408 necesse
858 365 910 406 ad
935 362 1293 420 propagationem
1317 362 1446 413 illam,
1474 361 1659 403 animam

100 437 152 479 ab
189 437 355 479 Adamo
384 452 462 491 per
487 437 708 480 traducem
737 438 928 489 derivari,
957 437 1025 478 vel
1053 452 1077 478 a
1108 449 1285 489 corpore
1314 436 1533 486 tamquam
1560 447 1658 474 vase

101 511 301 562 corrupto
330 509 488 560 vitiari,
516 511 564 550 ut
591 509 783 551 videmus
813 524 987 562 pomum
1023 507 1090 550 vel
1117 507 1278 558 florem,
1308 508 1382 548 aut
1410 504 1524 546 aliud
1548 505 1658 556 ejus-

99 581 227 633 modi,
256 580 371 621 infici
399 582 512 622 tetro
544 580 672 622 odore
702 582 792 633 ejus
822 580 1012 633 corporis
1041 594 1124 632 quo
1151 579 1404 629 continetur,
1431 577 1531 629 quia
1554 575 1659 617 haec

100 652 301 705 contagio
338 652 382 693 in
420 652 659 693 substantia
697 652 833 693 0311113
872 654 945 693 3111
983 651 1148 692 311111130
1187 664 1357 692 causam
1394 663 1481 690 non
1516 648 1658 699 habet,

99 723 172 765 sed
200 723 367 775 sufficit,
398 724 434 765 31
461 723 603 776 1101110,
633 724 750 776 cujus
779 737 877 776 pars
908 725 971 764 est
1001 723 1152 773 anima,
1178 722 1233 763 sit
1257 721 1310 763 ab
1335 721 1523 770 Adamo3
1549 719 1662 772 quod

97 797 244 835 ve'rum
284 795 358 846 est,
398 794 478 836 etsi
515 794 657 836 anima
693 808 780 836 non
818 794 874 835 sit
913 794 962 835 de
1001 794 1240 835 substantia
1277 793 1479 846 parentis.
1517 790 1661 832 Homo

100 866 212 907 enim
241 880 336 907 vere
365 867 407 907 et
436 866 611 919 proprie
640 865 795 907 dicitur
824 865 1041 907 hominem
1069 879 1285 919 generare,
1317 864 1416 916 quia
1442 861 1660 916 generatio

98 937 353 978 terminatur
383 936 435 978 ad
462 937 788 990 productionem
807 937 1046 990 compositi.
1070 936 1129 977 Et
1152 936 1252 978 licet
1276 936 1417 977 anima
1441 933 1662 976 rationalis

99 1022 185 1049 non
224 1008 427 1050 educatur
465 1008 515 1050 de
553 1008 748 1062 potentia
784 1008 829 1050 in
858 1010 1011 1060 actum,
1042 1008 1201 1049 virtute
1232 1005 1533 1060 generationis,
1562 1019 1663 1058 pro-

99 1082 284 1133 pagatur
320 1083 462 1122 tamen
501 1095 654 1134 corpus
692 1080 754 1121 illi
792 1079 1180 1134 proportionatum,
1220 1094 1270 1120 ex
1299 1093 1480 1131 quorum
1508 1078 1664 1119 unione

99 1151 279 1193 resultat
316 1152 504 1194 humana
540 1155 713 1199 natura;
752 1154 931 1205 propter
970 1151 1084 1204 quod
1113 1151 1268 1192 dicitur
1295 1150 1483 1191 humana
1510 1151 1664 1190 natura

100 1237 195 1264 cum
223 1224 380 1265 semine
409 1224 651 1279 propagari,
677 1237 762 1265 non
787 1238 863 1277 per
888 1223 1125 1265 effectivam
1148 1222 1475 1276 productionem
1500 1221 1663 1262 animae

100 1295 172 1336 sed
196 1310 273 1350 per
296 1296 616 1337 convenientem
641 1297 683 1337 01
705 1295 1079 1349 proportionatam
1102 1294 1306 1336 materiae
1326 1293 1662 1347 dispositionem,

100 1367 152 1407 ad
191 1381 318 1419 quam
355 1367 417 1408 ita
454 1366 717 1422 dispositam,
756 1366 1041 1408 infallibiliter
1079 1366 1219 1407 anima
1249 1365 1535 1418 consequitur.
1567 1363 1664 1406 Suf-

96 1437 190 1479 ficit
229 1438 340 1479 enim
379 1441 426 1479 ut
464 1438 629 1480 ratione
656 1438 905 1480 ultimarum
935 1438 1266 1491 dispositionum
1297 1451 1401 1489 quas
1429 1436 1559 1478 homo
1590 1449 1663 1488 ge-

98 1523 251 1551 nerans
277 1509 450 1559 inducit,
480 1512 701 1552 censeatur
729 1524 826 1551 vere
854 1509 1071 1551 hominem
1100 1523 1315 1563 generare.

151 1579 266 1622 XVI.
304 1580 372 1622 Ex
409 1581 533 1622 dictis
572 1583 733 1622 certum
773 1583 847 1631 est,
890 1580 972 1622 hoc
1012 1582 1234 1634 peccatum
1273 1580 1317 1620 in
1352 1579 1546 1620 homines
1576 1593 1663 1620 non

98 1652 317 1694 transiisse
347 1667 423 1705 per
450 1652 748 1704 imitationem,
779 1652 851 1694 sed
880 1667 956 1706 per
985 1652 1355 1706 propagationem.
1387 1649 1509 1699 Quod
1532 1650 1662 1691 etiam

99 1723 180 1765 hac
216 1724 424 1777 probatur
460 1725 639 1776 ratione,
678 1725 791 1777 quod
830 1724 1014 1766 imitatio
1055 1724 1230 1777 proprie
1258 1737 1344 1764 non
1373 1723 1428 1764 sit
1459 1722 1662 1774 cujusque

99 1795 161 1837 rei
189 1795 354 1847 similis,
385 1796 458 1838 sed
488 1797 576 1849 ejus
607 1796 827 1837 dumtaxat
857 1811 984 1849 quam
1015 1795 1109 1848 quis
1139 1795 1341 1848 cognovit
1371 1796 1412 1836 et
1442 1807 1517 1835 suo
1548 1792 1662 1834 facto

101 1867 419 1920 exprimendam
460 1867 542 1909 sibi
579 1870 626 1915 ,01
670 1867 954 1920 effingendam
995 1866 1234 1921 proposuit.
1279 1865 1429 1916 Quare,
1474 1879 1569 1906 cum
1614 1879 1664 1905 ex

99 1938 350 1992 posteritate
390 1937 545 1980 Adami
588 1939 674 1980 sint
715 1938 959 1991 fuerintque
1001 1938 1188 1991 plurimi,
1235 1937 1390 1989 quibus
1435 1935 1484 1977 de
1526 1935 1663 1990 primo

100 2009 272 2061 homine
310 2010 483 2062 ejusque
523 2010 863 2063 transgressione
901 2009 1010 2050 nihil
1048 2008 1240 2050 auditum
1267 2007 1459 2059 nihilque
1488 2007 1663 2048 omnino

101 2081 157 2121 sit
194 2080 434 2133 cognitum;
469 2096 730 2134 consequens
757 2081 881 2132 foret,
912 2080 955 2121 in
984 2095 1068 2131 eos,
1100 2080 1180 2121 etsi
1209 2079 1483 2133 gravissimos
1516 2092 1664 2131 pecca-

100 2153 228 2203 tores,
266 2153 489 2205 peccatum
526 2167 602 2205 per
639 2153 826 2205 primum
864 2151 1082 2194 hominem
1119 2165 1205 2192 non
1242 2149 1475 2200 transiisse,
1516 2151 1664 2190 0011113

100 2221 384 2264 universalem
422 2222 625 2276 Apostoli
654 2224 921 2265 sententiam.
950 2222 996 2264 Si
1026 2224 1168 2264 autem
1196 2221 1382 2262 imitatio
1414 2220 1666 2262 extendatur

102 2293 155 2334 ad
184 2308 255 2334 eos
285 2294 359 2346 qui
389 2294 543 2335 similia
571 2297 745 2349 peccata
773 2296 1089 2348 perpetrarunt,
1115 2293 1243 2335 etiam
1265 2291 1497 2345 incognita,
1521 2291 1665 2344 potius

103 2364 278 2406 dixisset
302 2365 551 2420 Apostolus,
578 2381 654 2420 per
678 2366 912 2408 Diabolum
936 2367 1159 2420 peccatum
1183 2365 1365 2406 intrasse
1390 2364 1435 2404 in
1449 2363 1664 2413 mundum,

104 2451 230 2489 quam
258 2451 334 2490 per
361 2452 492 2478 unum
519 2437 756 2488 hominem,
790 2453 884 2480 cum
911 2436 1165 2479 imitationis
1189 2436 1367 2487 ratione,
1391 2434 1469 2475 filii
1493 2433 1665 2475 Diaboli

103 2507 297 2549 dicantur
324 2508 518 2550 homines
546 2509 662 2561 mali,
693 2512 734 2551 et
763 2510 926 2563 primus
953 2509 1026 2551 ille
1055 2508 1306 2562 peccaverit.

156 2577 292 2621 XVII.
348 2580 433 2622 Hic
483 2580 642 2622 frustra
692 2595 736 2622 se
792 2583 995 2634 torquent
1047 2580 1121 2633 qui
1173 2578 1442 2632 quaestiones
1493 2579 1666 2619 movent

104 2652 147 2691 et
189 2650 351 2693 curiose
392 2651 614 2703 rimantur,
654 2651 754 2704 quid
792 2652 968 2693 muliere
1007 2651 1098 2692 sola
1134 2650 1201 2692 vel
1236 2650 1328 2690 viro
1366 2648 1456 2690 3010
1495 2648 1666 2690 labente

103 2721 296 2763 futurum
336 2721 516 2764 fuisset?
560 2721 664 2763 Cum
707 2722 820 2763 enim
855 2724 1035 2775 uterque
1073 2721 1118 2762 in
1156 2722 1379 2774 peccatum
1416 2719 1561 2773 lapsus
1598 2719 1666 2771 sit,

104 2807 181 2835 nec
212 2793 262 2835 de
291 2808 339 2835 eo
370 2794 485 2846 quod
514 2793 632 2845 alias,
663 2808 714 2835 ex
744 2793 1040 2847 suppositione
1071 2793 1158 2845 ejus
1189 2791 1302 2843 quod
1331 2805 1417 2832 non
1442 2793 1516 2843 est,
1543 2805 1667 2833 even-

105 2866 249 2906 turum
277 2864 439 2922 fuisset,
466 2865 692 2917 quicquam
716 2864 760 2906 in
786 2864 1007 2918 Scriptura
1021 2863 1243 2913 habeatur,
1259 2863 1451 2916 praestat
1472 2862 1529 2914 μὴ
1550 2863 1664 2915 ὑπερ-

108 2938 257 2988 φρονεῖν
297 2937 380 2988 ποιῤ
421 2934 438 2978 ὃ
478 2936 541 2978 δεῖ
568 2939 730 2989 φρονεῖν,
762 2937 805 2976 01
836 2949 918 2976 11011
956 2934 1129 2976 definire
1158 2948 1253 2975 cum
1277 2933 1532 2985 discrimine,
1560 2947 1666 2986 quae
