1931 3224
287 157 365 198 610
913 154 1154 196 DISPUTATIO
1183 154 1227 196 L.

286 295 387 322 num
418 280 614 322 cordibus
644 278 875 331 inscriptae
904 278 1283 332 praescriptionem
1306 279 1526 329 tamquam
1551 275 1632 318 Dei
1656 276 1852 318 Minister

287 352 509 404 gubernat,
539 349 662 391 Rom.
691 350 754 402 13,
784 350 821 391 4.

339 421 412 463 IV.
442 421 559 463 Haec
587 420 867 474 Magistratus
897 421 1165 474 gubernatio,
1196 423 1269 463 aut
1299 423 1362 463 est
1390 420 1626 474 uniformis,
1657 436 1730 463 seu
1754 421 1852 463 sim-

286 495 397 547 pleX‚
429 496 503 535 aut
530 492 819 544 multiformis,
848 508 920 534 3011
952 492 1201 546 composita.

337 564 389 606 V.
419 564 656 607 Uniformis
686 568 750 607 est
780 580 887 618 quae
917 567 1085 607 constat
1111 580 1161 606 ex
1186 564 1366 618 imperio
1392 565 1528 616 unius,
1554 567 1627 605 aut
1652 564 1854 620 plurium,

285 638 372 679 sive
411 637 496 678 sint
534 636 774 690 optimates,
812 636 899 678 sive
936 636 1099 690 plebei;
1139 651 1317 688 quarum
1354 636 1426 678 illa
1460 635 1720 683 Monarchia,
1749 635 1854 678 haec

284 709 569 751 Aristocratia
598 710 639 750 et
666 707 942 749 Democratia
971 707 1226 761 appellatur.

336 780 410 823 VI.
440 780 691 822 Monarchia
720 782 796 831 est,
828 794 921 821 cum
951 794 1115 821 summa
1143 779 1382 832 imperandi
1409 782 1600 833 potestas
1632 781 1696 821 est
1723 792 1852 832 penes

284 866 427 903 unum,
472 837 546 892 ad-
567 866 833 894 communem
874 851 1091 893 societatis
1134 851 1344 893 humanae
1381 851 1612 893 utilitatem
1643 853 1852 904 spectans,

283 924 352 966 vel
388 924 432 965 in
470 924 651 977 simplici
688 923 934 978 Republica,
973 937 1047 964 seu
1086 922 1269 975 civitate,
1306 923 1372 964 vel
1410 923 1455 964 in
1493 922 1636 975 aliquo
1670 921 1852 974 Ducatu,

284 997 357 1036 aut
385 994 537 1048 Regno
569 1010 619 1037 ex
649 995 843 1048 pluribus
874 994 1118 1036 civitatibus
1148 995 1398 1048 composito.

336 1065 433 1107 VII.
487 1065 723 1119 Utriusque
768 1065 1042 1108 Monarchiae
1087 1066 1327 1120 exemplum
1368 1065 1575 1108 habemus
1617 1066 1662 1108 in
1704 1064 1853 1108 Veteri

285 1136 572 1179 Testamento.
611 1137 774 1180 Prioris
810 1139 855 1180 in
882 1137 1074 1192 Regibus
1103 1138 1324 1180 civitatum
1354 1137 1575 1191 Sodomae,
1607 1137 1851 1190 Gomorrae,

284 1207 459 1261 Admae,
503 1207 845 1263 Tzeboymorum
887 1212 928 1251 et
968 1209 1131 1262 Belahi,
1177 1208 1278 1251 Gen.
1324 1210 1385 1262 14,
1425 1210 1461 1251 2.
1500 1209 1769 1262 Posterioris,
1807 1210 1853 1251 in

284 1281 422 1333 Saule,
460 1280 636 1333 Davide,
675 1280 902 1324 Salomone
940 1281 1117 1334 aliisque
1155 1280 1357 1334 Regibus,
1397 1281 1470 1334 qui
1499 1281 1600 1323 011111
1631 1281 1852 1323 duodecim

283 1352 421 1393 tribus
451 1352 601 1406 populi
630 1351 853 1394 Israelitici
883 1353 960 1394 sub
989 1353 1170 1406 imperio
1202 1368 1277 1395 suo
1306 1353 1560 1394 habuerunt.

336 1424 453 1467 VIII.
495 1424 546 1466 In
588 1426 770 1477 utraque
813 1425 941 1476 atque
982 1423 1194 1476 imprimis
1236 1423 1280 1464 in
1316 1423 1553 1477 posteriore
1590 1422 1853 1474 Monarchia,

285 1497 525 1539 consultum
551 1498 613 1537 est
642 1498 689 1537 ut
719 1510 883 1537 summo
914 1495 1188 1550 Magistratui
1212 1495 1435 1538 inferiores
1460 1498 1589 1549 atque
1613 1494 1853 1537 intermedii

284 1567 582 1621 adjungantur,
624 1568 696 1620 qui
734 1567 812 1609 sub
849 1567 923 1610 illo
965 1570 1185 1621 tamquam
1222 1567 1338 1609 illius
1378 1567 1574 1609 officiarii
1606 1582 1681 1620 per
1709 1568 1853 1620 partes

283 1638 365 1680 sibi
395 1639 574 1680 creditas
604 1638 928 1692 Rempublicam
957 1639 1241 1692 moderentur,
1271 1642 1319 1681 ut
1348 1641 1466 1694 patet
1497 1654 1547 1681 ex
1577 1638 1752 1681 consilio
1781 1637 1853 1680 Je-

283 1710 464 1763 thronis‚
492 1711 628 1752 Exod.
659 1711 721 1763 18,
752 1712 814 1752 21.
847 1714 888 1753 et
916 1711 1117 1753 mandato
1147 1710 1240 1764 Dei,
1270 1710 1398 1753 Num.
1430 1711 1492 1763 11,
1521 1711 1585 1752 16.

335 1781 407 1824 ΙΧ.
437 1781 630 1835 Utraque
659 1781 922 1834 Monarchia,
952 1784 986 1824 si
1016 1783 1068 1825 ad
1097 1783 1310 1837 privatam
1339 1782 1463 1824 unius
1492 1781 1724 1823 utilitatem
1752 1780 1852 1822 diri-

282 1856 421 1907 gatur,
467 1854 511 1895 in
552 1853 825 1907 tyrannidem
867 1854 1107 1908 degenerat.
1151 1854 1265 1896 Nam
1306 1857 1353 1895 ut
1396 1853 1487 1896 Rex
1531 1855 1604 1894 aut
1646 1851 1852 1904 Princeps

281 1923 440 1965 bonum
492 1924 659 1977 civium,
707 1925 766 1966 sic
810 1925 1035 1979 Tyrannus
1079 1941 1200 1968 suum
1241 1925 1539 1968 tantummodo
1582 1924 1852 1965 commodum

283 1994 533 2046 considerat,
558 1995 750 2048 illudque
775 2011 825 2037 ex
852 1996 1007 2038 civium
1033 2011 1206 2039 suorum
1224 1996 1504 2039 incommodis
1521 1996 1602 2037 sibi
1619 1998 1851 2049 comparat.

335 2066 386 2108 X.
425 2066 732 2109 Aristrocratia
771 2070 834 2108 est
872 2066 1129 2122 Polyarchia
1155 2069 1200 2110 in
1230 2083 1314 2121 qua
1344 2068 1509 2121 aliquot
1538 2068 1781 2122 optimates,
1810 2067 1853 2108 id

283 2141 358 2191 est,
400 2139 509 2181 cives
547 2139 758 2192 dignitate
799 2141 840 2180 et
877 2139 1041 2181 meritis
1080 2155 1181 2194 erga
1218 2140 1546 2193 Rempublicam
1574 2140 1759 2181 maxime
1788 2139 1853 2180 in-

282 2211 434 2264 signes,
465 2210 770 2264 Magistratum
798 2213 957 2264 tenent,
988 2226 1169 2265 eumque
1199 2212 1252 2254 ad
1280 2212 1441 2255 bonum
1472 2226 1694 2254 commune
1724 2210 1854 2253 desti-

281 2284 407 2324 nant:
440 2282 576 2335 qualis
609 2275 711 2324 oliui
738 2281 820 2323 fuit
850 2282 999 2336 populi
1027 2281 1197 2325 Judaici
1227 2283 1304 2325 sub
1333 2282 1557 2325 Judicibus
1587 2281 1853 2336 gubernatio.

282 2353 402 2396 Haec
430 2368 525 2395 cum
554 2354 607 2395 ad
635 2368 881 2406 paucorum,
913 2369 1143 2407 eorumque
1173 2354 1351 2396 divitum
1380 2354 1613 2396 utilitatem
1642 2368 1689 2395 ac
1719 2352 1855 2395 domi-

282 2425 501 2467 nationem
529 2424 681 2478 vergit,
711 2426 970 2479 Ὀλιγοιρχίοι
1001 2426 1258 2480 appellatur.
1720 2413 1723 2415 .

336 2496 410 2539 XI.
453 2495 724 2538 Democratia
768 2499 830 2538 est
867 2496 1139 2550 Polyarchia,
1177 2498 1221 2539 in
1259 2512 1342 2550 qua
1379 2497 1525 2550 potior
1563 2509 1661 2548 pars
1698 2493 1852 2536 civium

283 2569 412 2611 etiam
448 2567 714 2623 plebeiorum
752 2569 983 2610 secundum
1021 2568 1225 2622 suffragia
1263 2568 1415 2623 populi
1443 2567 1629 2609 universi
1656 2565 1854 2607 tributim

283 2639 460 2681 collecta
496 2638 724 2693 Rempubl.
764 2640 1046 2682 administrat.
1084 2639 1341 2693 Hujusmodi
1379 2639 1481 2693 quid
1511 2641 1602 2681 erat
1629 2638 1673 2679 in
1701 2636 1854 2690 politia

281 2710 473 2763 Judaica,
513 2711 682 2764 quaudo
722 2726 773 2753 ex
811 2712 1015 2765 suffragio
1055 2712 1190 2754 totius
1229 2711 1380 2765 populi
1408 2708 1630 2752 Israelitici
1660 2707 1711 2749 de
1739 2706 1852 2748 bello

282 2783 481 2824 adversus
518 2782 780 2836 Benjamitas
821 2786 861 2825 et
902 2783 951 2825 de
988 2783 1120 2837 Regis
1161 2783 1366 2826 electione
1406 2783 1451 2824 in
1480 2782 1619 2824 locum
1648 2779 1853 2822 Samuelis

282 2855 562 2906 statuebatur,
591 2855 689 2897 Jud.
719 2856 783 2907 20,
813 2856 876 2897 21.
909 2857 929 2896 1
961 2855 1074 2897 Sam.
1105 2857 1168 2908 10,
1201 2856 1262 2897 12.
1292 2855 1412 2897 Haec
1437 2855 1473 2896 si
1498 2854 1550 2895 ad
1574 2851 1713 2906 plebis
1739 2865 1853 2893 emo-

282 2922 517 2966 lumentum
568 2927 864 2969 tantummodo
919 2929 1204 2979 convertatur,
1245 2927 1289 2968 in
1336 2925 1539 2980 ἀναρχίαν
1586 2925 1627 2965 et
1670 2923 1853 2964 solutam

281 2993 497 3037 licentiam
527 2997 767 3049 degenerat.
