1931 3224
493 313 964 362 DISPUTATIO
1005 311 1232 359 XXXIV.

836 439 882 461 DE

565 516 772 584 Bonis
826 513 1163 602 Operibus.

369 644 567 686 Praeside
599 643 652 685 D.
681 642 960 686 JOHANNE
989 640 1358 684 POLYANDRO.

457 735 732 785 Respondente
761 734 1016 774 JOHANNE
1045 733 1270 773 BACKER.

729 840 924 883 Tussis
962 839 994 881 I.

240 947 388 976 necrus
429 931 528 974 fidei
570 929 865 973 convenientes
907 928 1236 982 resipiscentiae,
1280 929 1378 969 sunt
1417 929 1562 968 sancta
1602 929 1645 968 et

240 1005 352 1046 bona
383 1019 521 1059 opera,
552 1017 660 1056 quae
689 1017 739 1044 ex
769 1001 927 1043 semine
951 999 1285 1053 regenerationis
1311 1014 1358 1041 ac
1381 999 1522 1040 radice
1547 997 1645 1039 fidei

74 1075 348 1130 justificantis
375 1073 619 1127 nuperrime
649 1071 897 1125 explicatae,
928 1072 1195 1112 enascuntur.

132 1147 186 1189 ΙΙ.
238 1146 347 1188 Sunt
390 1147 532 1187 autem
572 1145 685 1186 bona
728 1158 858 1197 opera
899 1145 1247 1197 regeneratorum
1292 1141 1493 1193 actiones,
1537 1156 1645 1194 quae

80 1221 188 1262 fiunt
221 1220 342 1272 juxta
379 1217 505 1270 Legis
543 1216 708 1258 divinae
745 1215 1070 1269 praescriptum,
1111 1229 1162 1255 ex
1199 1214 1280 1256 fide
1317 1229 1394 1267 per
1423 1214 1646 1255 caritatem

80 1291 253 1343 efficaci,
282 1290 334 1332 ad
364 1288 582 1332 electionis
612 1290 653 1330 et
681 1288 918 1329 vocationis
946 1289 1118 1328 nostrae
1143 1285 1520 1337 confirmationem,
1546 1300 1645 1339 pro-

78 1363 266 1416 ximique
295 1359 645 1412 aedificationem,
675 1374 723 1400 ac
749 1358 832 1400 Dei
862 1358 1056 1412 gloriam.

133 1434 211 1476 HI.
252 1432 368 1482 Quae
405 1432 617 1473 bonorum
656 1445 833 1484 operum
863 1429 1067 1481 definitio,
1097 1444 1174 1472 nec
1203 1430 1255 1472 acl
1284 1430 1447 1483 primos
1476 1431 1645 1471 nostros

81 1508 280 1560 parentes
316 1505 360 1546 in
399 1506 515 1545 statu
551 1503 832 1554 innocentiae,
871 1517 948 1544 nec
976 1502 1028 1543 ad
1059 1516 1204 1543 eorum
1233 1503 1429 1554 posteros
1459 1501 1645 1543 Judaeos

82 1580 123 1620 et
166 1577 354 1619 Gentiles
395 1575 440 1617 in
483 1577 598 1616 statu
641 1573 926 1627 corruptionis
968 1573 1133 1626 positos
1173 1573 1530 1615 accommodanda
1569 1576 1646 1615 est.

80 1649 181 1692 Non
209 1649 262 1690 ad.
289 1648 397 1699 illos,
430 1647 632 1700 quoniam
661 1660 791 1700 opera
819 1646 1012 1699 ipsorum
1042 1648 1139 1687 ante
1169 1646 1349 1699 lapsum,
1378 1660 1465 1687 non
1489 1660 1540 1686 ex
1564 1645 1645 1686 fide

76 1720 349 1773 justificante,
389 1719 462 1760 sed
501 1734 551 1760 ex
583 1718 753 1770 justitia
791 1717 990 1771 originali
1018 1717 1123 1770 ipsis
1153 1719 1376 1759 concreata
1404 1716 1645 1770 proficisce-

80 1792 258 1843 bantur3
296 1806 374 1833 nec
411 1791 463 1832 ad
491 1790 582 1841 hos,
613 1789 712 1842 quia
737 1789 906 1842 justitia
932 1789 1008 1830 illa
1037 1789 1237 1842 originali
1265 1804 1342 1842 per
1369 1788 1525 1830 Adami
1553 1789 1646 1842 lap-

81 1877 173 1905 sum
216 1861 410 1904 destituti
450 1861 635 1914 fideique
675 1861 721 1903 in
759 1859 929 1902 Christo
969 1860 1182 1902 radicatae
1219 1862 1427 1914 expertes,
1468 1876 1518 1902 ex
1557 1876 1647 1903 sese

80 1934 244 1977 fructus
272 1948 369 1976 vere
397 1934 532 1975 bonos
562 1933 753 1986 proferre
782 1934 1011 1985 nequeunt.

133 2005 207 2048 IV.
247 2006 381 2048 Causa
420 2004 606 2047 efficiens
639 2004 883 2057 hujusmodi
914 2018 1103 2057 operum,
1134 2006 1207 2045 aut
1235 2004 1439 2058 primaria
1468 2007 1544 2055 est,
1574 2007 1647 2046 aut

81 2078 337 2121 secundaria.
377 2076 597 2127 Primaria,
636 2090 710 2117 seu
740 2075 860 2129 κύριον
897 2075 1032 2123 αἴτιον,
1062 2077 1125 2117 est
1155 2075 1270 2117 solus
1299 2075 1427 2117 Deus.
1456 2074 1570 2117 Nam
1599 2078 1648 2116 ut

81 2150 196 2192 solus
233 2151 297 2191 est
333 2148 462 2200 Deus,
490 2147 552 2189 ita
581 2148 633 2189 ab
661 2147 756 2201 ipso
787 2147 876 2189 solo
908 2161 1031 2189 omne
1061 2146 1222 2188 bonum
1250 2146 1390 2200 primo
1419 2147 1646 2198 descendit,

81 2220 171 2263 Jac.
210 2221 245 2273 1,
285 2220 348 2262 17.
385 2219 511 2272 Isque
548 2219 617 2261 vel
656 2219 861 2272 absolute,
901 2219 968 2261 vel
1002 2219 1134 2261 relate
1164 2219 1467 2261 consideratur.
1496 2218 1647 2260 Relate

83 2292 265 2345 quidem,
311 2293 520 2344 quatenus
561 2292 647 2332 tres
688 2305 894 2345 personae
937 2290 1114 2342 divinae,
1153 2304 1239 2332 non
1277 2289 1416 2331 minus
1455 2289 1507 2331 ad
1543 2289 1648 2330 haec

83 2378 226 2417 opera,
267 2376 396 2416 quam
434 2362 486 2404 ad
524 2362 618 2415 alia,
658 2377 765 2415 quae
804 2363 856 2404 ad
888 2364 1008 2404 extra
1036 2364 1254 2414 vocantur,
1284 2361 1556 2415 producenda
1584 2375 1647 2403 es-

82 2433 317 2476 sentialiter
346 2436 445 2475 sunt
475 2434 735 2487 conjunctae,
762 2437 804 2476 et
832 2434 993 2488 pariter
1023 2434 1308 2476 coordinatae.

135 2505 188 2548 V.
219 2506 419 2556 Quamvis
449 2520 551 2559 ergo
580 2506 695 2548 Deus
724 2506 852 2548 Pater
882 2521 978 2548 cum
1007 2506 1115 2548 Filio
1147 2521 1218 2548 cor
1246 2506 1429 2548 hominis
1454 2505 1647 2547 animalis

81 2579 127 2620 in
163 2578 275 2620 malo
317 2578 589 2620 obfirmatum
615 2593 691 2631 per
730 2577 939 2631 Spiritum
968 2577 1170 2620 Sanctum
1202 2577 1404 2628 emolliat,
1435 2579 1563 2629 atque
1594 2576 1648 2618 ad

81 2664 237 2691 novam
276 2650 562 2692 obedientiam
598 2650 684 2703 legi
723 2664 821 2691 suae
855 2649 1115 2692 conformem
1143 2649 1346 2700 inflectat,
1377 2663 1647 2702 nequaquam

82 2724 225 2763 tamen
254 2721 438 2776 Spiritus
470 2721 650 2764 Sanctus
680 2722 725 2763 in
752 2721 834 2764 hac
862 2722 1028 2764 actione
1058 2721 1178 2763 Patri
1208 2723 1249 2763 et
1278 2721 1404 2773 Filio,
1428 2723 1648 2773 tamquam

83 2808 208 2837 causa
243 2793 578 2835 instrumentalis
618 2793 857 2847 principali,
897 2796 970 2835 aut
1006 2792 1182 2834 inferior
1220 2792 1431 2845 superiori
1458 2792 1647 2844 inservit,

83 2865 154 2907 sed
189 2864 406 2918 coaequali
438 2865 490 2907 ad
518 2879 610 2906 eam
637 2867 852 2918 potestate
880 2881 976 2908 cum
1003 2868 1187 2919 utroque
1216 2865 1441 2907 concurrit.
1469 2864 1648 2907 Interim

83 2936 184 2989 quia
224 2935 411 2990 Spiritus
453 2935 633 2978 Sanctus
671 2936 716 2978 in
755 2937 836 2979 hac
878 2937 1045 2980 actione
1086 2952 1366 2991 personarum
1409 2936 1648 2979 divinarum

84 3007 230 3049 ordine
271 3009 488 3060 postrema
531 3009 605 3059 est,
648 3007 855 3060 nobisque
896 3008 1104 3062 proxima,
1147 3008 1304 3051 idcirco
1344 3010 1493 3051 nostra
1533 3009 1647 3051 bona
