1931 3224
221 186 248 227 4
845 176 1088 219 DISPUTArm
1117 175 1151 217 I.

223 307 478 366 principium
525 307 567 346 et
606 304 734 345 finem
777 304 874 343 sunt
914 300 1144 342 referenda.
1188 297 1280 346 Quo
1322 297 1538 348 postremo
1580 293 1777 346 respectu

222 378 489 436 Augustinus
516 376 560 417 in
588 374 768 429 epistola
794 373 847 415 ad
874 371 1152 413 Volusianum
1180 368 1318 422 ipsam
1343 380 1511 420 quoque
1534 363 1776 417 Physicam,

223 451 433 502 Ethicam,
457 448 682 490 Politicam
705 445 891 497 aliasque
916 441 1155 496 disciplinas
1178 437 1370 481 terminis
1395 435 1655 489 Theologiae
1678 447 1777 476 con-

223 522 350 564 tineri
378 520 573 563 ostendit.

275 590 391 634 XIII.
421 590 681 643 Theologiae
711 602 835 630 causa
866 585 1048 628 efficiens
1072 581 1319 637 principalis
1344 583 1406 622 est
1431 578 1559 629 Deus,
1583 579 1779 632 respectu

223 664 403 718 triplicis
443 662 590 704 effecti.
629 659 742 702 Nam
780 660 816 701 1.
853 658 969 699 illam
1002 654 1231 709 Prophetis
1270 655 1311 695 et
1346 651 1566 705 Apostolis
1595 649 1779 704 Spiritus

225 736 288 778 8111
312 735 458 777 afflatu
483 732 705 787 suggessit,
728 732 836 772 teste
859 728 1007 778 Paulo,
1031 728 1055 768 2
1083 725 1210 767 Τ1111.
1235 724 1272 775 3,
1299 723 1360 764 16.
1388 724 1429 764 et
1452 721 1596 772 Petro,
1621 721 1643 761 1
1670 720 1779 762 Pet.

225 808 262 859 1,
301 808 362 848 11.
393 806 455 847 12.
495 807 535 846 et
571 805 596 845 2
624 803 734 845 Pet.
773 802 809 853 1,
844 801 906 842 21.
937 800 973 840 2.
1003 797 1159 840 Veram
1186 796 1298 837 illius
1325 793 1572 835 tractandae
1599 791 1781 833 formam

225 876 510 931 praescripsit,
563 888 669 927 quae
720 872 835 913 falsis
886 869 1130 923 opponitur,
1184 868 1205 909 1
1251 866 1376 908 Tim.
1431 865 1467 917 1,
1502 865 1539 906 3.
1584 865 1626 905 et
1668 862 1706 915 6,
1741 862 1780 904 4.

225 949 262 991 3.
291 947 535 990 Efficaciam
560 946 694 988 eidem
716 943 868 985 tribuit
891 944 1053 983 mentes
1078 941 1245 982 nostras
1269 936 1525 980 salutaribus
1551 935 1636 977 suis
1659 947 1783 988 prae-

227 1020 360 1074 ceptis
389 1017 617 1069 imbuendi,
647 1015 674 1058 J
688 1015 764 1057 oh.
794 1015 830 1067 6,
859 1014 923 1055 45.
954 1013 974 1054 1
1007 1011 1119 1054 Cor.
1148 1011 1185 1063 3,
1215 1010 1252 1052 7.
1281 1010 1302 1051 1
1330 1008 1480 1051 Thess.
1509 1007 1547 1059 4,
1576 1007 1613 1048 9.

196 1091 205 1124 ἵ
278 1090 393 1133 XIV.
423 1088 683 1143 Theologiae
712 1101 836 1129 causa
863 1083 1198 1127 instrumentalis
1227 1083 1290 1124 est
1312 1080 1393 1123 Dei
1416 1078 1619 1129 Verbum,
1644 1077 1783 1119 homi-

227 1178 328 1205 num
366 1161 566 1204 divinitus
602 1159 905 1214 inspiratorum
935 1159 1062 1209 atque
1089 1154 1332 1197 immediate
1360 1168 1384 1194 a
1414 1151 1506 1193 Deo
1534 1151 1783 1192 vocatorum

229 1249 300 1276 ore
329 1233 555 1287 prolatum,
585 1246 633 1273 ac
661 1229 789 1272 830118
812 1228 931 1270 libris
956 1227 1264 1280 consignatum,
1289 1225 1310 1266 1
1337 1223 1447 1265 Pet.
1474 1223 1510 1275 1,
1534 1222 1598 1264 11.
1624 1222 1649 1262 2
1672 1220 1784 1263 Pet.

229 1307 266 1358 1,
295 1305 358 1347 21.
387 1304 500 1346 Act.
530 1303 594 1354 20,
622 1302 685 1344 27.
716 1302 737 1343 1
768 1300 951 1342 Thess.
981 1300 1018 1350 2,
1049 1299 1110 1340 13.
1140 1300 1182 1339 et
1208 1297 1246 1349 4,
1275 1296 1311 1337 8.

282 1376 374 1418 XV.
412 1375 575 1424 Modus
613 1388 739 1426 quem
775 1372 890 1414 Deus
927 1371 972 1412 in
1005 1368 1265 1422 Theologiae
1298 1365 1557 1409 revelatione
1585 1363 1785 1406 adhibere

228 1448 375 1499 voluit,
418 1462 442 1488 a
485 1444 734 1498 quibusdam
778 1442 978 1485 dividitur
1019 1441 1064 1482 in
1095 1439 1324 1482 ἐνδιάθετον
1354 1453 1427 1480 8011
1454 1437 1681 1489 internum,
1710 1450 1786 1489 per

230 1521 363 1562 solam
388 1518 568 1573 Spiritus
593 1515 737 1558 Sancti
756 1513 1092 1568 inspirationem,
1109 1514 1151 1553 et
1181 1509 1410 1565 προφορικόν
1445 1524 1518 1551 8011
1552 1510 1786 1559 externum,

230 1608 307 1647 per
335 1606 496 1647 organa
525 1592 566 1631 et
595 1586 849 1630 adminicula
880 1584 1086 1638 quaedam
1116 1597 1320 1637 corporea
1348 1597 1372 1624 a
1401 1580 1494 1624 Deo
1524 1596 1618 1624 cum
1646 1570 1786 1622 homi-

231 1664 354 1706 nibus
384 1660 751 1704 communicatum.

283 1733 399 1777 XVI.
435 1733 518 1774 Hic
553 1731 703 1773 modus
740 1729 842 1771 olim
881 1728 1041 1770 diverse
1070 1742 1094 1768 a
1121 1725 1213 1768 Deo
1244 1725 1384 1777 Patre,
1412 1723 1523 1767 Filio
1553 1726 1594 1766 et
1624 1722 1788 1777 Spiritu

232 1806 388 1850 Sancto
429 1803 650 1846 emanavit.
688 1800 906 1843 Interdum
936 1799 1048 1841 enim
1077 1799 1190 1840 clara
1217 1811 1331 1849 voce,
1359 1796 1573 1838 interdum
1601 1794 1788 1846 somniis,

211 1876 477 1929 visionibus,
531 1872 745 1927 symbolis,
796 1869 1054 1924 imaginibus
1095 1872 1138 1910 et
1180 1867 1525 1910 similitudinibus
1566 1866 1790 1917 adhibitis3

233 1948 447 1991 interdum
497 1961 573 2000 per
623 1943 812 1997 Angelos
864 1943 1081 1994 assumpta
1132 1939 1271 1993 specie
1321 1939 1528 1989 humana3
1575 1936 1790 1978 interdum

234 2035 309 2074 per
358 2017 596 2073 Prophetas
637 2013 797 2069 Spiritu
841 2011 999 2054 Christi
1041 2013 1157 2053 actos
1199 2010 1276 2052 sub
1317 2008 1474 2051 Vetere
1515 2007 1788 2050 Testamento

234 2090 434 2132 Patribus
474 2087 631 2130 nostris
673 2087 736 2127 est
776 2084 952 2135 locutus,
995 2081 1177 2124 Genes.
1219 2082 1282 2133 15,
1313 2081 1348 2122 1.
1390 2078 1536 2122 Num.
1580 2079 1642 2130 12,
1671 2078 1707 2120 6.
1753 2077 1791 2119 8.

237 2161 419 2204 (1101108.
461 2160 524 2211 18,
568 2159 630 2200 13.
671 2156 833 2198 Exod.
876 2156 940 2207 23,
982 2155 1045 2197 21.
1087 2153 1201 2195 Act.
1244 2153 1281 2203 7,
1322 2151 1386 2193 30.
1430 2152 1451 2193 1
1494 2149 1603 2192 Cor.
1648 2149 1710 2201 10,
1753 2149 1791 2191 9.

236 2233 296 2275 At
332 2232 503 2274 tandem
536 2228 777 2283 plenissime
803 2242 880 2281 per
906 2226 1062 2267 Filium
1091 2239 1214 2267 suum
1237 2223 1282 2265 in
1311 2224 1434 2266 carne
1461 2219 1791 2272 manifestatum,

236 2304 394 2346 Hebr.
433 2304 469 2355 1,
508 2303 544 2343 1.

289 2372 426 2416 XVII.
473 2371 671 2422 Quamvis
711 2370 758 2412 hi
801 2369 954 2411 diversi
995 2367 1303 2410 revelationum
1344 2365 1472 2417 modi,
1514 2364 1567 2406 ad
1604 2363 1793 2406 omnium
1859 2410 1867 2411 ἶ

239 2448 410 2500 captum
440 2459 464 2486 a
492 2443 584 2485 Deo
613 2441 773 2483 fuerint
800 2439 1119 2492 accommodati,
1149 2438 1220 2480 alii
1243 2439 1386 2479 tamen
1410 2437 1501 2478 aliis
1526 2451 1604 2490 pro
1630 2436 1794 2478 diversa

237 2517 337 2559 fidei
365 2529 561 2558 mensura
588 2514 705 2555 illam
732 2513 798 2555 vel
826 2511 1066 2566 perfectius,
1096 2510 1162 2552 vel
1188 2508 1477 2562 imperfectius
1501 2508 1792 2562 perceperunt.

291 2586 449 2630 XVIII.
486 2585 655 2629 Primus
691 2584 854 2626 fructus
890 2598 938 2625 ac
965 2582 1060 2624 finis
1089 2581 1349 2635 Theologiae
1379 2582 1441 2622 est
1470 2578 1656 2632 cognitio
1684 2576 1794 2619 veri-

239 2660 353 2712 tatis,
390 2673 497 2713 quae
536 2660 600 2700 est
628 2656 855 2699 secundum
883 2655 1102 2709 pietatem,
1130 2652 1230 2696 Tit.
1263 2656 1297 2705 1,
1328 2653 1362 2694 1.
1393 2651 1484 2701 Qua
1511 2649 1794 2702 descriptione

240 2731 396 2774 veritas
435 2719 765 2783 supernaturalis
803 2742 827 2769 a
864 2725 1046 2768 naturali
1087 2724 1357 2774 discernitur3
1399 2737 1505 2777 quae
1540 2722 1584 2764 in
1621 2720 1794 2763 homine

241 2802 429 2844 nondum
467 2800 660 2856 regenito
699 2801 762 2841 est
798 2796 1068 2849 insufficiens,
1107 2799 1148 2838 et
1184 2796 1380 2838 inefficax
1417 2795 1468 2836 ad
1506 2793 1709 2847 pietatem
1746 2805 1795 2834 ac

241 2887 387 2916 verum
414 2871 496 2913 Dei
525 2871 683 2913 cultum
714 2869 831 2913 cordi
858 2868 990 2924 ipsius
1017 2867 1320 2920 instillandum,
1348 2869 1397 2909 ut
1419 2864 1563 2908 multis
1588 2863 1795 2919 probatur

243 2943 515 2999 argumentis,
547 2942 687 2984 Rom.
717 2942 753 2984 1.
784 2943 825 2983 et
854 2941 890 2982 2.

295 3015 409 3057 XIX.
445 3014 562 3056 Haec
588 3013 745 3055 veritas
773 3010 836 3054 est
864 3012 1002 3054 forma
1029 3011 1112 3053 toti
1140 3010 1399 3065 Theologiae
1428 3024 1477 3053 ac
1503 3007 1680 3062 singulis
1708 3007 1796 3060 ejus
