1931 3224
194 147 272 188 316
742 145 984 188 DISPUTATIO
1015 145 1172 188 XXXI.

193 272 372 325 mium,
410 286 524 314 cum
561 273 711 314 certa
747 271 1114 325 promissione
1154 273 1205 313 et
1235 271 1356 324 lege
1385 287 1489 315 non
1517 273 1755 326 nitatur,

195 342 319 397 Greg.
359 343 409 385 de
445 341 615 385 Valent.
655 343 774 385 Tom.
812 344 849 384 2.
887 343 933 383 in
970 342 1120 385 Thom,
1161 343 1267 396 disp.
1304 342 1341 384 8.
1381 358 1421 396 q.
1448 344 1485 385 6.
1517 344 1553 397 ἓ.
1582 344 1620 386 4.
1653 359 1756 387 11011

193 415 585 468 intelligentes
623 428 791 467 neque
829 427 962 465 quae
1000 413 1326 466 loquuntur,
1354 429 1525 468 neque
1555 416 1615 458 de
1644 417 1756 470 qui-

193 488 290 529 bus
328 484 637 537 affirmant,
679 486 700 526 1
739 484 847 526 Tim.
887 485 923 537 1,
962 484 998 526 7.
1035 483 1119 527 Sed
1156 498 1343 527 errorem
1373 488 1516 528 errant
1544 487 1756 540 pernicio-

194 558 407 600 sissimum
446 556 519 610 qui
558 570 743 598 asserere
778 570 865 597 non
897 557 1108 608 verentur,
1137 557 1500 609 perseverantiam
1529 572 1626 600 vere
1653 558 1756 601 fide-

193 629 299 671 lium
333 642 421 671 non
458 643 547 670 esse
578 627 795 670 electionis
825 627 1033 678 effectum,
1062 627 1134 669 sed
1161 627 1306 681 potius
1336 641 1386 668 ex
1414 628 1756 680 perseverantiae

192 700 460 754 praevisione
499 699 659 741 factam
701 713 790 741 esse
833 699 1098 751 electionem,
1141 701 1183 741 et
1226 698 1335 741 nihil
1376 698 1516 741 Deum
1555 700 1600 740 in
1640 700 1756 743 fideli

193 770 371 825 operari,
416 772 464 812 ut
506 772 748 823 perseveret
793 770 845 812 ad
887 769 1016 812 finem
1053 785 1197 823 usque,
1237 773 1421 823 censent,
1461 771 1578 825 cujus
1608 772 1757 814 efficax

191 856 303 894 usus,
346 841 520 895 perinde
562 844 611 882 ut
652 841 808 882 abusus
851 843 925 882 aut
963 841 1197 895 neglectus,
1235 855 1322 883 non
1358 841 1542 894 pendeat
1570 857 1594 883 a
1622 842 1755 885 libero

191 913 376 955 hominis
420 913 611 955 arbitrio.
655 912 747 962 Qua
792 913 1004 955 sententia
1045 912 1408 966 Pelagianismum
1449 917 1671 967 renovant,
1715 917 1758 957 et

191 983 356 1026 homini
392 984 607 1038 gloriandi
643 984 867 1026 materiam
904 983 1243 1036 subministrant,
1283 984 1490 1026 orationis
1520 985 1649 1027 etiam
1677 1000 1756 1039 pro

192 1056 303 1097 dono
340 1056 681 1109 perseverantiae
719 1056 1017 1098 necessitatem
1054 1056 1240 1106 elevant3
1275 1071 1382 1108 cum,
1411 1057 1642 1098 secundum
1672 1071 1756 1109 eos,

192 1127 248 1169 sit
285 1127 443 1169 donum
476 1128 675 1181 generale
706 1128 902 1170 omnibus
931 1130 1142 1182 paratum,
1173 1127 1246 1169 sed
1274 1126 1351 1168 sub
1382 1126 1620 1169 conditione
1649 1141 1757 1180 quae

191 1212 278 1240 non
308 1214 332 1240 a
359 1197 466 1251 Deo,
496 1200 568 1241 sed
595 1199 648 1241 ab
679 1199 857 1242 arbitrio
886 1202 1034 1242 nostro
1064 1199 1234 1253 pendet.

245 1269 444 1313 XXXVI.
481 1270 707 1312 Materiam
735 1271 790 1312 in
818 1285 937 1324 qua,
968 1271 1055 1313 sive
1084 1270 1322 1323 subjectum
1350 1270 1635 1323 adaequatum
1661 1284 1757 1325 per-

194 1343 456 1384 severantiae
485 1342 598 1384 solos
629 1345 671 1384 et
701 1356 845 1384 omnes
874 1341 1089 1395 regenitos
1120 1356 1222 1393 esse,
1250 1341 1295 1382 in
1324 1341 1568 1383 definitione
1598 1356 1757 1396 suppo-

193 1413 364 1466 suimus,
405 1416 447 1455 et
483 1414 566 1456 fide
598 1414 860 1467 justificante
899 1413 1091 1455 donatos.
1122 1412 1322 1466 Quisquis
1354 1413 1466 1455 enim
1495 1413 1650 1455 electus
1680 1416 1757 1466 est,

192 1485 275 1527 fide
313 1485 496 1527 donatur
535 1499 610 1527 suo
646 1487 854 1539 tempore,
894 1487 935 1527 et
975 1484 1167 1538 quisquis
1202 1499 1300 1526 vere
1339 1484 1484 1537 credit,
1514 1487 1759 1538 perseverat

193 1556 246 1598 ad
287 1556 414 1599 finem
456 1571 601 1610 usque.
644 1556 822 1609 Alioqui
863 1556 967 1598 fides
1010 1570 1117 1609 quae
1153 1570 1241 1598 non
1277 1558 1532 1609 perseverat,
1569 1571 1657 1598 non
1694 1559 1758 1599 est

192 1642 291 1670 vera
314 1627 553 1680 justificans
581 1628 698 1669 fides.
726 1626 841 1669 Nam
869 1627 950 1669 etsi
979 1627 1181 1680 quicquid
1207 1629 1270 1669 est
1293 1642 1440 1669 verum
1468 1627 1758 1670 secundum

194 1698 509 1752 essentiam,
552 1713 640 1741 non
681 1713 850 1753 semper
892 1699 948 1741 sit
989 1713 1136 1741 verum
1179 1698 1469 1740 secundum
1510 1713 1757 1754 perseve-

192 1769 426 1812 rantiam
463 1772 505 1812 et
540 1770 802 1823 firmitatem,
840 1784 978 1823 neque
1014 1770 1105 1812 veri
1140 1772 1294 1812 natura
1331 1785 1356 1812 a
1394 1769 1689 1824 permanentia
1719 1772 1761 1813 et

191 1840 394 1882 firmitate
432 1841 636 1895 pendeat:
677 1841 720 1882 id
759 1844 903 1883 tamen
933 1844 1095 1883 certum
1126 1844 1203 1894 est,
1235 1841 1439 1884 nonnulla
1467 1855 1568 1890 esse,
1598 1856 1622 1883 a
1654 1856 1760 1895 quo-

191 1927 287 1955 rum
315 1915 493 1955 naturae
522 1916 564 1955 813
593 1914 801 1956 essentiae
829 1913 1022 1966 veritate,
1050 1914 1161 1956 ratio
1191 1913 1408 1955 firmitatis
1438 1915 1480 1955 et
1508 1928 1760 1967 permanen-

192 1985 278 2026 tiae
308 1985 490 2038 petenda
518 1987 592 2027 est.
624 1984 717 2035 Quo
747 1986 793 2027 in
821 1999 986 2039 genere,
1018 2000 1068 2027 ex
1097 1984 1339 2039 Scripturis,
1370 1985 1498 2026 fidem
1522 1983 1759 2038 justifican-

192 2058 280 2097 tem
323 2070 411 2098 esse
453 2070 582 2110 supra
626 2056 923 2110 probavimus;
966 2057 1083 2110 cujus
1122 2056 1315 2098 veritatis
1353 2055 1667 2110 perseverantia
1696 2058 1760 2098 est

194 2127 368 2170 effectus
408 2128 681 2180 necessarius,
724 2143 775 2170 ex
816 2143 900 2181 quo
941 2128 991 2170 116
1028 2127 1208 2169 veritate
1245 2128 1344 2170 fidei
1383 2143 1407 2169 a
1442 2127 1673 2181 posteriori
1709 2128 1759 2169 fit

186 2198 406 2252 judicium.
436 2198 660 2241 Falluntur
690 2214 792 2252 ergo
823 2201 865 2240 et
893 2198 1058 2249 fallunt,
1083 2199 1157 2252 qui
1180 2213 1278 2240 vere
1297 2199 1630 2252 justificatorum
1656 2199 1759 2242 duas

193 2271 459 2313 constituunt
496 2271 670 2324 species,
707 2270 885 2312 alteram
918 2270 1149 2312 electorum
1178 2271 1551 2323 perseverantium,
1582 2270 1759 2314 alteram

192 2356 279 2384 non
309 2342 551 2394 electorum,
582 2342 656 2394 qui
684 2341 763 2383 etsi
793 2341 1022 2394 aliquando
1051 2355 1151 2383 vera
1179 2341 1260 2383 fide
1285 2341 1433 2383 donati
1458 2343 1500 2383 et
1520 2341 1757 2395 justificati,

193 2412 282 2455 sine
334 2412 601 2467 poenitentia
650 2412 824 2455 tandem
863 2412 908 2454 in
950 2413 1167 2466 apostasia
1209 2411 1469 2463 moriantur3
1514 2412 1588 2465 qui
1629 2412 1758 2454 etiam

190 2485 302 2527 inter
331 2485 486 2527 electos
515 2484 577 2526 ita
606 2484 887 2537 distinguunt,
915 2486 962 2526 ut
991 2483 1127 2527 velint
1150 2485 1195 2526 in
1221 2499 1366 2526 eorum
1388 2484 1604 2538 plerisque
1628 2483 1754 2526 fidem

193 2555 246 2597 ad
287 2557 456 2610 tempus
507 2556 632 2609 plane
671 2555 1038 2608 intercidere,
1082 2570 1236 2609 eosque
1277 2570 1452 2610 prorsus
1494 2555 1547 2597 ad
1588 2557 1756 2610 tempus

193 2627 377 2681 gratia
407 2627 681 2679 excidere,
711 2627 903 2680 quamvis
933 2629 1083 2680 postea
1107 2627 1374 2681 poenitentia
1399 2626 1575 2669 salutari
1600 2626 1756 2679 oblata,

194 2700 371 2742 eandem
406 2698 584 2753 proprio
625 2698 802 2743 arbitrio
833 2700 1067 2751 acceptent.
1097 2697 1158 2740 At
1187 2698 1308 2740 electi
1338 2700 1436 2739 sunt
1463 2697 1578 2739 velut
1606 2697 1757 2740 arbo-

193 2784 278 2813 res
318 2785 539 2824 quarum
575 2769 714 2813 folia
750 2784 854 2812 non
893 2769 1172 2822 decidunt,
1208 2771 1258 2812 et
1295 2769 1535 2811 fructum
1572 2768 1756 2812 ferunt

192 2841 248 2883 in
295 2844 561 2897 tempore,
606 2856 709 2896 ergo
753 2856 919 2896 semper
964 2841 1086 2883 vitali
1130 2855 1255 2884 succo
1296 2840 1492 2895 praediti,
1532 2839 1603 2882 Ps.
1643 2840 1679 2893 1,
1717 2841 1754 2883 3.

195 2912 278 2962 Qui
308 2913 565 2956 cadentes
593 2928 697 2956 non
727 2912 1088 2966 dejiciuntur,
1117 2912 1208 2954 sed
1235 2926 1391 2954 manu
1418 2910 1519 2953 Dei
1548 2913 1757 2953 susten-

195 2986 405 3035 tantur,
442 2983 510 3025 Ps,
550 2984 613 3036 37,
651 2984 714 3026 24.
755 2983 865 3026 Sunt
903 2985 949 3025 ut
985 2997 1132 3026 mons
1171 2984 1398 3036 quinon
1427 2982 1754 3034 dimovetur,
