<?xml version="1.0" encoding="UTF-8"?>
<!DOCTYPE html PUBLIC "-//W3C//DTD XHTML 1.0 Transitional//EN"
    "http://www.w3.org/TR/xhtml1/DTD/xhtml1-transitional.dtd">
<html xmlns="http://www.w3.org/1999/xhtml" xml:lang="en" lang="en">
 <head>
  <title>
</title>
<meta http-equiv="Content-Type" content="text/html;charset=utf-8" />
  <meta name='ocr-system' content='tesseract 3.04.00' />
  <meta name='ocr-capabilities' content='ocr_page ocr_carea ocr_par ocr_line ocrx_word'/>
</head>
<body>
  <div class='ocr_page' id='page_1' title='image "./synopsispurioris00poly_0479.png"; bbox 0 0 1931 3224; ppageno 0'>
   <div class='ocr_carea' id='block_1_1' title="bbox 263 113 1658 158">
    <p class='ocr_par' dir='ltr' id='par_1_1' title="bbox 263 113 1658 158">
     <span class='ocr_line' id='line_1_1' title="bbox 263 113 1658 158; baseline -0.001 -2"><span class='ocrx_word' id='word_1_1' title='bbox 263 115 329 158; x_wconf 69' lang='lat' dir='ltr'>DF.</span> <span class='ocrx_word' id='word_1_2' title='bbox 355 115 636 157; x_wconf 81' lang='lat' dir='ltr'><strong>MINISTRORUM</strong></span> <span class='ocrx_word' id='word_1_3' title='bbox 665 113 1060 156; x_wconf 76' lang='lat' dir='ltr'>EOCLESIASTICORUM</span> <span class='ocrx_word' id='word_1_4' title='bbox 1092 113 1240 156; x_wconf 77' lang='lat' dir='ltr'>VoeA&#39;r.</span> <span class='ocrx_word' id='word_1_5' title='bbox 1272 128 1318 154; x_wconf 84' lang='grc' dir='ltr'>ΕΤ</span> <span class='ocrx_word' id='word_1_6' title='bbox 1348 113 1496 155; x_wconf 63' lang='grc' dir='ltr'>ῈΠΝΟΤ.</span> <span class='ocrx_word' id='word_1_7' title='bbox 1580 114 1658 154; x_wconf 78' lang='lat'>459</span> 
     </span>
    </p>
   </div>
   <div class='ocr_carea' id='block_1_2' title="bbox 90 237 1669 3002">
    <p class='ocr_par' dir='ltr' id='par_1_2' title="bbox 97 237 1662 1149">
     <span class='ocr_line' id='line_1_2' title="bbox 151 237 1659 291; baseline -0.003 -8"><span class='ocrx_word' id='word_1_8' title='bbox 151 240 203 283; x_wconf 89' lang='lat' dir='ltr'>V.</span> <span class='ocrx_word' id='word_1_9' title='bbox 231 239 427 282; x_wconf 87' lang='lat' dir='ltr'>Internus</span> <span class='ocrx_word' id='word_1_10' title='bbox 456 238 640 291; x_wconf 81' lang='lat' dir='ltr'>Spiritus</span> <span class='ocrx_word' id='word_1_11' title='bbox 670 239 815 281; x_wconf 81' lang='lat' dir='ltr'>Sancti</span> <span class='ocrx_word' id='word_1_12' title='bbox 842 239 1079 288; x_wconf 84' lang='lat' dir='ltr'>instinctus,</span> <span class='ocrx_word' id='word_1_13' title='bbox 1110 253 1193 291; x_wconf 89' lang='lat' dir='ltr'>quo</span> <span class='ocrx_word' id='word_1_14' title='bbox 1220 238 1407 280; x_wconf 86' lang='lat' dir='ltr'>virorum</span> <span class='ocrx_word' id='word_1_15' title='bbox 1431 237 1512 279; x_wconf 90' lang='lat' dir='ltr'>Dei</span> <span class='ocrx_word' id='word_1_16' title='bbox 1537 253 1659 290; x_wconf 89' lang='lat' dir='ltr'>prae-</span> 
     </span>
     <span class='ocr_line' id='line_1_3' title="bbox 100 309 1661 355; baseline -0.003 -1"><span class='ocrx_word' id='word_1_17' title='bbox 100 313 241 355; x_wconf 79' lang='lat' dir='ltr'>cordia</span> <span class='ocrx_word' id='word_1_18' title='bbox 269 312 321 353; x_wconf 89' lang='lat' dir='ltr'>ad</span> <span class='ocrx_word' id='word_1_19' title='bbox 350 311 608 353; x_wconf 90' lang='lat' dir='ltr'>sacrosancti</span> <span class='ocrx_word' id='word_1_20' title='bbox 636 311 865 352; x_wconf 88' lang='lat' dir='ltr'>Ministerii</span> <span class='ocrx_word' id='word_1_21' title='bbox 895 310 1148 352; x_wconf 87' lang='lat' dir='ltr'>desiderium</span> <span class='ocrx_word' id='word_1_22' title='bbox 1178 309 1406 351; x_wconf 88' lang='lat' dir='ltr'>efficaciter</span> <span class='ocrx_word' id='word_1_23' title='bbox 1431 310 1661 351; x_wconf 87' lang='lat' dir='ltr'>flectuntur</span> 
     </span>
     <span class='ocr_line' id='line_1_4' title="bbox 98 381 1660 436; baseline -0.003 -10"><span class='ocrx_word' id='word_1_24' title='bbox 98 387 226 436; x_wconf 86' lang='lat' dir='ltr'>atque</span> <span class='ocrx_word' id='word_1_25' title='bbox 264 384 514 432; x_wconf 83' lang='lat' dir='ltr'>excitantur,</span> <span class='ocrx_word' id='word_1_26' title='bbox 551 383 596 423; x_wconf 91' lang='lat' dir='ltr'>in</span> <span class='ocrx_word' id='word_1_27' title='bbox 635 383 830 424; x_wconf 86' lang='lat' dir='ltr'>omnibus</span> <span class='ocrx_word' id='word_1_28' title='bbox 863 382 957 423; x_wconf 86' lang='lat' dir='ltr'>fidis</span> <span class='ocrx_word' id='word_1_29' title='bbox 988 382 1067 424; x_wconf 91' lang='lat' dir='ltr'>Dei</span> <span class='ocrx_word' id='word_1_30' title='bbox 1095 382 1256 433; x_wconf 78' lang='lat' dir='ltr'>verbis,</span> <span class='ocrx_word' id='word_1_31' title='bbox 1287 382 1347 422; x_wconf 90' lang='lat' dir='ltr'>ad</span> <span class='ocrx_word' id='word_1_32' title='bbox 1376 381 1660 423; x_wconf 80' lang='lat' dir='ltr'>Ecclesiae</span> 
     </span>
     <span class='ocr_line' id='line_1_5' title="bbox 99 453 1661 510; baseline -0.003 -13"><span class='ocrx_word' id='word_1_33' title='bbox 99 455 273 510; x_wconf 88' lang='lat' dir='ltr'>ipsius</span> <span class='ocrx_word' id='word_1_34' title='bbox 327 455 870 496; x_wconf 88' lang='lat' dir='ltr'>administrationem</span> <span class='ocrx_word' id='word_1_35' title='bbox 920 453 1156 504; x_wconf 86' lang='lat' dir='ltr'>vocatis,</span> <span class='ocrx_word' id='word_1_36' title='bbox 1210 453 1458 506; x_wconf 79' lang='lat' dir='ltr'>priusquam</span> <span class='ocrx_word' id='word_1_37' title='bbox 1509 467 1661 494; x_wconf 87' lang='lat' dir='ltr'>munus</span> 
     </span>
     <span class='ocr_line' id='line_1_6' title="bbox 99 524 1662 578; baseline -0.003 -9"><span class='ocrx_word' id='word_1_38' title='bbox 99 543 221 570; x_wconf 87' lang='lat' dir='ltr'>suum</span> <span class='ocrx_word' id='word_1_39' title='bbox 259 527 437 568; x_wconf 89' lang='lat' dir='ltr'>subeant</span> <span class='ocrx_word' id='word_1_40' title='bbox 474 528 515 567; x_wconf 94' lang='lat' dir='ltr'>et</span> <span class='ocrx_word' id='word_1_41' title='bbox 547 526 714 578; x_wconf 88' lang='lat' dir='ltr'>obeant,</span> <span class='ocrx_word' id='word_1_42' title='bbox 743 526 981 569; x_wconf 76' lang='lat' dir='ltr'>necessario</span> <span class='ocrx_word' id='word_1_43' title='bbox 1010 525 1252 577; x_wconf 83' lang='lat' dir='ltr'>requiritur.</span> <span class='ocrx_word' id='word_1_44' title='bbox 1282 524 1395 566; x_wconf 87' lang='lat' dir='ltr'>Nam</span> <span class='ocrx_word' id='word_1_45' title='bbox 1425 524 1548 566; x_wconf 90' lang='lat' dir='ltr'>sicuti</span> <span class='ocrx_word' id='word_1_46' title='bbox 1577 524 1662 566; x_wconf 91' lang='lat' dir='ltr'>Do-</span> 
     </span>
     <span class='ocr_line' id='line_1_7' title="bbox 97 595 1661 650; baseline -0.001 -10"><span class='ocrx_word' id='word_1_47' title='bbox 97 599 203 641; x_wconf 88' lang='lat' dir='ltr'>mini</span> <span class='ocrx_word' id='word_1_48' title='bbox 230 598 377 639; x_wconf 81' lang='lat' dir='ltr'>messis</span> <span class='ocrx_word' id='word_1_49' title='bbox 408 600 482 650; x_wconf 89' lang='lat' dir='ltr'>est,</span> <span class='ocrx_word' id='word_1_50' title='bbox 513 597 730 650; x_wconf 89' lang='lat' dir='ltr'>operarios</span> <span class='ocrx_word' id='word_1_51' title='bbox 760 612 857 638; x_wconf 87' lang='lat' dir='ltr'>suos</span> <span class='ocrx_word' id='word_1_52' title='bbox 885 597 929 638; x_wconf 91' lang='lat' dir='ltr'>in</span> <span class='ocrx_word' id='word_1_53' title='bbox 958 596 1124 638; x_wconf 86' lang='lat' dir='ltr'>vineam</span> <span class='ocrx_word' id='word_1_54' title='bbox 1153 611 1272 637; x_wconf 89' lang='lat' dir='ltr'>suam</span> <span class='ocrx_word' id='word_1_55' title='bbox 1302 596 1506 647; x_wconf 89' lang='lat' dir='ltr'>emittere,</span> <span class='ocrx_word' id='word_1_56' title='bbox 1537 595 1661 638; x_wconf 87' lang='lat' dir='ltr'>Matt.</span> 
     </span>
     <span class='ocr_line' id='line_1_8' title="bbox 99 666 1661 722; baseline -0.003 -10"><span class='ocrx_word' id='word_1_57' title='bbox 99 672 135 722; x_wconf 84' lang='lat'>9,</span> <span class='ocrx_word' id='word_1_58' title='bbox 174 670 238 712; x_wconf 80' lang='lat'>38.</span> <span class='ocrx_word' id='word_1_59' title='bbox 277 669 336 711; x_wconf 88' lang='lat' dir='ltr'>sic</span> <span class='ocrx_word' id='word_1_60' title='bbox 374 683 498 710; x_wconf 90' lang='lat' dir='ltr'>nemo</span> <span class='ocrx_word' id='word_1_61' title='bbox 534 684 584 710; x_wconf 82' lang='lat' dir='ltr'>ex</span> <span class='ocrx_word' id='word_1_62' title='bbox 613 669 708 710; x_wconf 88' lang='lat' dir='ltr'>fidis</span> <span class='ocrx_word' id='word_1_63' title='bbox 737 668 851 709; x_wconf 89' lang='lat' dir='ltr'>illius</span> <span class='ocrx_word' id='word_1_64' title='bbox 881 667 1086 720; x_wconf 89' lang='lat' dir='ltr'>operariis</span> <span class='ocrx_word' id='word_1_65' title='bbox 1114 667 1228 708; x_wconf 87' lang='lat' dir='ltr'>hunc</span> <span class='ocrx_word' id='word_1_66' title='bbox 1257 666 1338 707; x_wconf 88' lang='lat' dir='ltr'>sibi</span> <span class='ocrx_word' id='word_1_67' title='bbox 1367 667 1496 707; x_wconf 91' lang='lat' dir='ltr'>sumit</span> <span class='ocrx_word' id='word_1_68' title='bbox 1524 666 1661 708; x_wconf 90' lang='lat' dir='ltr'>hono-</span> 
     </span>
     <span class='ocr_line' id='line_1_9' title="bbox 99 739 1661 793; baseline -0.001 -11"><span class='ocrx_word' id='word_1_69' title='bbox 99 756 200 793; x_wconf 92' lang='lat' dir='ltr'>rem,</span> <span class='ocrx_word' id='word_1_70' title='bbox 244 741 316 782; x_wconf 91' lang='lat' dir='ltr'>sed</span> <span class='ocrx_word' id='word_1_71' title='bbox 359 741 432 793; x_wconf 88' lang='lat' dir='ltr'>qui</span> <span class='ocrx_word' id='word_1_72' title='bbox 474 756 497 782; x_wconf 92' lang='lat' dir='ltr'>a</span> <span class='ocrx_word' id='word_1_73' title='bbox 540 740 631 782; x_wconf 89' lang='lat' dir='ltr'>Deo</span> <span class='ocrx_word' id='word_1_74' title='bbox 660 743 849 782; x_wconf 86' lang='lat' dir='ltr'>vocatur.</span> <span class='ocrx_word' id='word_1_75' title='bbox 891 740 1013 788; x_wconf 76' lang='lat' dir='ltr'>Quod</span> <span class='ocrx_word' id='word_1_76' title='bbox 1050 739 1233 780; x_wconf 90' lang='lat' dir='ltr'>Aaronis</span> <span class='ocrx_word' id='word_1_77' title='bbox 1273 739 1466 792; x_wconf 84' lang='lat' dir='ltr'>exemplo</span> <span class='ocrx_word' id='word_1_78' title='bbox 1506 740 1661 792; x_wconf 89' lang='lat' dir='ltr'>probat</span> 
     </span>
     <span class='ocr_line' id='line_1_10' title="bbox 99 809 1660 865; baseline -0.003 -11"><span class='ocrx_word' id='word_1_79' title='bbox 99 812 344 865; x_wconf 89' lang='lat' dir='ltr'>Apostolus,</span> <span class='ocrx_word' id='word_1_80' title='bbox 373 812 502 854; x_wconf 85' lang='lat' dir='ltr'>Hebr.</span> <span class='ocrx_word' id='word_1_81' title='bbox 533 813 569 864; x_wconf 81' lang='lat'>5,</span> <span class='ocrx_word' id='word_1_82' title='bbox 594 812 631 852; x_wconf 83' lang='lat'>4.</span> <span class='ocrx_word' id='word_1_83' title='bbox 657 811 820 863; x_wconf 87' lang='lat' dir='ltr'>hacque</span> <span class='ocrx_word' id='word_1_84' title='bbox 845 810 1182 863; x_wconf 65' lang='lat' dir='ltr'>interrogatione</span> <span class='ocrx_word' id='word_1_85' title='bbox 1206 810 1358 860; x_wconf 90' lang='lat' dir='ltr'>innuit,</span> <span class='ocrx_word' id='word_1_86' title='bbox 1384 809 1660 858; x_wconf 72' lang='lat' dir='ltr'>Quomodo</span> 
     </span>
     <span class='ocr_line' id='line_1_11' title="bbox 98 879 1662 938; baseline -0.003 -13"><span class='ocrx_word' id='word_1_87' title='bbox 98 883 519 938; x_wconf 87' lang='lat' dir='ltr'>praedicabunt,</span> <span class='ocrx_word' id='word_1_88' title='bbox 570 883 682 924; x_wconf 85' lang='lat' dir='ltr'>nisi</span> <span class='ocrx_word' id='word_1_89' title='bbox 733 881 891 923; x_wconf 86' lang='lat' dir='ltr'>missi</span> <span class='ocrx_word' id='word_1_90' title='bbox 933 881 1174 923; x_wconf 71' lang='lat' dir='ltr'>fuerint?</span> <span class='ocrx_word' id='word_1_91' title='bbox 1218 881 1340 923; x_wconf 88' lang='lat' dir='ltr'>Rom.</span> <span class='ocrx_word' id='word_1_92' title='bbox 1386 882 1448 932; x_wconf 84' lang='lat'>10,</span> <span class='ocrx_word' id='word_1_93' title='bbox 1493 880 1553 921; x_wconf 85' lang='lat'>15.</span> <span class='ocrx_word' id='word_1_94' title='bbox 1598 879 1662 920; x_wconf 94' lang='lat' dir='ltr'>De</span> 
     </span>
     <span class='ocr_line' id='line_1_12' title="bbox 98 951 1661 1008; baseline -0.001 -14"><span class='ocrx_word' id='word_1_95' title='bbox 98 953 489 1008; x_wconf 86' lang='lat' dir='ltr'>Pseudoprophetis</span> <span class='ocrx_word' id='word_1_96' title='bbox 527 953 642 995; x_wconf 87' lang='lat' dir='ltr'>Deus</span> <span class='ocrx_word' id='word_1_97' title='bbox 682 969 702 995; x_wconf 92' lang='lat' dir='ltr'>e</span> <span class='ocrx_word' id='word_1_98' title='bbox 742 953 956 995; x_wconf 89' lang='lat' dir='ltr'>contrario</span> <span class='ocrx_word' id='word_1_99' title='bbox 997 953 1264 1006; x_wconf 86' lang='lat' dir='ltr'>pronunciat,</span> <span class='ocrx_word' id='word_1_100' title='bbox 1301 952 1380 994; x_wconf 89' lang='lat' dir='ltr'>Me</span> <span class='ocrx_word' id='word_1_101' title='bbox 1409 967 1513 993; x_wconf 89' lang='lat' dir='ltr'>non</span> <span class='ocrx_word' id='word_1_102' title='bbox 1542 951 1661 992; x_wconf 91' lang='lat' dir='ltr'>mit-</span> 
     </span>
     <span class='ocr_line' id='line_1_13' title="bbox 98 1023 1661 1078; baseline -0.004 -10"><span class='ocrx_word' id='word_1_103' title='bbox 98 1027 270 1077; x_wconf 88' lang='lat' dir='ltr'>tente,</span> <span class='ocrx_word' id='word_1_104' title='bbox 308 1025 362 1066; x_wconf 93' lang='lat' dir='ltr'>hi</span> <span class='ocrx_word' id='word_1_105' title='bbox 401 1025 713 1078; x_wconf 71' lang='lat' dir='ltr'>Prophetae</span> <span class='ocrx_word' id='word_1_106' title='bbox 747 1026 1131 1074; x_wconf 85' lang='lat' dir='ltr'>cucurrerunt,</span> <span class='ocrx_word' id='word_1_107' title='bbox 1162 1038 1346 1076; x_wconf 88' lang='lat' dir='ltr'>meque</span> <span class='ocrx_word' id='word_1_108' title='bbox 1376 1023 1529 1076; x_wconf 87' lang='lat' dir='ltr'>ipsos</span> <span class='ocrx_word' id='word_1_109' title='bbox 1557 1036 1661 1063; x_wconf 93' lang='lat' dir='ltr'>non</span> 
     </span>
     <span class='ocr_line' id='line_1_14' title="bbox 99 1095 1180 1149; baseline -0.003 -11"><span class='ocrx_word' id='word_1_110' title='bbox 99 1098 416 1149; x_wconf 85' lang='lat' dir='ltr'>alloquente</span> <span class='ocrx_word' id='word_1_111' title='bbox 446 1096 878 1149; x_wconf 89' lang='lat' dir='ltr'>prophetarunt,</span> <span class='ocrx_word' id='word_1_112' title='bbox 907 1095 994 1137; x_wconf 81' lang='lat' dir='ltr'>Jer.</span> <span class='ocrx_word' id='word_1_113' title='bbox 1024 1096 1086 1146; x_wconf 79' lang='lat'>23,</span> <span class='ocrx_word' id='word_1_114' title='bbox 1117 1095 1180 1136; x_wconf 78' lang='lat'>21.</span> 
     </span>
    </p>

    <p class='ocr_par' dir='ltr' id='par_1_3' title="bbox 97 1164 1665 2004">
     <span class='ocr_line' id='line_1_15' title="bbox 151 1164 1662 1220; baseline -0.003 -10"><span class='ocrx_word' id='word_1_115' title='bbox 151 1168 225 1210; x_wconf 89' lang='lat' dir='ltr'>VI.</span> <span class='ocrx_word' id='word_1_116' title='bbox 265 1168 368 1210; x_wconf 86' lang='lat' dir='ltr'>Cum</span> <span class='ocrx_word' id='word_1_117' title='bbox 405 1167 657 1219; x_wconf 84' lang='lat' dir='ltr'>Socinianis,</span> <span class='ocrx_word' id='word_1_118' title='bbox 695 1167 768 1219; x_wconf 90' lang='lat' dir='ltr'>qui</span> <span class='ocrx_word' id='word_1_119' title='bbox 797 1166 1057 1220; x_wconf 82' lang='lat' dir='ltr'>singularem</span> <span class='ocrx_word' id='word_1_120' title='bbox 1087 1166 1274 1218; x_wconf 82' lang='lat' dir='ltr'>aliquam</span> <span class='ocrx_word' id='word_1_121' title='bbox 1304 1165 1503 1207; x_wconf 86' lang='lat' dir='ltr'>mittendi</span> <span class='ocrx_word' id='word_1_122' title='bbox 1530 1164 1662 1205; x_wconf 87' lang='lat' dir='ltr'>ratio-</span> 
     </span>
     <span class='ocr_line' id='line_1_16' title="bbox 97 1235 1662 1289; baseline -0.004 -6"><span class='ocrx_word' id='word_1_123' title='bbox 97 1256 195 1283; x_wconf 92' lang='lat' dir='ltr'>nem</span> <span class='ocrx_word' id='word_1_124' title='bbox 237 1241 288 1282; x_wconf 91' lang='lat' dir='ltr'>ad</span> <span class='ocrx_word' id='word_1_125' title='bbox 330 1237 500 1281; x_wconf 85' lang='lat' dir='ltr'>sacrum</span> <span class='ocrx_word' id='word_1_126' title='bbox 538 1238 821 1280; x_wconf 87' lang='lat' dir='ltr'>ministerium</span> <span class='ocrx_word' id='word_1_127' title='bbox 864 1238 1107 1279; x_wconf 88' lang='lat' dir='ltr'>obeundum</span> <span class='ocrx_word' id='word_1_128' title='bbox 1149 1237 1309 1289; x_wconf 85' lang='lat' dir='ltr'>requiri</span> <span class='ocrx_word' id='word_1_129' title='bbox 1346 1239 1518 1289; x_wconf 87' lang='lat' dir='ltr'>negant,</span> <span class='ocrx_word' id='word_1_130' title='bbox 1557 1235 1662 1276; x_wconf 88' lang='lat' dir='ltr'>haec</span> 
     </span>
     <span class='ocr_line' id='line_1_17' title="bbox 98 1305 1664 1366; baseline -0.006 -11"><span class='ocrx_word' id='word_1_131' title='bbox 98 1313 192 1355; x_wconf 89' lang='lat' dir='ltr'>loca</span> <span class='ocrx_word' id='word_1_132' title='bbox 231 1312 464 1365; x_wconf 85' lang='lat' dir='ltr'>objicimus,</span> <span class='ocrx_word' id='word_1_133' title='bbox 503 1312 717 1366; x_wconf 88' lang='lat' dir='ltr'>regerunt,</span> <span class='ocrx_word' id='word_1_134' title='bbox 755 1309 1013 1363; x_wconf 82' lang='lat' dir='ltr'>Apostolum</span> <span class='ocrx_word' id='word_1_135' title='bbox 1052 1308 1182 1350; x_wconf 88' lang='lat' dir='ltr'>Hebr.</span> <span class='ocrx_word' id='word_1_136' title='bbox 1212 1309 1249 1359; x_wconf 80' lang='lat'>5,</span> <span class='ocrx_word' id='word_1_137' title='bbox 1279 1307 1317 1349; x_wconf 79' lang='lat'>4.</span> <span class='ocrx_word' id='word_1_138' title='bbox 1347 1307 1396 1348; x_wconf 92' lang='lat' dir='ltr'>de</span> <span class='ocrx_word' id='word_1_139' title='bbox 1426 1306 1515 1348; x_wconf 91' lang='lat' dir='ltr'>solo</span> <span class='ocrx_word' id='word_1_140' title='bbox 1546 1305 1664 1358; x_wconf 91' lang='lat' dir='ltr'>loqui</span> 
     </span>
     <span class='ocr_line' id='line_1_18' title="bbox 99 1378 1663 1434; baseline -0.005 -8"><span class='ocrx_word' id='word_1_141' title='bbox 99 1384 360 1426; x_wconf 89' lang='lat' dir='ltr'>Pontificatu</span> <span class='ocrx_word' id='word_1_142' title='bbox 396 1383 623 1433; x_wconf 86' lang='lat' dir='ltr'>Aaronico,</span> <span class='ocrx_word' id='word_1_143' title='bbox 663 1382 707 1422; x_wconf 90' lang='lat' dir='ltr'>in</span> <span class='ocrx_word' id='word_1_144' title='bbox 736 1396 820 1434; x_wconf 91' lang='lat' dir='ltr'>quo</span> <span class='ocrx_word' id='word_1_145' title='bbox 852 1381 953 1422; x_wconf 89' lang='lat' dir='ltr'>olim</span> <span class='ocrx_word' id='word_1_146' title='bbox 982 1381 1077 1434; x_wconf 90' lang='lat' dir='ltr'>plus</span> <span class='ocrx_word' id='word_1_147' title='bbox 1106 1380 1283 1421; x_wconf 88' lang='lat' dir='ltr'>honoris</span> <span class='ocrx_word' id='word_1_148' title='bbox 1312 1381 1415 1430; x_wconf 87' lang='lat' dir='ltr'>erat,</span> <span class='ocrx_word' id='word_1_149' title='bbox 1445 1393 1573 1431; x_wconf 86' lang='lat' dir='ltr'>quam</span> <span class='ocrx_word' id='word_1_150' title='bbox 1603 1378 1663 1418; x_wconf 89' lang='lat' dir='ltr'>la-</span> 
     </span>
     <span class='ocr_line' id='line_1_19' title="bbox 99 1449 1664 1503; baseline -0.006 -4"><span class='ocrx_word' id='word_1_151' title='bbox 99 1457 236 1498; x_wconf 85' lang='lat' dir='ltr'>boris:</span> <span class='ocrx_word' id='word_1_152' title='bbox 266 1459 309 1498; x_wconf 84' lang='lat' dir='ltr'>at</span> <span class='ocrx_word' id='word_1_153' title='bbox 337 1456 381 1497; x_wconf 87' lang='lat' dir='ltr'>in</span> <span class='ocrx_word' id='word_1_154' title='bbox 410 1456 616 1497; x_wconf 87' lang='lat' dir='ltr'>hodierno</span> <span class='ocrx_word' id='word_1_155' title='bbox 648 1453 885 1494; x_wconf 88' lang='lat' dir='ltr'>ministerio</span> <span class='ocrx_word' id='word_1_156' title='bbox 913 1451 1231 1501; x_wconf 78' lang='lat' dir='ltr'>Ecclesiastico,</span> <span class='ocrx_word' id='word_1_157' title='bbox 1260 1451 1357 1503; x_wconf 86' lang='lat' dir='ltr'>plus</span> <span class='ocrx_word' id='word_1_158' title='bbox 1386 1449 1544 1491; x_wconf 87' lang='lat' dir='ltr'>laboris</span> <span class='ocrx_word' id='word_1_159' title='bbox 1575 1463 1664 1490; x_wconf 89' lang='lat' dir='ltr'>esse</span> 
     </span>
     <span class='ocr_line' id='line_1_20' title="bbox 104 1520 1665 1579; baseline -0.004 -12"><span class='ocrx_word' id='word_1_160' title='bbox 104 1541 230 1579; x_wconf 87' lang='lat' dir='ltr'>quam</span> <span class='ocrx_word' id='word_1_161' title='bbox 257 1525 446 1576; x_wconf 89' lang='lat' dir='ltr'>honoris,</span> <span class='ocrx_word' id='word_1_162' title='bbox 475 1540 612 1577; x_wconf 89' lang='lat' dir='ltr'>neque</span> <span class='ocrx_word' id='word_1_163' title='bbox 640 1524 883 1577; x_wconf 88' lang='lat' dir='ltr'>hujusmodi</span> <span class='ocrx_word' id='word_1_164' title='bbox 911 1522 1207 1573; x_wconf 89' lang='lat' dir='ltr'>ministerium,</span> <span class='ocrx_word' id='word_1_165' title='bbox 1232 1521 1407 1563; x_wconf 90' lang='lat' dir='ltr'>idoneos</span> <span class='ocrx_word' id='word_1_166' title='bbox 1434 1520 1486 1562; x_wconf 88' lang='lat' dir='ltr'>ad</span> <span class='ocrx_word' id='word_1_167' title='bbox 1511 1521 1665 1561; x_wconf 88' lang='lat' dir='ltr'>docen-</span> 
     </span>
     <span class='ocr_line' id='line_1_21' title="bbox 101 1591 1665 1649; baseline -0.004 -11"><span class='ocrx_word' id='word_1_168' title='bbox 101 1598 200 1639; x_wconf 90' lang='lat' dir='ltr'>dum</span> <span class='ocrx_word' id='word_1_169' title='bbox 243 1597 324 1638; x_wconf 84' lang='lat' dir='ltr'>sibi</span> <span class='ocrx_word' id='word_1_170' title='bbox 366 1611 542 1648; x_wconf 89' lang='lat' dir='ltr'>sumere,</span> <span class='ocrx_word' id='word_1_171' title='bbox 586 1599 658 1637; x_wconf 90' lang='lat' dir='ltr'>aut</span> <span class='ocrx_word' id='word_1_172' title='bbox 702 1610 914 1649; x_wconf 79' lang='lat' dir='ltr'>arrogare,</span> <span class='ocrx_word' id='word_1_173' title='bbox 960 1609 1054 1636; x_wconf 87' lang='lat' dir='ltr'>cum</span> <span class='ocrx_word' id='word_1_174' title='bbox 1089 1595 1158 1647; x_wconf 83' lang='lat' dir='ltr'>jus</span> <span class='ocrx_word' id='word_1_175' title='bbox 1196 1593 1301 1634; x_wconf 88' lang='lat' dir='ltr'>illud</span> <span class='ocrx_word' id='word_1_176' title='bbox 1340 1591 1665 1644; x_wconf 88' lang='lat' dir='ltr'>concupiscendi</span> 
     </span>
     <span class='ocr_line' id='line_1_22' title="bbox 101 1663 1663 1721; baseline -0.004 -11"><span class='ocrx_word' id='word_1_177' title='bbox 101 1671 229 1721; x_wconf 79' lang='lat' dir='ltr'>atque</span> <span class='ocrx_word' id='word_1_178' title='bbox 272 1667 456 1710; x_wconf 88' lang='lat' dir='ltr'>obeundi</span> <span class='ocrx_word' id='word_1_179' title='bbox 498 1682 548 1708; x_wconf 86' lang='lat' dir='ltr'>ex</span> <span class='ocrx_word' id='word_1_180' title='bbox 594 1667 703 1709; x_wconf 88' lang='lat' dir='ltr'>dono</span> <span class='ocrx_word' id='word_1_181' title='bbox 747 1667 851 1708; x_wconf 86' lang='lat' dir='ltr'>alios</span> <span class='ocrx_word' id='word_1_182' title='bbox 894 1665 1072 1708; x_wconf 90' lang='lat' dir='ltr'>docendi</span> <span class='ocrx_word' id='word_1_183' title='bbox 1109 1665 1309 1716; x_wconf 79' lang='lat' dir='ltr'>habeant,</span> <span class='ocrx_word' id='word_1_184' title='bbox 1352 1663 1410 1705; x_wconf 90' lang='lat' dir='ltr'>In</span> <span class='ocrx_word' id='word_1_185' title='bbox 1450 1663 1663 1704; x_wconf 82' lang='lat' dir='ltr'>Catech.</span> 
     </span>
     <span class='ocr_line' id='line_1_23' title="bbox 101 1734 1664 1791; baseline -0.004 -11"><span class='ocrx_word' id='word_1_186' title='bbox 101 1737 274 1780; x_wconf 79' lang='lat' dir='ltr'>Socin.</span> <span class='ocrx_word' id='word_1_187' title='bbox 312 1737 644 1779; x_wconf 85' lang='lat' dir='ltr'>Racoviensi</span> <span class='ocrx_word' id='word_1_188' title='bbox 684 1753 792 1791; x_wconf 90' lang='lat' dir='ltr'>cap.</span> <span class='ocrx_word' id='word_1_189' title='bbox 831 1738 867 1778; x_wconf 80' lang='lat'>2.</span> <span class='ocrx_word' id='word_1_190' title='bbox 907 1736 982 1778; x_wconf 91' lang='lat' dir='ltr'>De</span> <span class='ocrx_word' id='word_1_191' title='bbox 1020 1735 1287 1788; x_wconf 86' lang='lat' dir='ltr'>regimine</span> <span class='ocrx_word' id='word_1_192' title='bbox 1318 1737 1367 1776; x_wconf 93' lang='lat' dir='ltr'>et</span> <span class='ocrx_word' id='word_1_193' title='bbox 1398 1734 1664 1787; x_wconf 86' lang='lat' dir='ltr'>guberna-</span> 
     </span>
     <span class='ocr_line' id='line_1_24' title="bbox 99 1804 1664 1850; baseline -0.004 0"><span class='ocrx_word' id='word_1_194' title='bbox 99 1809 252 1850; x_wconf 88' lang='lat' dir='ltr'>tione</span> <span class='ocrx_word' id='word_1_195' title='bbox 290 1808 579 1850; x_wconf 88' lang='lat' dir='ltr'>Ecclesiae</span> <span class='ocrx_word' id='word_1_196' title='bbox 619 1808 843 1850; x_wconf 80' lang='lat' dir='ltr'>Christi.</span> <span class='ocrx_word' id='word_1_197' title='bbox 883 1807 1058 1849; x_wconf 79' lang='lat' dir='ltr'>Socin.</span> <span class='ocrx_word' id='word_1_198' title='bbox 1098 1807 1151 1847; x_wconf 91' lang='lat' dir='ltr'>in</span> <span class='ocrx_word' id='word_1_199' title='bbox 1189 1805 1363 1846; x_wconf 88' lang='lat' dir='ltr'>Tract.</span> <span class='ocrx_word' id='word_1_200' title='bbox 1394 1805 1453 1846; x_wconf 90' lang='lat' dir='ltr'>de</span> <span class='ocrx_word' id='word_1_201' title='bbox 1482 1804 1664 1846; x_wconf 88' lang='lat' dir='ltr'>Eccle-</span> 
     </span>
     <span class='ocr_line' id='line_1_25' title="bbox 102 1875 1663 1933; baseline -0.003 -12"><span class='ocrx_word' id='word_1_202' title='bbox 102 1879 192 1921; x_wconf 86' lang='lat' dir='ltr'>sia.</span> <span class='ocrx_word' id='word_1_203' title='bbox 232 1879 467 1933; x_wconf 85' lang='lat' dir='ltr'>Theoph.</span> <span class='ocrx_word' id='word_1_204' title='bbox 504 1879 776 1921; x_wconf 85' lang='lat' dir='ltr'>Nicolaid.</span> <span class='ocrx_word' id='word_1_205' title='bbox 814 1880 867 1920; x_wconf 92' lang='lat' dir='ltr'>in</span> <span class='ocrx_word' id='word_1_206' title='bbox 897 1877 1098 1920; x_wconf 84' lang='lat' dir='ltr'>defens.</span> <span class='ocrx_word' id='word_1_207' title='bbox 1130 1877 1369 1918; x_wconf 83' lang='lat' dir='ltr'>Tractat.</span> <span class='ocrx_word' id='word_1_208' title='bbox 1401 1875 1574 1918; x_wconf 81' lang='lat' dir='ltr'>Socin.</span> <span class='ocrx_word' id='word_1_209' title='bbox 1605 1875 1663 1917; x_wconf 91' lang='lat' dir='ltr'>de</span> 
     </span>
     <span class='ocr_line' id='line_1_26' title="bbox 102 1951 578 2004; baseline -0.002 -11"><span class='ocrx_word' id='word_1_210' title='bbox 102 1951 373 2003; x_wconf 80' lang='lat' dir='ltr'>Ecclesia,</span> <span class='ocrx_word' id='word_1_211' title='bbox 405 1965 511 2004; x_wconf 86' lang='lat' dir='ltr'>cap.</span> <span class='ocrx_word' id='word_1_212' title='bbox 544 1951 578 1992; x_wconf 88' lang='lat' dir='ltr'>l.</span> 
     </span>
    </p>

    <p class='ocr_par' dir='ltr' id='par_1_4' title="bbox 90 2018 1669 3002">
     <span class='ocr_line' id='line_1_27' title="bbox 159 2018 1664 2071; baseline -0.003 -7"><span class='ocrx_word' id='word_1_213' title='bbox 159 2022 252 2065; x_wconf 86' lang='lat' dir='ltr'><strong>VII.</strong></span> <span class='ocrx_word' id='word_1_214' title='bbox 290 2022 414 2064; x_wconf 88' lang='lat' dir='ltr'>Falsa</span> <span class='ocrx_word' id='word_1_215' title='bbox 448 2024 511 2063; x_wconf 88' lang='lat' dir='ltr'>est</span> <span class='ocrx_word' id='word_1_216' title='bbox 539 2022 645 2063; x_wconf 91' lang='lat' dir='ltr'>haec</span> <span class='ocrx_word' id='word_1_217' title='bbox 675 2021 999 2064; x_wconf 80' lang='lat' dir='ltr'>Socinianorum</span> <span class='ocrx_word' id='word_1_218' title='bbox 1029 2021 1081 2062; x_wconf 90' lang='lat' dir='ltr'>ad</span> <span class='ocrx_word' id='word_1_219' title='bbox 1110 2021 1250 2062; x_wconf 89' lang='lat' dir='ltr'>locum</span> <span class='ocrx_word' id='word_1_220' title='bbox 1280 2019 1400 2060; x_wconf 89' lang='lat' dir='ltr'>illum</span> <span class='ocrx_word' id='word_1_221' title='bbox 1430 2034 1480 2060; x_wconf 83' lang='lat' dir='ltr'>ex</span> <span class='ocrx_word' id='word_1_222' title='bbox 1509 2033 1598 2071; x_wconf 87' lang='lat' dir='ltr'>cap.</span> <span class='ocrx_word' id='word_1_223' title='bbox 1628 2018 1664 2059; x_wconf 83' lang='lat'>5.</span> 
     </span>
     <span class='ocr_line' id='line_1_28' title="bbox 103 2091 1666 2147; baseline -0.004 -11"><span class='ocrx_word' id='word_1_224' title='bbox 103 2095 156 2136; x_wconf 89' lang='lat' dir='ltr'>ad</span> <span class='ocrx_word' id='word_1_225' title='bbox 193 2094 411 2136; x_wconf 87' lang='lat' dir='ltr'>Hebraeos</span> <span class='ocrx_word' id='word_1_226' title='bbox 451 2094 657 2147; x_wconf 79' lang='lat' dir='ltr'>exceptio.</span> <span class='ocrx_word' id='word_1_227' title='bbox 698 2093 899 2143; x_wconf 76' lang='lat' dir='ltr'>Quamvis</span> <span class='ocrx_word' id='word_1_228' title='bbox 939 2093 1051 2134; x_wconf 88' lang='lat' dir='ltr'>enim</span> <span class='ocrx_word' id='word_1_229' title='bbox 1088 2092 1323 2146; x_wconf 84' lang='lat' dir='ltr'>Apostolus</span> <span class='ocrx_word' id='word_1_230' title='bbox 1351 2091 1411 2132; x_wconf 88' lang='lat' dir='ltr'>ibi</span> <span class='ocrx_word' id='word_1_231' title='bbox 1439 2091 1482 2131; x_wconf 91' lang='lat' dir='ltr'>in</span> <span class='ocrx_word' id='word_1_232' title='bbox 1512 2105 1666 2143; x_wconf 84' lang='lat' dir='ltr'>genere</span> 
     </span>
     <span class='ocr_line' id='line_1_29' title="bbox 90 2161 1667 2221; baseline -0.004 -14"><span class='ocrx_word' id='word_1_233' title='bbox 90 2166 312 2221; x_wconf 36' lang='lat' dir='ltr'>‘disserens</span> <span class='ocrx_word' id='word_1_234' title='bbox 342 2166 391 2207; x_wconf 91' lang='lat' dir='ltr'>de</span> <span class='ocrx_word' id='word_1_235' title='bbox 416 2165 687 2217; x_wconf 87' lang='lat' dir='ltr'>Pontificatu,</span> <span class='ocrx_word' id='word_1_236' title='bbox 714 2165 794 2207; x_wconf 95' lang='lat' dir='ltr'>hoc</span> <span class='ocrx_word' id='word_1_237' title='bbox 820 2181 943 2206; x_wconf 86' lang='lat' dir='ltr'>suum</span> <span class='ocrx_word' id='word_1_238' title='bbox 968 2165 1149 2216; x_wconf 79' lang='lat' dir='ltr'>axioma,</span> <span class='ocrx_word' id='word_1_239' title='bbox 1175 2163 1340 2205; x_wconf 89' lang='lat' dir='ltr'>Nemo</span> <span class='ocrx_word' id='word_1_240' title='bbox 1367 2162 1477 2203; x_wconf 87' lang='lat' dir='ltr'>sibi</span> <span class='ocrx_word' id='word_1_241' title='bbox 1502 2161 1667 2202; x_wconf 89' lang='lat' dir='ltr'>sumit</span> 
     </span>
     <span class='ocr_line' id='line_1_30' title="bbox 103 2232 1665 2289; baseline -0.003 -11"><span class='ocrx_word' id='word_1_242' title='bbox 103 2238 243 2279; x_wconf 88' lang='lat' dir='ltr'>hunc</span> <span class='ocrx_word' id='word_1_243' title='bbox 270 2238 551 2288; x_wconf 85' lang='lat' dir='ltr'>honorem,</span> <span class='ocrx_word' id='word_1_244' title='bbox 581 2237 671 2278; x_wconf 87' lang='lat' dir='ltr'>sed</span> <span class='ocrx_word' id='word_1_245' title='bbox 701 2237 792 2289; x_wconf 90' lang='lat' dir='ltr'>qui</span> <span class='ocrx_word' id='word_1_246' title='bbox 819 2238 1049 2278; x_wconf 88' lang='lat' dir='ltr'>vocatur</span> <span class='ocrx_word' id='word_1_247' title='bbox 1073 2250 1097 2276; x_wconf 89' lang='lat' dir='ltr'>a</span> <span class='ocrx_word' id='word_1_248' title='bbox 1121 2234 1253 2286; x_wconf 89' lang='lat' dir='ltr'>Deo,</span> <span class='ocrx_word' id='word_1_249' title='bbox 1274 2233 1457 2275; x_wconf 89' lang='lat' dir='ltr'>Aaronis</span> <span class='ocrx_word' id='word_1_250' title='bbox 1474 2232 1665 2285; x_wconf 83' lang='lat' dir='ltr'>exemplo</span> 
     </span>
     <span class='ocr_line' id='line_1_31' title="bbox 105 2304 1667 2359; baseline -0.004 -8"><span class='ocrx_word' id='word_1_251' title='bbox 105 2309 453 2359; x_wconf 68' lang='grc' dir='ltr'>ὑποδειγμοετικῶς</span> <span class='ocrx_word' id='word_1_252' title='bbox 477 2307 672 2358; x_wconf 89' lang='lat' dir='ltr'>illustret,</span> <span class='ocrx_word' id='word_1_253' title='bbox 698 2321 793 2348; x_wconf 88' lang='lat' dir='ltr'>cum</span> <span class='ocrx_word' id='word_1_254' title='bbox 817 2309 961 2348; x_wconf 89' lang='lat' dir='ltr'>tamen</span> <span class='ocrx_word' id='word_1_255' title='bbox 986 2305 1291 2348; x_wconf 89' lang='lat' dir='ltr'>Pontificatum</span> <span class='ocrx_word' id='word_1_256' title='bbox 1315 2305 1368 2347; x_wconf 86' lang='lat' dir='ltr'>ab</span> <span class='ocrx_word' id='word_1_257' title='bbox 1385 2304 1544 2346; x_wconf 86' lang='lat' dir='ltr'>effectis</span> <span class='ocrx_word' id='word_1_258' title='bbox 1560 2304 1667 2345; x_wconf 89' lang='lat' dir='ltr'>sacri</span> 
     </span>
     <span class='ocr_line' id='line_1_32' title="bbox 105 2375 1667 2430; baseline -0.003 -10"><span class='ocrx_word' id='word_1_259' title='bbox 105 2378 333 2420; x_wconf 87' lang='lat' dir='ltr'>Ministerii</span> <span class='ocrx_word' id='word_1_260' title='bbox 363 2377 661 2430; x_wconf 85' lang='lat' dir='ltr'>Ecclesiastici,</span> <span class='ocrx_word' id='word_1_261' title='bbox 686 2378 845 2420; x_wconf 86' lang='lat' dir='ltr'>ibidem</span> <span class='ocrx_word' id='word_1_262' title='bbox 868 2377 1092 2429; x_wconf 80' lang='lat' dir='ltr'>describat,</span> <span class='ocrx_word' id='word_1_263' title='bbox 1118 2380 1159 2419; x_wconf 90' lang='lat' dir='ltr'>et</span> <span class='ocrx_word' id='word_1_264' title='bbox 1185 2393 1235 2419; x_wconf 84' lang='lat' dir='ltr'>ex</span> <span class='ocrx_word' id='word_1_265' title='bbox 1250 2376 1506 2430; x_wconf 87' lang='lat' dir='ltr'>Logicorum</span> <span class='ocrx_word' id='word_1_266' title='bbox 1521 2375 1667 2428; x_wconf 86' lang='lat' dir='ltr'>regula</span> 
     </span>
     <span class='ocr_line' id='line_1_33' title="bbox 107 2442 1667 2501; baseline -0.002 -11"><span class='ocrx_word' id='word_1_267' title='bbox 107 2450 166 2491; x_wconf 92' lang='lat' dir='ltr'>de</span> <span class='ocrx_word' id='word_1_268' title='bbox 196 2442 468 2491; x_wconf 84' lang='lat' dir='ltr'>similibus</span> <span class='ocrx_word' id='word_1_269' title='bbox 496 2449 634 2490; x_wconf 88' lang='lat' dir='ltr'>idem</span> <span class='ocrx_word' id='word_1_270' title='bbox 663 2448 737 2489; x_wconf 89' lang='lat' dir='ltr'>sit</span> <span class='ocrx_word' id='word_1_271' title='bbox 758 2448 1047 2501; x_wconf 88' lang='lat' dir='ltr'>judicium,</span> <span class='ocrx_word' id='word_1_272' title='bbox 1072 2448 1308 2490; x_wconf 88' lang='lat' dir='ltr'>necessario</span> <span class='ocrx_word' id='word_1_273' title='bbox 1331 2448 1534 2500; x_wconf 89' lang='lat' dir='ltr'>sequitur,</span> <span class='ocrx_word' id='word_1_274' title='bbox 1551 2446 1667 2488; x_wconf 84' lang='lat' dir='ltr'>axio-</span> 
     </span>
     <span class='ocr_line' id='line_1_34' title="bbox 106 2519 1668 2574; baseline -0.001 -12"><span class='ocrx_word' id='word_1_275' title='bbox 106 2536 176 2562; x_wconf 89' lang='lat' dir='ltr'>ma</span> <span class='ocrx_word' id='word_1_276' title='bbox 203 2521 308 2562; x_wconf 90' lang='lat' dir='ltr'>illud</span> <span class='ocrx_word' id='word_1_277' title='bbox 337 2519 537 2574; x_wconf 87' lang='lat' dir='ltr'>Apostoli</span> <span class='ocrx_word' id='word_1_278' title='bbox 565 2520 771 2573; x_wconf 88' lang='lat' dir='ltr'>generale,</span> <span class='ocrx_word' id='word_1_279' title='bbox 799 2520 965 2562; x_wconf 89' lang='lat' dir='ltr'>ratione</span> <span class='ocrx_word' id='word_1_280' title='bbox 987 2520 1215 2562; x_wconf 90' lang='lat' dir='ltr'>Ministerii</span> <span class='ocrx_word' id='word_1_281' title='bbox 1230 2520 1530 2570; x_wconf 86' lang='lat' dir='ltr'>Ecclesiastici,</span> <span class='ocrx_word' id='word_1_282' title='bbox 1549 2519 1668 2571; x_wconf 87' lang='lat' dir='ltr'>cujus</span> 
     </span>
     <span class='ocr_line' id='line_1_35' title="bbox 107 2590 1667 2644; baseline -0.001 -12"><span class='ocrx_word' id='word_1_283' title='bbox 107 2593 205 2633; x_wconf 87' lang='lat' dir='ltr'>sunt</span> <span class='ocrx_word' id='word_1_284' title='bbox 232 2591 375 2633; x_wconf 87' lang='lat' dir='ltr'>variae</span> <span class='ocrx_word' id='word_1_285' title='bbox 404 2590 576 2644; x_wconf 87' lang='lat' dir='ltr'>species,</span> <span class='ocrx_word' id='word_1_286' title='bbox 608 2591 755 2633; x_wconf 91' lang='lat' dir='ltr'>eodem</span> <span class='ocrx_word' id='word_1_287' title='bbox 783 2592 910 2633; x_wconf 90' lang='lat' dir='ltr'>modo</span> <span class='ocrx_word' id='word_1_288' title='bbox 942 2592 994 2632; x_wconf 89' lang='lat' dir='ltr'>ad</span> <span class='ocrx_word' id='word_1_289' title='bbox 1023 2591 1128 2633; x_wconf 84' lang='lat' dir='ltr'>alios</span> <span class='ocrx_word' id='word_1_290' title='bbox 1157 2591 1376 2632; x_wconf 88' lang='lat' dir='ltr'>Ministros</span> <span class='ocrx_word' id='word_1_291' title='bbox 1400 2590 1667 2631; x_wconf 86' lang='lat' dir='ltr'>Ecclesiasti-</span> 
     </span>
     <span class='ocr_line' id='line_1_36' title="bbox 108 2661 1667 2716; baseline -0.002 -11"><span class='ocrx_word' id='word_1_292' title='bbox 108 2678 190 2715; x_wconf 80' lang='lat' dir='ltr'>COS,</span> <span class='ocrx_word' id='word_1_293' title='bbox 225 2664 512 2716; x_wconf 82' lang='lat' dir='ltr'>cujuscunque</span> <span class='ocrx_word' id='word_1_294' title='bbox 546 2662 630 2703; x_wconf 89' lang='lat' dir='ltr'>sint</span> <span class='ocrx_word' id='word_1_295' title='bbox 660 2663 830 2714; x_wconf 90' lang='lat' dir='ltr'>ordinis,</span> <span class='ocrx_word' id='word_1_296' title='bbox 861 2662 1173 2705; x_wconf 86' lang='lat' dir='ltr'>accommodari</span> <span class='ocrx_word' id='word_1_297' title='bbox 1200 2677 1337 2715; x_wconf 87' lang='lat' dir='ltr'>posse,</span> <span class='ocrx_word' id='word_1_298' title='bbox 1369 2676 1451 2713; x_wconf 94' lang='lat' dir='ltr'>quo</span> <span class='ocrx_word' id='word_1_299' title='bbox 1481 2661 1587 2702; x_wconf 89' lang='lat' dir='ltr'>illud</span> <span class='ocrx_word' id='word_1_300' title='bbox 1614 2661 1667 2702; x_wconf 89' lang='lat' dir='ltr'>ab</span> 
     </span>
     <span class='ocr_line' id='line_1_37' title="bbox 107 2732 1668 2788; baseline -0.002 -12"><span class='ocrx_word' id='word_1_301' title='bbox 107 2733 318 2788; x_wconf 88' lang='lat' dir='ltr'>Apostolo</span> <span class='ocrx_word' id='word_1_302' title='bbox 357 2734 409 2775; x_wconf 93' lang='lat' dir='ltr'>ad</span> <span class='ocrx_word' id='word_1_303' title='bbox 446 2734 661 2775; x_wconf 87' lang='lat' dir='ltr'>Aaronem</span> <span class='ocrx_word' id='word_1_304' title='bbox 698 2734 969 2787; x_wconf 89' lang='lat' dir='ltr'>peculiariter</span> <span class='ocrx_word' id='word_1_305' title='bbox 997 2733 1248 2788; x_wconf 88' lang='lat' dir='ltr'>applicatur,</span> <span class='ocrx_word' id='word_1_306' title='bbox 1279 2748 1374 2774; x_wconf 87' lang='lat' dir='ltr'>cum</span> <span class='ocrx_word' id='word_1_307' title='bbox 1401 2732 1565 2774; x_wconf 87' lang='lat' dir='ltr'>nullum</span> <span class='ocrx_word' id='word_1_308' title='bbox 1595 2735 1668 2774; x_wconf 87' lang='lat' dir='ltr'>aut</span> 
     </span>
     <span class='ocr_line' id='line_1_38' title="bbox 109 2804 1667 2859; baseline -0.001 -11"><span class='ocrx_word' id='word_1_309' title='bbox 109 2821 159 2848; x_wconf 89' lang='lat' dir='ltr'>ex</span> <span class='ocrx_word' id='word_1_310' title='bbox 201 2806 443 2859; x_wconf 76' lang='lat' dir='ltr'>ProphetiS,</span> <span class='ocrx_word' id='word_1_311' title='bbox 487 2808 560 2847; x_wconf 86' lang='lat' dir='ltr'>aut</span> <span class='ocrx_word' id='word_1_312' title='bbox 598 2820 648 2847; x_wconf 87' lang='lat' dir='ltr'>ex</span> <span class='ocrx_word' id='word_1_313' title='bbox 684 2805 906 2858; x_wconf 88' lang='lat' dir='ltr'>Apostolis</span> <span class='ocrx_word' id='word_1_314' title='bbox 945 2808 986 2847; x_wconf 90' lang='lat' dir='ltr'>et</span> <span class='ocrx_word' id='word_1_315' title='bbox 1025 2804 1324 2857; x_wconf 86' lang='lat' dir='ltr'>Evangelistis,</span> <span class='ocrx_word' id='word_1_316' title='bbox 1365 2807 1438 2846; x_wconf 88' lang='lat' dir='ltr'>aut</span> <span class='ocrx_word' id='word_1_317' title='bbox 1486 2819 1536 2846; x_wconf 80' lang='lat' dir='ltr'>ex</span> <span class='ocrx_word' id='word_1_318' title='bbox 1574 2804 1667 2846; x_wconf 87' lang='lat' dir='ltr'>aliis</span> 
     </span>
     <span class='ocr_line' id='line_1_39' title="bbox 108 2875 1668 2930; baseline 0 -12"><span class='ocrx_word' id='word_1_319' title='bbox 108 2876 315 2919; x_wconf 90' lang='lat' dir='ltr'>Ministris</span> <span class='ocrx_word' id='word_1_320' title='bbox 343 2876 650 2920; x_wconf 88' lang='lat' dir='ltr'>Ecclesiasticis</span> <span class='ocrx_word' id='word_1_321' title='bbox 681 2892 706 2918; x_wconf 91' lang='lat' dir='ltr'>a</span> <span class='ocrx_word' id='word_1_322' title='bbox 735 2876 826 2918; x_wconf 91' lang='lat' dir='ltr'>Deo</span> <span class='ocrx_word' id='word_1_323' title='bbox 857 2876 1108 2930; x_wconf 88' lang='lat' dir='ltr'>approbatis</span> <span class='ocrx_word' id='word_1_324' title='bbox 1133 2876 1372 2929; x_wconf 86' lang='lat' dir='ltr'>exemplum</span> <span class='ocrx_word' id='word_1_325' title='bbox 1399 2875 1597 2918; x_wconf 89' lang='lat' dir='ltr'>dissimile</span> <span class='ocrx_word' id='word_1_326' title='bbox 1618 2891 1668 2918; x_wconf 82' lang='lat' dir='ltr'>ex</span> 
     </span>
     <span class='ocr_line' id='line_1_40' title="bbox 111 2947 1669 3002; baseline -0.001 -12"><span class='ocrx_word' id='word_1_327' title='bbox 111 2950 239 2990; x_wconf 88' lang='lat' dir='ltr'>sacris</span> <span class='ocrx_word' id='word_1_328' title='bbox 277 2949 411 2991; x_wconf 89' lang='lat' dir='ltr'>literis</span> <span class='ocrx_word' id='word_1_329' title='bbox 450 2948 632 3002; x_wconf 85' lang='lat' dir='ltr'>proferri</span> <span class='ocrx_word' id='word_1_330' title='bbox 670 2949 818 3001; x_wconf 87' lang='lat' dir='ltr'>possit.</span> <span class='ocrx_word' id='word_1_331' title='bbox 856 2947 996 2990; x_wconf 87' lang='lat' dir='ltr'>Nemo</span> <span class='ocrx_word' id='word_1_332' title='bbox 1036 2948 1147 2989; x_wconf 87' lang='lat' dir='ltr'>enim</span> <span class='ocrx_word' id='word_1_333' title='bbox 1182 2963 1232 2989; x_wconf 81' lang='lat' dir='ltr'>ex</span> <span class='ocrx_word' id='word_1_334' title='bbox 1268 2947 1352 2989; x_wconf 87' lang='lat' dir='ltr'>illis</span> <span class='ocrx_word' id='word_1_335' title='bbox 1390 2948 1548 3000; x_wconf 86' lang='lat' dir='ltr'>absque</span> <span class='ocrx_word' id='word_1_336' title='bbox 1588 2948 1669 2990; x_wconf 90' lang='lat' dir='ltr'>Dei</span> 
     </span>
    </p>
   </div>
  </div>
 </body>
</html>
