1931 3224
521 87 585 129 Dm
613 86 654 131 S.
685 86 840 131 sompno.
870 87 1014 130 Psssssp.
1042 101 1089 131 ET
1118 88 1303 132 INTERPR.
1639 93 1691 133 39

130 213 603 267 propagationem
642 213 975 265 naturalem,
1016 214 1251 255 omnium
1278 214 1554 257 hominum
1583 216 1692 257 ani-

130 284 241 336 mis,
276 283 442 325 diverso
480 284 582 326 licet
621 284 830 336 demenso,
862 285 1079 337 inserit,
1110 287 1158 327 ut
1187 287 1231 326 et
1257 285 1352 339 ipsa
1380 285 1601 340 Scriptura
1629 287 1692 329 10-

132 356 289 409 quitur,
318 354 504 397 Johann.
534 356 570 408 1,
601 357 637 408 9,
667 356 735 398 vel
765 356 818 397 ad
848 359 1021 410 captum
1050 358 1093 398 et
1120 355 1367 398 facultatem
1392 356 1579 399 hominis
1605 359 1693 412 spi-

129 426 310 478 ritualis,
353 426 398 467 id
439 429 516 479 est,
557 427 673 480 cujus
712 442 830 469 mens
869 427 1182 481 supernaturali
1219 427 1310 469 luce
1348 428 1535 482 insuper,
1575 430 1693 471 varia

131 511 300 550 quoque
337 512 547 550 mensura,
588 501 652 540 est
689 498 923 541 illustrata:
955 498 1311 552 quemadmodum
1339 498 1444 541 haec
1473 499 1691 542 distinctio

131 568 382 622 exprimitur
412 570 433 610 1
468 568 560 611 Cor.
591 571 627 622 2,
659 569 721 612 14.
752 572 794 612 et
824 571 938 612 alibi.

182 640 278 683 VII.
319 641 442 691 Quod
479 642 664 695 primum
693 641 917 683 hominum
946 656 1079 696 genus
1111 642 1279 695 attinet,
1309 642 1493 685 fatemur
1522 643 1693 697 quidem

128 712 263 755 multa
300 713 344 754 in
382 712 423 754 S.
462 712 596 754 literis
634 713 797 754 narrari
835 727 884 754 ac
923 713 1074 765 doceri,
1114 727 1222 766 quae
1261 715 1447 756 naturali
1482 716 1608 758 modo
1640 717 1691 758 ab

127 783 300 826 homine
338 784 525 826 naturali
557 784 869 838 intelliguntur,
900 785 936 826 si
966 785 1233 837 diligentiam
1262 785 1449 840 aliquam
1479 787 1692 840 adhibeat,

129 858 171 898 et
217 856 461 911 linguarum
509 856 772 909 aliarumque
811 856 968 898 artium
1004 857 1395 899 instrumentalium
1435 858 1690 901 adminiculo

129 928 184 969 sit
221 928 465 979 instructus,
509 942 639 979 quum
676 927 790 968 Deus
828 942 905 980 per
942 927 1183 981 Prophetas
1223 930 1266 970 et
1302 928 1536 981 Apostolos
1580 945 1690 982 suos,

126 1001 274 1053 lingua
324 1000 436 1041 inter
488 999 682 1041 homines
734 999 906 1051 usitata,
951 1002 994 1040 et
1034 999 1237 1052 loquendi
1278 1000 1416 1041 modis
1460 1016 1509 1042 ex
1552 1002 1689 1043 medio

127 1072 322 1124 sumptis,
362 1071 597 1125 plurimum
637 1072 692 1113 sit
732 1072 914 1124 locutus,
955 1073 1084 1114 etiam
1123 1088 1218 1114 cum
1258 1072 1307 1113 de
1336 1072 1461 1115 rebus
1492 1074 1583 1126 agit
1611 1074 1690 1115 hu—

125 1158 299 1185 manum
335 1143 598 1185 intellectum
636 1143 763 1196 longe
793 1143 1103 1185 excedentibus.
1133 1143 1257 1186 Unde
1289 1159 1457 1198 quoque
1485 1145 1687 1197 videmus,

126 1215 334 1268 quosdam
372 1214 554 1268 gentiles
592 1214 882 1268 Philosophos
920 1216 964 1256 in
994 1230 1092 1257 suos
1120 1230 1221 1257 usus
1250 1217 1453 1266 nonnulla
1484 1232 1534 1258 ex
1561 1216 1690 1259 Sacra

125 1286 348 1340 Scriptura
390 1301 480 1328 esse
519 1288 760 1337 mutuatos3
803 1286 909 1327 alios
951 1300 1052 1327 vero
1094 1287 1139 1327 in
1177 1287 1348 1340 scriptis
1388 1288 1474 1329 51115
1514 1291 1689 1330 00116105

126 1357 256 1400 fuisse
281 1373 325 1400 se
348 1358 401 1400 115
427 1373 655 1412 opponere,
683 1357 797 1410 quod
817 1358 869 1399 ab
891 1358 943 1399 iis
964 1357 1055 1399 fieri
1074 1358 1347 1411 nequivisset,
1368 1360 1451 1401 nisi
1465 1360 1690 1402 verborum

127 1430 382 1471 sententiam
422 1432 464 1471 et
493 1429 819 1482 grammaticum
849 1443 1018 1471 5611511111
1046 1430 1230 1472 1161111611
1260 1431 1413 1473 56116111
1437 1431 1564 1474 modo
1593 1447 1690 1486 per-

126 1501 349 1555 cepissent.

177 1571 294 1615 VIII.
345 1571 565 1626 Negamus
607 1575 762 1625 tamen,
806 1573 1024 1615 hominem
1062 1574 1301 1616 naturalem
1340 1590 1412 1616 seu
1451 1575 1688 1628 animalem,

125 1644 366 1697 quicunque
395 1645 431 1686 is
461 1645 529 1697 sit,
555 1659 603 1686 eo
635 1659 719 1697 quo
745 1644 864 1686 decet
888 1645 1028 1697 modo,
1055 1645 1098 1686 id
1124 1648 1200 1697 est,
1226 1646 1440 1699 spirituali
1465 1647 1687 1699 evidentia,

123 1715 474 1770 promptitudine,
502 1715 717 1769 animique
743 1717 979 1758 reverentia
1005 1719 1046 1758 et
1071 1717 1364 1768 sanctimonia,
1391 1718 1524 1759 multo
1549 1719 1689 1760 minus

124 1790 239 1830 certa
278 1787 432 1829 mentis
463 1787 712 1842 πληροφορίᾳ
746 1790 788 1829 61
826 1802 1010 1840 655611511,
1054 1803 1102 1829 66
1137 1789 1505 1842 comprehendere,
1538 1790 1689 1843 dijudi-

124 1873 230 1912 care,
274 1861 348 1900 aut
389 1859 633 1901 salutariter
675 1859 758 1901 sibi
797 1860 1012 1913 applicare
1051 1875 1189 1913 posse,
1228 1861 1311 1902 nisi
1350 1860 1514 1914 Spiritu
1552 1861 1593 1904 S.
1634 1862 1689 1903 sit

121 1930 376 1972 illustratus.
407 1930 772 1980 Quemadmodum
802 1931 851 1972 de
882 1930 1145 1972 confessione
1176 1930 1293 1973 Petri
1323 1932 1516 1985 loquitur
1545 1932 1687 1975 Chris-

122 2004 205 2054 tus,
240 2001 395 2044 Matth.
427 2003 488 2054 16,
521 2003 582 2044 17.
614 2002 748 2044 Caro
781 2004 831 2044 et
861 2003 1090 2056 sanguis
1119 2002 1251 2045 haec
1280 2018 1383 2045 non
1413 2005 1689 2046 revelavit

122 2073 242 2127 tibi,
273 2073 365 2115 sed
394 2073 560 2116 Pater
587 2089 736 2116 meus
767 2075 858 2127 qui
888 2075 1052 2116 estin
1082 2075 1269 2116 coelis.
1299 2075 1358 2116 Et
1387 2076 1408 2116 1
1441 2075 1532 2117 Cor.
1564 2077 1598 2129 1,
1625 2078 1687 2118 23.

123 2143 512 2187 Praedicamus
539 2145 819 2188 Christum
845 2146 1188 2199 crucifixum,
1216 2145 1445 2188 ε1111111615
1470 2149 1688 2190 scanda-

121 2215 242 2269 lum,
274 2218 324 2257 61
354 2215 582 2259 Graecis
612 2218 938 2271 stultitiam,
970 2218 1040 2260 iis
1070 2233 1196 2260 vero
1227 2219 1316 2271 qui
1341 2220 1525 2261 vocati
1552 2222 1688 2272 sunt,

121 2287 484 2341 praedicamus
511 2287 810 2341 Christum,
840 2289 933 2342 qui
961 2292 1042 2331 est
1066 2290 1324 2343 potentia
1349 2293 1390 2331 et
1415 2291 1688 2344 sapientia

122 2357 233 2400 Dei.
264 2358 322 2401 Et
353 2360 374 2400 1
402 2358 593 2401 Corinth.
625 2360 754 2412 2,14.
784 2359 1080 2402 Naturalis
1114 2361 1270 2403 homo
1308 2375 1415 2402 non
1442 2362 1689 2415 percipit

123 2444 182 2472 ea
211 2445 349 2484 quae
378 2433 505 2472 sunt
533 2431 781 2485 Spiritus
808 2432 928 2485 Dei,
954 2447 1049 2474 nec
1076 2435 1269 2486 potest
1295 2448 1354 2474 ea
1378 2433 1686 2486 percipere,

123 2502 249 2555 quia
278 2503 676 2556 spiritualiter
705 2504 1105 2557 dijudicantur.

174 2572 248 2615 IX.
286 2573 525 2627 Praecipua
561 2589 661 2616 vero
701 2576 991 2617 controversia
1021 2578 1085 2617 est
1113 2576 1223 2617 inter
1252 2590 1331 2617 nos
1361 2577 1403 2618 et
1431 2575 1681 2619 Pontificios

122 2645 172 2687 de
208 2645 382 2687 homine
420 2660 497 2700 per
535 2645 744 2700 Spiritum
784 2646 956 2699 Christi,
987 2647 1152 2689 diversa
1179 2662 1376 2688 mensura
1407 2649 1448 2688 et
1475 2647 1519 2688 in
1549 2648 1685 2690 diver-

121 2732 191 2760 sos
228 2717 334 2760 fines
371 2718 611 2768 illustrato;
650 2721 692 2759 et
731 2718 930 2761 adversus
971 2718 1139 2760 eosdem
1179 2733 1274 2759 cum
1300 2718 1544 2772 Augustino
1574 2734 1686 2762 asse-

120 2789 266 2841 rimus,
309 2788 447 2832 Deum
487 2790 550 2831 ita
591 2792 898 2844 attemperasse
941 2791 1101 2845 stylum
1145 2793 1186 2832 et
1226 2790 1402 2844 phrasin
1441 2790 1687 2844 Scripturae

121 2859 313 2914 Sanctae,
367 2864 425 2904 ut
468 2876 826 2915 quaecunque
870 2862 1167 2904 continent
1207 2861 1374 2903 fidem
1416 2863 1469 2903 et
1509 2876 1686 2904 mores

118 2931 360 2985 vivendi,
427 2934 575 2987 spem
638 2932 866 2975 scilicet
919 2935 969 2974 et
1022 2932 1336 2988 caritatem,
1389 2935 1582 2985 aperte
1632 2933 1685 2973 in
