1931 3224
293 139 370 180 658
886 137 1128 180 DISPUTATIO
1158 137 1247 180 LII.

294 263 346 304 ad
384 277 501 304 suam
529 262 768 315 potentiam
796 261 1002 304 relatione
1032 265 1104 304 aut
1132 261 1405 313 habitudine3
1436 263 1564 314 atque
1590 260 1686 303 ideo
1716 276 1860 304 serva-

291 336 361 376 tor
383 335 528 375 noster
552 331 675 375 Matt.
703 333 763 383 11,
789 333 852 375 27.
878 333 950 386 ait,
971 348 1122 376 nemo
1147 333 1302 375 novit
1325 331 1528 374 Filium
1552 332 1660 374 nisi
1684 331 1862 386 Pater,

291 419 464 458 neque
501 404 717 446 Patrem
753 404 874 457 quis
910 406 1077 456 novit,
1115 405 1226 447 nisi
1266 403 1460 457 Filius,
1493 407 1544 446 et
1571 404 1656 446 cui
1684 403 1862 446 Filius

290 476 534 518 voluerit
572 476 844 527 revelare3
885 492 933 519 ac
971 477 1148 532 proinde
1188 475 1543 530 quemadmodum
1581 475 1626 516 in
1664 474 1745 517 hac
1771 475 1861 517 vita

291 562 367 590 sua
391 547 501 589 dona
527 547 765 602 spiritualia
790 547 954 589 diversa
978 562 1175 590 mensura
1200 547 1377 601 singulis
1404 547 1701 599 communicat,
1725 548 1857 601 prout

291 620 392 672 vult,
420 620 441 661 1
469 618 561 662 Cor.
587 620 649 672 12,
674 620 736 660 11.
761 619 823 661 ita
851 634 1021 672 quoque
1044 619 1089 660 in
1113 619 1202 661 vita
1228 618 1372 660 futura
1395 618 1686 671 unusquisque
1710 617 1859 660 beato-

290 707 385 734 rum
420 706 470 733 ex
500 691 575 732 illa
603 693 774 733 tantum
803 691 1024 745 percipiet,
1057 693 1264 744 quantum
1292 690 1375 733 Dei
1404 690 1620 744 gratiosae
1648 688 1860 731 voluntati

289 778 338 805 ac
379 760 651 816 beneplacito
692 763 830 805 visum
866 763 1007 814 fuerit,
1039 766 1080 805 et
1109 778 1255 805 eorum
1282 763 1430 818 plenae
1457 761 1712 804 beatitudini
1735 761 1860 803 suffe-

288 834 412 884 cerit,
441 834 572 876 mise
595 837 746 877 retur
776 835 914 877 enim
944 835 1096 888 cujus
1124 835 1417 876 miseretur
1447 836 1498 876 et
1523 833 1860 875 commisera-

291 909 388 948 tur
419 921 572 959 quem
597 906 1014 949 commiseratus
1043 907 1228 959 1110111,
1258 906 1481 959 Exod.33‚
1512 906 1575 947 19.

344 977 458 1020 XXI.
502 978 570 1019 An
612 993 711 1020 vero
756 993 834 1032 pro
878 978 1006 1021 modo
1052 977 1447 1021 communicationis
1487 977 1692 1019 essentiae
1730 976 1858 1019 etiam

293 1050 532 1092 necessario
562 1064 610 1091 ac
637 1050 891 1092 naturaliter
923 1051 1256 1093 communicetur
1280 1049 1430 1092 modus
1454 1048 1629 1091 visionis
1654 1063 1858 1102 persona-

290 1137 395 1175 rum,
447 1122 765 1176 attributorum,
820 1124 949 1176 atque
1001 1137 1180 1176 operum
1232 1122 1484 1175 divinorum,
1537 1120 1751 1163 difficilior
1795 1122 1858 1162 est

293 1194 500 1247 quaestio.

342 1265 479 1308 XXII.
510 1265 764 1309 Scholastici
795 1265 1075 1308 communiter
1104 1269 1298 1308 statuunt
1325 1266 1398 1308 illa
1426 1265 1581 1318 omnia,
1616 1279 1724 1318 quae
1757 1266 1855 1306 sunt

290 1337 500 1379 naturalia
528 1337 572 1378 in
601 1336 707 1389 Deo,
737 1340 811 1379 aut
839 1338 1090 1380 necessitate
1117 1341 1294 1380 naturae
1320 1338 1372 1379 ab
1400 1337 1582 1380 essentia
1605 1337 1756 1388 fluunt,
1771 1351 1856 1378 una

293 1424 388 1451 cuin
428 1409 611 1451 essentia
647 1410 885 1452 necessario
924 1410 1239 1462 communicari,
1269 1424 1317 1452 ac
1346 1408 1525 1463 proinde
1554 1422 1648 1450 cum
1678 1407 1857 1450 essentia

297 1481 426 1523 etiam
463 1480 660 1522 intuitive
693 1481 826 1522 videri
856 1481 1063 1523 attributa
1092 1481 1234 1523 omnia
1263 1479 1507 1523 essentialia
1534 1478 1635 1530 Deig
1666 1478 1765 1531 quia
1793 1492 1856 1520 es-

293 1552 428 1595 sentia
457 1552 539 1594 Dei
568 1554 631 1594 est
659 1552 984 1606 simplicissima,
1012 1555 1054 1595 et
1083 1567 1107 1594 a
1135 1552 1221 1595 suis
1247 1551 1466 1594 attributis
1496 1551 1635 1604 reipsa
1662 1565 1748 1592 non
1775 1549 1856 1591 dil-

289 1624 392 1677 fert3
431 1625 546 1667 beati
585 1626 727 1666 autem
764 1624 903 1667 Deum
939 1625 1086 1667 vident
1123 1624 1248 1667 sicuti
1288 1626 1363 1677 est,
1401 1639 1450 1666 30
1486 1622 1665 1677 proinde
1696 1624 1737 1664 et
1767 1623 1856 1676 ejus

289 1697 519 1747 attributa;
549 1698 677 1749 atque
706 1696 801 1738 ideo
832 1711 882 1738 ex
909 1697 998 1749 ejus
1021 1696 1183 1738 visione
1207 1695 1250 1737 in
1275 1694 1601 1738 admirationem
1624 1692 1854 1736 attributo-

288 1782 383 1810 rum
412 1769 502 1821 ejus
531 1769 689 1823 passim
719 1771 959 1823 erumpunt,
988 1771 1037 1811 ut
1066 1769 1208 1811 videre
1238 1771 1301 1810 est
1330 1767 1428 1810 Esa.
1458 1767 1496 1809 6.
1524 1766 1661 1820 Apoc.
1686 1766 1725 1808 4.
1750 1767 1792 1808 et
1816 1765 1854 1808 6.

289 1840 481 1882 Eandem
510 1855 678 1894 quoque
709 1856 797 1883 esse
826 1841 1037 1883 rationem
1065 1855 1357 1895 personarum,
1381 1841 1495 1882 recte
1520 1840 1726 1890 statuunt,
1754 1838 1854 1891 quia

291 1911 369 1953 etsi
397 1926 580 1965 persona
608 1928 633 1954 a
663 1928 847 1966 persona
875 1912 1045 1954 realiter
1073 1911 1226 1964 differt,
1255 1925 1438 1965 persona
1464 1913 1605 1952 tamen
1635 1910 1689 1951 ab
1719 1924 1855 1951 essen-

288 1984 350 2025 tia
386 1983 558 2025 realiter
595 1998 682 2026 non
711 1984 872 2034 differt;
904 1986 946 2026 et
975 1983 1099 2025 sicuti
1126 1997 1309 2037 persona
1336 1981 1478 2024 Patris
1507 1982 1551 2022 in
1581 1981 1762 2023 essentia
1793 1980 1856 2022 di-

290 2055 401 2107 vina,
430 2070 505 2109 per
536 2070 579 2097 se
609 2057 651 2097 et
679 2055 917 2098 necessario
948 2055 1153 2107 subsistit,
1184 2054 1245 2097 ita
1275 2068 1443 2108 quoque
1471 2066 1654 2106 persona
1680 2051 1780 2093 Filii
1811 2053 1854 2093 et

291 2126 477 2180 Spiritus
517 2125 663 2169 Sancti
701 2126 884 2169 naturali
924 2125 1177 2169 necessitate
1209 2126 1254 2167 in
1285 2141 1333 2168 ea
1362 2124 1665 2179 producuntur.
1697 2122 1854 2172 Quam-

291 2198 436 2240 obrem
465 2213 595 2251 quum
624 2198 740 2240 beati
770 2198 942 2240 videant
972 2197 1111 2240 Deum
1140 2197 1266 2239 sicuti
1296 2199 1373 2249 est,
1404 2198 1446 2238 et
1473 2196 1517 2237 in
1542 2195 1623 2238 hac
1645 2195 1735 2237 vita
1761 2209 1855 2237 cum

291 2270 486 2312 omnibus
514 2269 652 2311 tribus
679 2269 874 2322 personis
904 2269 1245 2311 communionem
1268 2268 1455 2310 habeant
1478 2267 1634 2319 fideles,
1662 2266 1854 2320 sequitur

289 2341 541 2393 necessario,
571 2341 615 2382 in
644 2341 771 2383 coelis
803 2341 978 2384 eandem
1008 2341 1348 2384 communionem
1375 2355 1461 2382 non
1490 2338 1757 2392 interrumpi,
1781 2337 1853 2380 sed
1916 2377 1920 2382 .

290 2414 448 2469 perfici.
487 2413 611 2456 Unde
649 2415 691 2455 et
727 2412 918 2455 Christus
956 2413 1056 2455 Joh.
1097 2413 1159 2463 14,
1198 2414 1236 2455 9.
1274 2412 1425 2466 inquit,
1464 2411 1564 2461 Qui
1590 2425 1666 2452 me
1692 2409 1854 2462 videt,
1916 2466 1917 2470 Ἰ

290 2485 438 2527 videt
466 2484 694 2537 Patrem,
725 2488 768 2527 et
798 2500 888 2539 cap.
919 2486 981 2537 16,
1008 2485 1070 2528 15.
1097 2485 1238 2535 Quae
1260 2498 1467 2537 cunque
1489 2482 1655 2525 Pater
1677 2480 1854 2533 habet,

290 2571 332 2598 m
344 2571 365 2598 e
377 2571 401 2598 a
441 2571 459 2598 s
470 2570 498 2597 u
509 2571 537 2597 n
550 2558 581 2598 t.

342 2626 498 2669 XXIII.
538 2627 680 2680 Aliam
719 2642 818 2670 vero
861 2643 950 2670 esse
988 2629 1200 2671 rationem
1234 2628 1474 2670 divinorum
1488 2650 1490 2654 ·
1505 2626 1783 2678 decretorum,
1813 2626 1854 2667 et

291 2713 437 2741 eorum
465 2714 643 2753 operum
672 2714 780 2752 quae
810 2714 834 2741 a
862 2699 1008 2742 liberis
1036 2699 1117 2742 Dei
1148 2699 1326 2742 decretis
1355 2699 1561 2755 pendent3
1591 2697 1733 2751 qualia
1756 2698 1854 2738 sunt

291 2771 434 2812 onmia
464 2786 595 2824 opera
623 2771 765 2813 divina
795 2786 903 2825 quae
933 2771 985 2814 ad
1016 2774 1135 2815 extra
1162 2774 1382 2824 vocantur,
1406 2771 1512 2813 haec
1537 2769 1636 2823 quia
1660 2767 1854 2810 absoluta

291 2843 544 2885 necessitate
581 2842 625 2885 in
663 2842 754 2885 Deo
793 2858 880 2886 non
904 2846 1015 2896 sunt,
1045 2859 1182 2897 neque
1211 2843 1408 2886 absoluta
1436 2841 1688 2885 necessitate
1720 2838 1773 2881 ab
1803 2853 1852 2882 eo
1901 2854 1911 2882 .·

291 2914 597 2966 producuntur,
637 2914 709 2956 sed
748 2914 976 2956 secundum
1013 2914 1258 2957 libertatem
1292 2915 1394 2968 ejus,
1427 2913 1523 2955 ideo
1551 2925 1629 2954 nec
1657 2910 1852 2952 absoluta

292 2986 542 3028 necessitate
577 2986 622 3028 111
660 2985 751 3028 Deo
789 2987 879 3028 viso
905 2986 1114 3038 videntur,
1144 2987 1216 3029 sed
1244 2988 1451 3040 quantum
1480 2983 1595 3026 Deus
1623 2982 1851 3034 unicuique
