1931 3224
251 138 327 179 106
857 132 1098 175 Dlsru'rA‘mo
1126 131 1220 173 XII.

249 261 292 302 111
323 259 480 313 judicia
517 259 737 301 hominum
774 257 971 311 practica,
1006 259 1078 297 aut
1106 256 1150 297 in
1179 257 1369 310 ipsorum
1397 258 1673 310 voluntatem,
1704 261 1803 313 quia

249 332 467 384 Scriptura
505 331 547 372 id
583 331 707 372 Prov.
746 331 807 381 21,
849 330 882 370 1.
924 331 964 370 01
993 328 1095 369 alibi
1123 328 1204 370 soli
1232 328 1324 370 Deo
1354 329 1537 371 ascribit.
1567 329 1802 383 Imperium

250 418 362 457 ergo,
403 403 515 456 quod
552 402 678 444 Sacra
716 401 935 454 Scriptura
971 400 1015 441 in
1050 400 1242 441 homines
1281 400 1436 453 impios
1471 401 1594 442 malis
1624 402 1801 456 Angelis

248 474 431 525 ascribit,
470 474 628 515 morale
665 475 831 514 tantum
870 474 943 523 est,
980 473 1022 512 01
1050 474 1194 512 10111011
1224 486 1273 512 ex
1299 472 1416 523 justo
1447 471 1528 513 Dei
1552 473 1710 525 judicio
1740 474 1801 516 ita

248 545 407 596 efficax,
449 547 496 585 ut
539 559 608 586 eos
650 545 869 595 tamquam
912 541 1125 594 mancipia
1168 556 1420 594 quocunque
1456 543 1618 596 volunt,
1657 548 1799 598 agant.

246 615 358 657 Nam
409 630 503 656 cum
541 631 565 656 a
602 615 692 656 Deo
731 614 991 665 deseruntur,
1031 615 1104 654 aut
1143 611 1329 654 efficacia
1370 613 1524 655 erroris
1562 615 1615 656 ab
1654 617 1800 659 eodem

246 687 500 737 immittitur,
543 686 594 727 ad
635 684 985 738 ingratitudinem
1028 687 1100 726 aut
1133 685 1445 727 contumaciam
1482 687 1800 730 antecedentem

245 758 510 810 puniendam,
540 757 673 798 instar
702 757 908 810 pecudum
934 756 1154 798 affectibus
1179 756 1330 809 abripi,
1358 759 1399 798 et
1421 757 1557 799 instar
1581 773 1801 801 caecorum

246 829 371 870 etiam
400 829 443 870 in
470 828 704 870 manifestis
734 843 872 869 errare
901 828 1051 878 solent,
1082 827 1206 869 sicuti
1234 827 1375 870 videre
1402 828 1503 870 licet
1526 828 1649 872 Rom.
1676 831 1710 883 1,
1735 832 1798 873 28.

244 899 353 953 Eph.
385 901 418 952 1,
448 902 484 941 2.
513 901 537 941 2
567 900 659 942 Cor.
687 901 725 952 4,
753 901 791 942 4.
820 902 844 941 2
876 900 1021 942 Thess.
1051 901 1087 951 2,
1120 900 1182 941 11.
1213 902 1290 941 010.

295 969 464 1012 XLVII.
501 970 661 1013 Idcirco
696 971 776 1026 piis
806 971 1029 1025 diligenter
1058 971 1321 1025 vigilandum
1351 975 1414 1014 est
1445 976 1486 1014 et
1515 974 1720 1016 orandum
1747 991 1799 1018 ne

242 1057 428 1095 unquam
470 1043 514 1084 in
555 1043 835 1084 tentationem
877 1043 1094 1095 ducantur,
1135 1043 1207 1084 sed
1244 1058 1269 1084 a
1295 1043 1408 1085 malo
1438 1043 1511 1086 illo
1541 1044 1797 1096 liberentur3

242 1129 406 1167 semper
431 1129 599 1167 quoque
625 1115 728 1156 certi
754 1129 842 1157 esse
862 1115 1027 1166 debent,
1048 1129 1125 1156 1100
1143 1114 1332 1169 Angelos
1351 1115 1487 1157 bonos
1507 1131 1586 1170 pro
1607 1116 1659 1158 iis
1681 1117 1798 1170 quic-

243 1200 381 1238 quam,
405 1186 487 1227 nisi
510 1201 559 1227 ex
584 1185 663 1228 Dei
687 1187 885 1239 imperio,
909 1200 986 1227 nec
1010 1186 1199 1240 Angelos
1216 1187 1364 1239 malos,
1379 1187 1462 1228 nisi
1478 1202 1529 1229 ex
1545 1187 1626 1230 Dei
1637 1189 1797 1241 Judicio

242 1260 284 1299 et
309 1255 585 1309 concessione,
611 1258 807 1299 adversus
832 1272 901 1299 eos
926 1272 1061 1310 posse.
1085 1257 1178 1299 Imo
1202 1273 1303 1300 vero
1327 1260 1369 1300 et
1393 1261 1638 1301 sanctorum
1653 1259 1799 1314 Ange-

242 1329 378 1370 lorum
401 1329 641 1382 praesentia
666 1345 741 1383 per
767 1344 837 1371 eos
864 1344 1031 1382 quoque
1056 1345 1080 1371 a
1104 1329 1194 1371 Deo
1210 1330 1421 1383 postulari
1435 1333 1599 1384 potest;
1617 1346 1798 1384 quorum

242 1401 435 1453 potentia
464 1404 505 1442 et
532 1401 688 1442 auxilio
721 1401 902 1443 Satanae
933 1402 995 1443 vis
1026 1404 1067 1443 et
1098 1402 1284 1444 efficacia
1311 1402 1522 1456 impediri,
1552 1405 1594 1444 et
1618 1402 1797 1446 Satanas

241 1471 330 1524 ipse
359 1472 483 1526 ligari
511 1473 554 1514 in
583 1472 814 1526 Scripturis
844 1474 1056 1525 asseritur,
1086 1475 1220 1528 Apoc.
1252 1475 1314 1527 12,
1345 1475 1380 1517 8.
1410 1475 1513 1517 item
1544 1477 1607 1517 20.
1640 1479 1716 1518 etc.

292 1542 483 1585 XLVIII.
534 1543 817 1586 Consideratis
867 1545 1133 1599 Angelorum
1176 1547 1471 1589 essentialibus
1512 1547 1829 1600 facultatibus„

238 1616 397 1656 restant
439 1615 687 1668 explicanda
729 1617 931 1658 nonnulla
972 1618 1185 1671 adjuncta,
1224 1634 1332 1671 quae
1360 1619 1546 1661 breviter
1574 1619 1798 1661 annotabi—

237 1701 342 1737 mus,
372 1701 523 1740 nempe
550 1702 759 1740 numerus,
791 1690 945 1740 motus,
974 1689 1108 1741 locus,
1139 1690 1241 1731 ordo
1273 1693 1315 1732 et
1339 1690 1480 1732 officia
1508 1691 1712 1744 ipsorum.

289 1757 436 1799 XLIX.
478 1759 744 1812 Angelorum
786 1774 1009 1801 numerum
1051 1775 1141 1802 esse
1178 1761 1423 1813 maximum,
1462 1777 1513 1804 ex
1552 1761 1798 1815 Scripturae

236 1829 383 1870 multis
412 1829 514 1871 locis
538 1832 677 1883 patet,
706 1845 804 1872 nam
833 1831 987 1873 millies
1015 1834 1191 1874 centena
1218 1833 1365 1885 11111110,
1396 1835 1437 1874 01
1463 1833 1598 1875 decies
1622 1836 1798 1876 centena

236 1901 369 1942 millia
406 1900 487 1943 Dei
521 1901 673 1943 solium
702 1901 988 1954 circumstant,
1018 1902 1154 1956 Apoc.
1185 1904 1221 1956 5,
1253 1905 1327 1957 11.,
1360 1907 1401 1946 01
1429 1904 1597 1957 integra
1627 1905 1796 1947 daemo-

235 1986 336 2011 num
373 1972 484 2024 legio
513 1988 642 2014 unum
671 1973 889 2016 hominem
919 1974 1155 2028 occupavit,
1186 1974 1285 2016 Luc.
1315 1975 1352 2027 8,
1383 1976 1446 2024 30.
1476 1975 1619 2018 Motus
1651 1992 1796 2018 eorum

237 2042 474 2085 celerrimus
531 2047 594 2086 est
650 2048 691 2087 et
730 2046 862 2088 instar
898 2046 1092 2100 fulguris,
1131 2045 1229 2087 Luc.
1268 2047 1331 2098 10,
1372 2047 1434 2088 18.
1472 2047 1583 2089 unde
1621 2051 1662 2090 01
1701 2063 1795 2091 011111

236 2114 372 2156 ventis
402 2118 442 2156 et
470 2115 560 2169 igni
589 2120 903 2170 comparantur,
933 2118 1002 2159 Ps.
1034 2119 1123 2160 104.
1152 2118 1287 2160 Locus
1316 2133 1413 2160 vero
1445 2133 1592 2160 eorum
1621 2134 1708 2161 non
1733 2121 1795 2161 est

235 2185 403 2236 quidem
444 2186 577 2227 instar
615 2202 842 2241 corporum
880 2189 1278 2243 circumscriptiVUS,
1317 2190 1390 2231 sed
1428 2190 1680 2242 definitivus,
1721 2190 1794 2244 qui

233 2270 318 2296 non
348 2259 410 2298 est
438 2260 604 2299 tantum
634 2259 893 2312 operationis
924 2261 995 2302 sed
1024 2264 1065 2303 et
1094 2261 1301 2303 essentiae
1329 2261 1522 2314 ipsorum
1551 2262 1603 2303 ad
1632 2264 1794 2304 certum

234 2325 322 2367 ubi
350 2327 593 2380 applicatio.

286 2396 328 2438 L.
370 2397 569 2440 Ordinem
608 2400 791 2453 aliquem
832 2417 920 2444 esse
957 2403 1067 2446 inter
1104 2403 1305 2458 Angelos,
1336 2419 1423 2446 non
1452 2404 1695 2446 diffitemur.
1725 2404 1790 2446 De

232 2467 408 2522 Angelis
445 2471 565 2512 malis
601 2487 666 2513 res
705 2473 816 2515 clara
845 2477 907 2516 est
936 2490 986 2516 ex
1015 2475 1117 2518 Mat.
1147 2476 1211 2529 25,
1240 2477 1304 2517 41.
1336 2478 1377 2518 01
1405 2476 1541 2530 Apoc.
1573 2477 1635 2527 12,
1662 2476 1697 2518 7.
1726 2475 1791 2518 De

231 2540 353 2582 bonis
381 2557 479 2584 vero
509 2543 685 2598 Angelis
716 2561 765 2587 ex
795 2548 1009 2589 nonnullis
1039 2548 1368 2590 circumstantiis
1398 2548 1510 2590 idem
1539 2548 1683 2601 colligi
1711 2562 1788 2600 po-

231 2613 325 2663 test,
365 2613 443 2654 etsi
481 2616 677 2667 quisille
707 2618 774 2670 sit,
803 2633 826 2659 a
855 2618 1062 2673 Dionysio
1092 2620 1243 2662 Pseud.
1274 2620 1550 2675 Areopagita,
1581 2622 1708 2673 atque
1738 2635 1788 2662 ex

232 2682 304 2723 illo
334 2698 358 2724 a
386 2684 657 2729 Scholasticis
684 2691 842 2731 temere
872 2690 926 2731 sit
955 2691 1185 2733 definitum.

285 2753 350 2796 LI.
382 2755 530 2799 Officia
558 2760 748 2813 ipsorum
777 2762 936 2815 passim
965 2763 1088 2805 nobis
1116 2764 1160 2805 in
1190 2764 1320 2806 sacris
1349 2764 1483 2806 literis
1509 2764 1785 2818 explicantur.

232 2823 311 2865 Dei
336 2826 446 2868 enim
469 2829 574 2871 solio
600 2845 764 2885 semper
787 2833 1001 2885 assistunt,
1029 2849 1123 2877 eum
1149 2838 1190 2877 et
1211 2835 1426 2878 Christum
1446 2837 1535 2888 ejus
1557 2835 1784 2889 celebrant,

232 2897 359 2949 atque
400 2898 452 2939 ab
496 2901 642 2942 eodem
683 2904 882 2946 mandata
924 2905 1150 2959 accipiunt,
1186 2909 1279 2948 tum
1318 2907 1371 2948 ad
1409 2921 1479 2949 eos
1510 2907 1582 2959 qui
1610 2907 1786 2949 heredes

231 2967 376 3010 salutis
416 2973 550 3022 erunt,
588 2972 807 3026 docendos,
848 2975 1136 3029 consolandos,
1167 2978 1461 3030 defendendos,
1489 2980 1581 3020 tum
1612 2979 1665 3021 ad
1694 2979 1784 3031 ejus
