1931 3224
553 154 617 196 DE
646 143 904 198 simmam
933 152 1140 195 BAPT1SM1.
1552 148 1632 190 499

0 323 7 337 ζ
68 281 252 336 guinem,
294 280 369 333 qui
408 294 485 322 nos
528 282 687 334 purgat
731 280 784 321 ab
823 278 1018 321 omnibus
1057 275 1243 331 peccatis
1272 273 1443 324 nostris,
1473 273 1494 313 1
1526 271 1625 314 Joh.

0 381 6 383 Δ
69 353 105 404 1,
145 353 181 394 7.
220 352 337 405 cujus
377 351 595 404 sanguinis
625 352 936 392 sacramentum
966 350 1028 391 est
1056 362 1142 389 non
1167 346 1319 388 fictitia
1346 345 1419 386 illa
1449 342 1630 385 Pontifi-

69 423 230 465 ciorum
258 421 536 475 poenitentia,
566 422 640 463 sed
668 420 928 474 Baptismus,
959 422 1006 461 ut
1037 421 1162 460 antea
1191 417 1528 459 demonstratum
1557 416 1632 456 est.

121 493 230 536 XLI.
267 493 489 535 Absolutis
523 494 613 546 jam
650 493 713 545 iis,
753 508 860 545 quae
899 492 948 533 de
978 491 1105 543 hujus
1136 488 1399 532 Sacramenti
1428 486 1563 529 causis
1592 488 1634 527 et

3 567 13 603 ἶ
70 565 229 608 effectis
264 565 449 606 breviter
488 564 662 606 dicenda
700 567 832 616 erant,
870 565 1016 614 restat,
1047 564 1095 603 ut
1125 561 1177 602 ad
1208 562 1297 614 ejus
1328 559 1422 601 sub
1431 560 1634 612 jectum

71 639 112 679 et
141 636 402 689 adjuncta
433 635 598 688 aliquot
628 635 876 688 exponenda
906 633 1162 675 accedamus.

121 706 249 749 XLII.
290 706 604 759 SubJ'ectum
631 707 908 760 recipiens
936 704 1149 758 Baptismi
1179 718 1267 745 esse
1295 701 1526 753 hominem,
1556 715 1632 754 pa-

69 781 132 821 tet
170 793 221 820 ex
249 777 514 830 praescripto
545 776 714 829 Christi,
745 777 867 818 Matt.
910 777 973 827 28,
1003 776 1067 817 19.
1096 774 1205 825 Ite,
1236 774 1425 815 docete
1455 787 1633 814 omnes

70 852 282 903 gentes,
321 849 678 902 baptizantes
716 863 825 899 eos,
865 850 942 889 etc.
971 846 1080 888 unde
1111 847 1152 887 et
1180 844 1395 886 Pontificii
1425 844 1635 885 doctiores

71 936 372 976 campanarum
401 921 663 973 baptismum
691 920 835 973 potius
863 933 1061 961 excusare
1087 932 1214 970 quam
1237 916 1460 958 defendere
1486 915 1636 966 solent,

71 1007 196 1045 quem
223 1007 301 1034 nos
329 995 473 1034 tamen
497 991 710 1045 Baptismi
736 990 968 1032 Christiani
992 1004 1154 1032 meram
1175 988 1519 1042 profanationem
1547 1001 1635 1028 esse

71 1063 309 1105 asserimus.

123 1135 274 1177 XLIII.
313 1135 521 1176 Homines
559 1136 702 1175 autem
735 1148 830 1175 cum
858 1132 1048 1183 dicimus,
1078 1130 1358 1183 intelligimus
1389 1130 1521 1182 vivos,
1551 1144 1637 1171 non

71 1210 275 1259 mortuos,
313 1209 463 1249 contra
492 1206 803 1257 Cerinthianos,
835 1205 908 1258 qui
938 1205 1068 1246 etiam
1096 1203 1319 1244 defunctos
1346 1201 1637 1255 baptizabant,

72 1279 194 1320 abusi
231 1279 326 1320 loco
365 1278 580 1331 Apostoli,
611 1278 632 1318 1
664 1276 757 1318 Cor.
789 1277 850 1328 15,
882 1277 944 1317 29.
978 1275 1116 1324 Quid
1146 1288 1274 1326 ergo
1303 1272 1515 1314 faciunt
1546 1272 1638 1324 qui

71 1350 435 1404 baptizantur
465 1350 558 1401 ὑπὲρ
591 1352 665 1390 τῶν
696 1349 840 1400 νεκρῶν,
866 1362 962 1402 pro
988 1346 1249 1388 mortuis?
1275 1345 1346 1386 sed
1373 1344 1487 1386 aliud
1511 1345 1638 1397 longe

74 1424 149 1473 est,
192 1436 271 1475 pro
314 1421 494 1463 mortuis
536 1420 761 1473 baptizari,
803 1433 931 1471 quam
968 1420 1161 1459 mortuos
1193 1416 1430 1470 baptizare:
1460 1417 1639 1470 possunt

74 1493 186 1535 enim
223 1493 304 1535 dici
341 1507 418 1546 pro
453 1491 633 1534 mortuis
662 1490 885 1544 baptizari,
916 1489 989 1542 qui
1020 1489 1066 1530 in
1097 1488 1234 1530 carnis
1263 1487 1638 1529 mortificationem

72 1564 360 1617 baptizantur,
404 1566 478 1605 aut
515 1563 644 1605 etiam
673 1562 717 1603 in
747 1577 839 1604 eam
868 1564 1041 1612 sortem,
1070 1562 1118 1601 ut
1149 1558 1394 1613 opprobriis
1426 1560 1467 1599 et
1496 1572 1638 1611 perse-

75 1634 317 1677 cutionibus
354 1635 481 1688 hujus
517 1634 665 1676 mundi
704 1632 897 1685 subjecti,
937 1633 1123 1685 νέκρωσιν,
1165 1630 1208 1671 id
1239 1632 1313 1680 est,
1344 1628 1637 1670 mortificatio-

73 1720 170 1746 nem
221 1705 396 1747 Domini
444 1705 548 1747 Jesu
588 1706 633 1746 in
676 1719 853 1758 corpore
895 1703 1205 1753 circumferant,
1249 1701 1357 1742 sicut
1400 1700 1637 1753 Apostolus

73 1775 264 1829 loquitur
292 1778 316 1817 2
342 1775 435 1818 Cor.
464 1777 502 1828 4,
534 1778 595 1836 19.

126 1846 275 1889 XLIV.
304 1846 395 1890 Nec
423 1850 567 1889 tamen
595 1861 740 1889 omnes
769 1847 963 1888 homines
990 1846 1036 1887 in
1063 1845 1220 1887 mundo
1250 1844 1442 1886 viventes
1470 1843 1634 1897 baptis-

31 1971 38 1978 ,
74 1920 133 1960 1111
171 1934 345 1973 capaces
382 1922 493 1969 sunt,
531 1920 601 1961 sed
640 1919 704 1960 illi
740 1921 922 1969 tantum,
963 1919 1037 1970 qui
1072 1932 1150 1971 pro
1179 1915 1422 1967 foederatis,
1455 1918 1496 1957 et
1525 1913 1639 1956 Novi

75 1990 339 2033 Testamenti
365 1991 619 2032 haeredibus
648 1990 796 2032 haberi
824 2006 848 2031 a
876 1990 998 2032 nobis
1024 1991 1216 2042 possunt,
1243 1989 1361 2040 cujus
1384 1987 1467 2028 hoc
1491 1986 1640 2029 Sacra-

76 2065 267 2104 mentum
295 2063 484 2116 sigillum
513 2065 554 2104 et
582 2062 739 2115 pignus
771 2064 846 2104 est.

130 2133 258 2176 XLV.
297 2133 420 2175 Tales
459 2135 558 2175 sunt
596 2133 735 2186 primo
777 2148 920 2175 omnes
960 2135 1001 2174 et
1039 2132 1118 2173 soli
1158 2131 1303 2180 adulti,
1339 2131 1411 2184 qui
1441 2131 1567 2172 fidem
1596 2132 1641 2172 in

79 2203 296 2246 Christum
339 2207 380 2246 et
421 2204 759 2257 resipiscentiam
802 2219 946 2245 veram
987 2203 1254 2257 profitentur,
1299 2218 1349 2244 ex
1388 2217 1640 2255 quocunque

76 2277 250 2331 populo,
290 2276 544 2327 conditione,
584 2278 658 2317 aut
687 2291 809 2325 sexu,
842 2276 942 2328 quia
971 2275 1015 2316 in
1045 2274 1213 2316 Christo
1243 2290 1321 2316 nec
1350 2277 1412 2316 est
1441 2275 1639 2325 Judaeus,

76 2363 153 2389 nec
194 2347 389 2399 Graecus,
423 2362 500 2389 nec
528 2362 631 2398 mas,
660 2362 737 2389 nec
765 2347 938 2398 femina,
967 2361 1043 2388 nec
1074 2361 1230 2396 servus,
1261 2361 1338 2388 nec
1367 2346 1484 2396 liber,
1517 2345 1642 2387 sicuti

78 2434 130 2461 ex
167 2419 367 2460 mandato
407 2418 565 2460 Christi
603 2418 726 2460 Matt.
757 2419 820 2469 28,
853 2420 913 2460 19.
944 2419 1091 2470 liquet,
1125 2417 1443 2469 Quicunque
1475 2417 1642 2458 credi-

79 2490 243 2541 derit,
276 2493 326 2531 et
356 2490 679 2544 baptizatus
707 2490 895 2542 fuerit,
926 2489 1258 2531 servabitur.
1288 2488 1506 2530 ItemAct.
1524 2488 1561 2538 2,
1579 2487 1640 2529 28.

11 2579 16 2584 ·
78 2560 444 2615 Resipiscite,
486 2564 535 2603 et
571 2561 952 2614 unusquisque
980 2562 1290 2603 vestrorum
1317 2558 1643 2612 baptizetur

77 2631 132 2673 111
160 2633 374 2674 nomine
402 2632 532 2674 Jesu
561 2631 795 2682 Christi,
827 2634 903 2673 etc.

132 2701 284 2745 XLVI.
325 2702 370 2745 Si
400 2703 494 2756 quis
522 2718 635 2753 vero,
665 2703 765 2744 licet
793 2702 919 2744 fidem
948 2701 1176 2755 professus,
1206 2701 1336 2755 impie
1368 2701 1497 2752 vivat,
1527 2700 1642 2754 Bap-

79 2773 206 2816 tismo
245 2774 477 2816 initiandus
514 2789 601 2816 non
641 2776 723 2824 est;
767 2774 867 2826 quia
895 2773 1142 2827 Baptismus
1170 2789 1257 2815 non
1288 2775 1351 2815 est
1379 2775 1547 2814 tantum
1576 2787 1642 2814 sa-

81 2847 343 2886 cramentum
379 2845 490 2896 fidei,
519 2845 590 2886 sed
619 2845 749 2886 etiam
776 2845 1117 2898 resipiscentiae3
1147 2848 1195 2886 ut
1223 2859 1300 2886 nec
1328 2843 1413 2896 ille,
1446 2844 1517 2897 qui
1547 2859 1643 2886 cum

79 2914 178 2957 fidei
204 2916 249 2958 in
279 2916 495 2959 Christum
524 2919 566 2958 et
594 2916 884 2970 poenitentiae
914 2916 1178 2970 professione
1207 2931 1369 2958 errores
1399 2918 1471 2958 aut
1495 2915 1643 2958 haere-

82 2999 146 3027 ses
174 2990 325 3031 contra
351 2988 450 3030 fidei
477 3003 599 3030 verae
627 2988 948 3030 fundamentum
974 2988 1118 3030 fovere
1147 2991 1222 3030 aut
1249 2989 1360 3031 tueri
1388 2988 1512 3039 velit;
1544 2989 1644 3041 quia
