1931 3224
252 228 254 230 .
274 191 353 232 354
823 186 1067 227 DISPUTATIO
1094 179 1292 226 XXXIV.

271 315 406 368 ipsius
446 326 608 366 organa
643 312 728 365 ipsi
769 311 1007 362 offeramus,
1045 311 1092 350 ut
1135 309 1248 349 recte
1293 305 1533 348 observavit
1570 303 1837 357 Augustinus

273 386 399 428 Hom.
430 385 493 426 39.
526 383 576 425 de
601 382 820 438 Tempore.

324 456 410 498 XL.
449 455 594 497 Tertia
636 454 745 496 ratio
791 455 867 505 est,
911 451 1024 505 quod
1061 451 1209 493 nostra
1249 463 1378 503 opera
1415 448 1500 490 sint
1539 447 1693 499 debita,
1733 461 1840 500 quae

272 528 401 581 Deus,
437 529 486 569 111
521 540 745 580 supremus
784 527 913 577 atque
952 523 1100 564 unicus
1138 520 1346 572 dominus,
1386 519 1453 561 cui
1491 533 1570 561 nos
1607 519 1840 571 nostraque

273 599 415 642 omnia
453 597 664 650 debemus,
704 612 729 638 a
766 595 890 637 nobis
926 595 1022 648 jure
1061 592 1215 647 exigit3
1258 592 1294 634 si
1335 605 1465 645 opera
1494 592 1641 633 nostra
1670 589 1764 632 Deo
1792 591 1841 631 ut

272 671 445 713 domino
484 671 632 711 nostro
673 668 893 720 debentur,
934 667 987 708 iis
1026 680 1125 708 sane
1154 663 1263 706 nihil
1293 663 1407 716 apud
1435 653 1574 703 Deum
1602 660 1839 715 promereri

270 741 496 795 possimus,
527 743 655 793 atque
682 753 702 780 e
733 737 947 781 contrario
977 737 1013 779 si
1043 738 1141 778 sunt
1169 734 1400 785 meritoria,
1429 747 1516 775 non
1547 735 1646 774 sunt
1676 747 1726 774 ex
1747 732 1841 785 jure

272 811 448 853 dominii
498 811 582 864 ipsi
634 810 787 852 debita.
840 809 977 861 Atqui
1020 823 1069 850 03
1112 822 1162 849 ex
1202 808 1298 859 jure
1342 804 1520 847 dominii
1560 804 1652 846 Deo
1696 802 1840 845 deberi

272 882 464 924 Christus
502 882 583 924 1130
620 883 833 923 11101151131
871 879 1147 922 similitudine
1176 893 1200 919 a
1230 892 1350 919 servo
1381 877 1616 929 desumpta,
1648 874 1746 917 Luc.
1778 875 1840 927 17,

271 956 308 998 9,
347 955 409 996 10.
447 953 583 996 Num
612 952 876 995 Dominus
908 951 1146 1005 gratiam
1173 949 1341 991 habet
1370 961 1524 990 servo
1555 947 1646 1000 qui
1679 945 1841 998 fecit,

273 1041 407 1079 quae
445 1025 555 1078 ipsi
592 1025 899 1078 praecepta
936 1022 1188 1064 fuerant?
1217 1034 1321 1062 non
1349 1021 1496 1073 puto.
1529 1017 1615 1059 Ita
1645 1019 1695 1059 et
1723 1032 1841 1068 vos,

274 1113 385 1140 cum
433 1095 690 1139 feceritis
733 1095 935 1146 omnia,
981 1108 1117 1147 quae
1158 1093 1456 1146 praecepta
1498 1091 1621 1131 sunt
1662 1088 1839 1141 vobis,

274 1169 464 1221 dicite,
515 1167 661 1210 servi
702 1166 939 1209 inutiles
978 1178 1179 1217 sumus,
1216 1177 1335 1206 nam
1372 1161 1514 1215 quod
1551 1160 1841 1203 debuimus

271 1241 475 1292 facere,
504 1238 745 1281 fecimus.

324 1311 431 1353 XLI.
463 1310 624 1360 Quarta
648 1310 758 1352 ratio
786 1311 862 1362 est,
889 1309 1003 1362 quod
1025 1307 1186 1350 nostris
1208 1306 1407 1361 operibus
1422 1305 1531 1348 nihil
1546 1304 1732 1347 Domino
1748 1304 1840 1347 Deo

274 1384 521 1437 largiamur,
562 1382 677 1435 quod
714 1381 848 1435 ipsius
886 1380 1200 1433 benignitatem
1230 1379 1290 1420 sic
1316 1379 1573 1433 praevertat,
1603 1380 1652 1418 ut
1681 1377 1842 1430 aliquid

273 1455 357 1508 ipsi
397 1454 584 1506 accedat,
623 1453 742 1506 cujus
771 1451 977 1494 beneficio
1009 1466 1053 1493 50
1081 1451 1206 1492 nobis
1236 1449 1490 1491 obstrictum
1521 1451 1699 1491 censeat.
1726 1448 1841 1498 Quae

275 1526 386 1568 ratio
430 1540 454 1566 a
498 1524 668 1566 Christo
714 1538 806 1565 cum
851 1523 1046 1576 proxime
1087 1521 1365 1576 praecedente
1408 1521 1699 1574 conjungitur,
1741 1519 1840 1562 Luc.

274 1599 336 1650 17,
382 1597 444 1639 10.
489 1611 583 1638 011111
628 1596 689 1637 311
728 1609 806 1637 1105
850 1595 933 1636 hoc
975 1595 1173 1648 respectu
1212 1607 1300 1635 esse
1343 1592 1425 1634 Dei
1465 1607 1608 1634 servos
1645 1592 1840 1643 inutiles;

274 1670 504 1722 eademque
541 1668 665 1710 nobis
696 1667 749 1709 ob
781 1667 925 1709 oculos
955 1666 1143 1720 ponitur,
1173 1665 1271 1707 Job.
1301 1664 1366 1717 35,
1398 1665 1433 1705 7.
1464 1663 1520 1706 Si
1544 1664 1733 1717 justus
1764 1678 1839 1716 es,

274 1741 401 1794 quid
425 1740 515 1782 das
544 1739 686 1781 Deo‘?
717 1741 807 1780 aut
838 1738 969 1791 quid
1000 1752 1020 1779 e
1046 1752 1203 1778 manu
1231 1738 1325 1777 tua
1355 1735 1596 1789 accipit?
1620 1735 1690 1777 Et.
1714 1735 1778 1788 41,
1803 1736 1840 1777 2.

274 1813 402 1862 Quis
452 1810 745 1865 praevenit
795 1825 893 1861 me,
944 1810 1085 1862 inquit
1136 1807 1360 1860 Dominus,
1415 1809 1466 1849 et
1517 1806 1839 1860 rependam?

276 1883 549 1936 Quicquid
600 1882 790 1924 subest
841 1880 950 1922 toti
995 1880 1172 1932 coelo,
1218 1893 1387 1921 meum
1430 1879 1522 1919 est.
1565 1876 1675 1918 Item
1715 1876 1838 1918 Rom.

273 1956 336 2008 11,
365 1956 429 1997 35.
461 1954 590 2004 Quis
619 1953 772 2007 prior
801 1952 952 1994 dedit
980 1951 1048 2003 ei,
1074 1953 1125 1993 et
1149 1951 1412 1992 reddetur
1438 1949 1497 1991 ei.
1520 1947 1652 1991 Nam
1675 1962 1735 1990 ex
1760 1962 1838 2001 eo,

274 2029 324 2068 et
353 2041 446 2080 per
477 2041 612 2078 eum,
645 2028 694 2068 et
723 2026 777 2066 111
805 2025 983 2078 ipsum
1014 2026 1139 2065 sunt
1169 2023 1359 2065 omnia.

326 2096 458 2140 XLII.
500 2096 662 2146 Quibus
702 2096 799 2138 addi
829 2097 984 2150 potest,
1015 2094 1130 2148 quod
1158 2109 1244 2136 non
1272 2094 1412 2136 minus
1441 2107 1524 2135 vox
1553 2093 1659 2146 ipsa,
1688 2092 1840 2135 meri-

273 2172 401 2222 tum,
443 2184 569 2222 quam
608 2168 802 2211 doctrina
839 2166 1059 2208 meritoria
1094 2167 1149 2207 sit
1177 2181 1301 2218 nova,
1331 2180 1408 2207 nec
1438 2179 1626 2218 unquam
1655 2163 1708 2206 ab
1734 2163 1840 2218 ipsis

273 2241 355 2283 Dei
383 2240 710 2282 amanuensibus
742 2238 1020 2285 θεοπνεύστοις
1044 2240 1263 2291 usurpata.
1290 2236 1492 2287 Quamvis
1515 2235 1840 2278 Ecclesiasticus

271 2327 358 2355 non
400 2312 456 2354 sit
499 2327 549 2354 ex
591 2312 746 2354 horum
787 2325 976 2363 numero,
1023 2309 1204 2362 ideoque
1241 2324 1318 2351 nec
1357 2309 1472 2363 apud
1510 2322 1588 2350 nos
1626 2307 1747 2349 testis
1786 2305 1840 2347 sit

275 2383 528 2432 αὐτόπιστος,
562 2383 645 2425 hoc
668 2385 811 2424 tamen
836 2381 1116 2430 monebimus,
1142 2380 1255 2433 quod
1279 2395 1363 2422 vox
1389 2380 1442 2422 ab
1467 2379 1562 2433 ipso
1577 2378 1730 2432 posita,
1749 2391 1839 2431 cap.

275 2456 336 2497 16.
376 2470 413 2497 v.
454 2455 517 2497 14.
547 2454 762 2506 nimirum,
794 2452 908 2506 ἔργα,
940 2467 1070 2506 opera
1099 2452 1285 2503 denotet,
1312 2466 1398 2494 non
1428 2452 1571 2493 autem
1600 2449 1762 2501 merita,
1792 2450 1840 2489 ut

272 2527 444 2568 censent
467 2524 697 2577 Pontificii,
724 2524 796 2578 qui
821 2538 999 2578 pravam
1022 2522 1164 2564 Latini
1189 2523 1438 2576 interpretis
1462 2521 1700 2563 versionem
1719 2519 1839 2572 sequi

271 2597 446 2647 malunt,
494 2612 621 2650 quam
661 2597 891 2650 genuinam
929 2598 1073 2637 textus
1113 2594 1335 2648 originalis
1374 2592 1775 2647 interpretationem
1814 2605 1839 2632 a

271 2669 396 2711 nobis
438 2670 721 2710 monstratam
764 2667 976 2721 amplecti,
1017 2666 1144 2708 sicuti
1183 2680 1233 2708 ex
1272 2665 1368 2707 loco
1407 2679 1577 2718 quoque
1615 2664 1668 2705 ad
1706 2662 1837 2704 Hebr.

274 2741 335 2792 13,
358 2740 420 2781 16.
446 2742 638 2793 apparet,
667 2755 717 2781 ex
743 2754 827 2792 quo
850 2741 898 2780 ut
922 2738 1123 2780 meritum
1149 2752 1270 2779 51111111
1294 2738 1344 2779 (10
1368 2737 1579 2790 condigno
1607 2736 1837 2786 exstruant,

272 2811 449 2853 verbum
490 2813 774 2864 εὐκρεστεῖτοιι,
818 2810 983 2851 malunt
1026 2824 1239 2863 exponere
1283 2824 1378 2851 cum
1421 2810 1563 2850 vetere
1604 2807 1838 2860 interprete

274 2897 350 2935 per
374 2882 549 2924 verbum
577 2885 944 2936 promeretur,
971 2897 1098 2935 quam
1122 2881 1345 2923 nobiscum
1366 2894 1442 2933 per
1466 2879 1643 2921 verbum
1669 2878 1838 2919 delec-

274 2953 405 3005 tari,
434 2954 606 2995 tametsi
635 2953 719 2996 1100
747 2954 904 3007 potius,
935 2968 1062 3006 quam
1090 2953 1178 3004 illo,
1213 2951 1410 3006 Apostoli
1433 2952 1620 2992 mentem
1645 2948 1838 3002 exprimi,

273 3039 396 3065 nemo
436 3023 619 3066 Graecae
656 3025 829 3078 linguae
859 3025 1035 3078 peritus,
1066 3024 1276 3076 simulque
1306 3022 1574 3064 orthodoxus
1604 3019 1837 3076 negaverit.
