1931 3224
1010 183 1030 209 X

246 314 354 363 runt,
394 311 465 352 sed
502 311 671 352 veritati
708 311 941 362 subnixam,
981 324 1064 361 seu,
1104 312 1151 350 ut
1185 308 1265 350 dici
1294 308 1415 361 solet,
1444 323 1577 361 usque
1607 309 1660 350 ad
1689 323 1795 361 aras,

245 400 309 442 vel
348 400 489 453 potius
527 413 659 451 usque
698 399 748 440 ad
777 413 892 440 aram
920 400 1111 439 nostram
1139 397 1284 439 Jesum
1313 396 1542 449 Christum,
1572 398 1645 450 qui
1672 397 1796 452 ipsis-

245 489 349 530 sima
387 491 449 530 est
486 487 653 538 veritas,
690 489 818 540 prout
855 487 904 527 de
942 501 1031 527 sese
1066 486 1330 539 pronunciat.
1362 484 1530 535 Quanta
1560 486 1671 528 enim
1701 486 1794 538 fide,

243 577 492 619 fortitudine
535 579 576 618 et
618 576 856 617 constantia
896 575 957 616 illi
999 590 1140 616 veram
1183 574 1340 616 Christi
1386 575 1623 618 doctrinam
1665 575 1795 617 verbo

242 665 374 718 ipsius
411 664 637 706 revelatam
677 665 874 706 adversus
911 664 1114 705 immanes
1152 662 1420 715 Antichristi,
1449 664 1796 717 praecipuorum-

244 768 324 806 que
366 754 454 805 ejus
495 752 852 804 administrorum,
889 752 1204 805 persecutiones
1242 751 1622 805 propugnaverint,
1659 750 1796 793 histo-

242 841 329 883 riae
369 842 503 883 nostri
545 842 636 883 aevi
676 842 910 883 luculenter
948 841 1188 883 ostendunt.
1228 839 1421 894 Capitale
1459 840 1560 882 olim
1599 842 1690 882 erat
1717 834 1796 894 pro

242 930 438 972 libertate
466 933 628 973 vestrae
656 931 931 984 Reipublicae
960 946 1008 973 ac
1036 930 1272 984 Religionis
1302 930 1514 983 dimicare,
1545 945 1798 984 causamque

244 1035 389 1063 eorum
430 1021 553 1073 tueri,
592 1021 665 1074 qui
693 1035 717 1062 a
745 1020 926 1062 Romani
954 1020 1175 1062 Pontificis
1205 1020 1458 1072 idololatria,
1488 1019 1683 1073 fictisque
1711 1022 1799 1062 tra-

243 1108 485 1161 ditionibus,
528 1109 593 1150 vel
636 1109 769 1151 latum
811 1123 998 1164 unguem
1034 1111 1305 1150 recesserant.
1344 1108 1412 1150 Illi
1450 1108 1726 1151 nihilominus
1754 1109 1799 1151 in

241 1197 410 1241 Patriae
453 1198 663 1241 libertatis
701 1198 903 1240 vindicias
942 1212 1099 1254 magno
1135 1198 1426 1240 incumbentes
1465 1198 1620 1250 animo,
1649 1198 1798 1252 primis

241 1291 520 1342 tyrannorum
557 1288 770 1330 Ecclesias
806 1288 1057 1330 reformatas
1095 1288 1430 1341 opprimentium
1464 1288 1592 1330 armis
1620 1287 1799 1331 feliciter

241 1378 500 1419 restiterunt.
529 1377 693 1419 Eodem
721 1377 862 1419 animo
894 1391 940 1419 ac
970 1391 1161 1418 successu
1190 1377 1297 1418 fidos
1320 1377 1546 1431 Evangelii
1569 1392 1799 1432 praecones

241 1467 285 1508 in
321 1467 480 1520 templa
513 1481 537 1508 a
567 1467 703 1509 cultus
732 1467 863 1508 divini
890 1467 1260 1520 profanationibus
1290 1470 1525 1522 repurgata
1552 1468 1799 1511 introduxe-

241 1558 353 1608 runt⁷
396 1558 443 1596 ut
480 1555 522 1596 in
560 1557 610 1597 iis
648 1559 867 1610 tamquam
903 1557 947 1598 in
985 1556 1165 1610 publicis
1204 1557 1339 1599 almae
1376 1557 1568 1600 veritatis
1605 1557 1799 1610 theatris,

242 1645 413 1688 Sacram
450 1643 715 1698 Scripturam
753 1645 916 1698 aliquot
954 1646 1103 1688 seculis
1142 1646 1194 1687 ab
1233 1646 1501 1688 Antichristo
1532 1647 1800 1690 obscuratam

241 1736 282 1776 et
320 1748 578 1787 oppressam,
617 1734 661 1775 in
698 1735 833 1776 lucem
871 1734 1123 1788 proferrent,
1162 1735 1413 1789 plebemque
1450 1736 1504 1778 ab
1542 1736 1616 1778 illo
1646 1736 1800 1780 misere

243 1822 469 1874 seductam,
511 1837 587 1876 per
624 1822 735 1864 viam
772 1823 964 1864 veritatis
993 1823 1045 1865 ad
1073 1826 1230 1865 metam
1258 1825 1515 1877 portumque
1545 1824 1692 1866 salutis
1721 1838 1798 1877 per

243 1911 459 1953 Christum
497 1914 646 1965 partae
686 1911 950 1954 adducerent.
991 1912 1152 1962 Quibus
1191 1912 1271 1954 hoc
1301 1915 1522 1966 praeterea
1549 1913 1799 1956 beneficium

242 2003 427 2054 accessit,
469 2001 582 2055 quod
620 2003 673 2044 ad
710 2016 831 2044 verae
864 2001 1102 2056 Religionis
1130 2003 1349 2056 pomoeria
1376 2003 1503 2045 latius
1533 2002 1798 2056 proferenda,

243 2092 447 2142 quantum
493 2104 646 2144 operae
687 2105 735 2132 ac
776 2090 951 2132 subsidii
993 2091 1046 2133 ad
1087 2091 1296 2134 Ecclesias
1338 2094 1505 2134 nostras
1548 2106 1625 2145 per
1660 2095 1797 2134 totam

240 2177 350 2220 hanc
400 2178 668 2220 Provinciam
711 2180 1005 2222 instaurandas
1048 2181 1334 2233 contulerant3
1377 2183 1545 2223 tantum
1586 2181 1714 2224 studii
1757 2185 1799 2224 et

239 2267 470 2310 industriae
515 2269 567 2310 ad
606 2269 904 2311 Academicum
943 2270 1130 2312 omnium
1168 2271 1450 2324 scientiarum,
1489 2271 1560 2314 sed
1588 2271 1798 2326 imprimis

240 2357 416 2410 divinae,
469 2358 823 2412 promptuarium,
875 2359 918 2400 in
968 2359 1047 2401 hac
1098 2360 1201 2402 urbe
1253 2361 1512 2414 erigendum,
1554 2362 1797 2418 impendere

238 2446 460 2490 voluerint.
504 2447 595 2496 Qua
638 2447 683 2489 in
721 2463 788 2500 re,
833 2462 924 2490 vos
967 2448 1355 2492 Illustrissimi
1397 2450 1503 2494 DD.
1543 2451 1796 2501 Ordinem,

241 2536 593 2590 quemadmodum
645 2538 686 2577 et
737 2536 781 2578 in
829 2537 977 2579 ceteris
1024 2537 1253 2580 virtutibus
1303 2539 1496 2593 heroicis,
1545 2540 1796 2584 Decessores

238 2627 400 2668 vestros
438 2624 607 2678 imitati⁷
645 2628 838 2667 nostram
875 2625 984 2668 hanc
1020 2626 1293 2670 Academiam
1333 2629 1452 2671 annis
1488 2644 1617 2684 porro
1656 2644 1796 2673 succe-

239 2715 444 2765 dentibus,
487 2715 711 2769 omnigena
754 2715 943 2758 virorum
988 2717 1248 2760 eruditorum
1285 2719 1337 2761 ad
1378 2734 1470 2762 eam
1508 2719 1795 2762 exornandam

240 2806 515 2858 undecunque
552 2806 773 2848 vocatione
810 2807 1031 2848 florentem
1065 2808 1359 2862 praestitistis:
1388 2809 1648 2862 remotisque
1674 2809 1794 2852 hete-

240 2895 495 2936 rodoxarum
525 2896 773 2948 opinionum
800 2896 982 2949 zizaniis,
1015 2911 1122 2949 quae
1147 2899 1338 2940 nonnulli
1366 2899 1479 2952 apud
1503 2913 1580 2941 nos
1605 2898 1794 2940 dissemi-

236 2987 451 3036 naverant,
490 2984 769 3038 Theologiam
808 2985 1103 3038 orthodoxam,
1137 3000 1222 3028 non
1253 2987 1379 3029 modo
1409 2987 1453 3028 in
1483 2987 1696 3041 integrum
1724 3002 1789 3030 re—
