1931 3224
275 139 353 181 548
818 133 1064 174 DISPUTATIO
1094 130 1246 173 XLVI.

274 263 391 306 tione
443 260 675 314 significet:
726 255 975 309 Suscipe,
1028 257 1216 297 sancte
1266 252 1450 305 Pater,
1490 253 1836 305 omnipotens

277 336 497 376 aeterne
547 330 712 381 Deus,
760 328 895 370 hanc
936 326 1339 369 immaculatam
1379 324 1641 376 hostiam,
1684 338 1839 377 quam

278 418 374 457 ego
411 402 673 455 indignus
710 400 948 441 famulus
987 398 1166 440 offero
1204 397 1312 439 tibi
1348 396 1458 439 Deo
1496 410 1608 438 meo
1636 397 1758 438 vivo
1789 399 1838 438 et

276 488 401 517 vero
431 487 526 525 pro
551 470 1052 513 innumerabilibus
1077 469 1326 523 peccatis
1351 471 1401 510 et
1427 466 1839 510 offensionibus

278 547 327 587 et
363 542 732 597 negligentiis
762 541 916 593 meis,
946 544 997 583 et
1025 556 1123 595 pro
1154 540 1402 582 omnibus
1432 538 1840 582 circumstanti-

275 617 390 658 bus:
425 614 515 656 sed
545 616 596 656 et
624 628 719 667 pro
751 612 1000 655 omnibus
1029 611 1298 654 fidelibus
1328 610 1667 653 Christianis
1696 610 1839 652 vivis

276 689 327 728 et
369 684 667 734 defunctis3
710 686 766 726 ut
808 683 943 725 mihi
982 685 1032 726 et
1070 682 1190 724 illis
1221 682 1494 736 proficiat
1522 683 1583 724 ad
1611 683 1842 724 salutem

276 760 575 809 aeternam,
610 756 791 799 Amen.v
815 755 898 797 Hic
928 755 1030 808 pani
1059 754 1328 807 corruptibili
1357 753 1554 796 attribuit
1581 754 1669 795 vim
1700 752 1843 795 confe-

277 830 397 872 rendi
439 829 621 870 salutem
664 827 707 868 in
751 827 882 868 vitam
925 828 1155 877 aeternam,
1201 840 1330 878 quam
1372 824 1566 867 Christus
1608 825 1689 867 soli
1727 825 1844 867 carni

277 916 375 942 suae
412 915 487 955 per
523 899 649 940 fidem
678 897 958 940 manducatae
987 897 1174 949 ascribit,
1205 896 1304 938 Joh.
1333 897 1370 938 6.
1401 899 1442 938 et
1472 896 1643 950 quidem
1669 896 1733 948 iis,
1764 910 1842 949 pro

280 972 433 1025 quibus
472 970 665 1012 Christus
703 968 888 1011 Coenam
926 983 1045 1011 suam
1079 982 1166 1010 non
1191 966 1393 1019 instituit,
1421 967 1622 1010 nimirum
1650 966 1844 1019 mortuis,

278 1057 416 1096 neque
453 1043 499 1084 in
538 1042 668 1093 coelo,
702 1055 840 1094 neque
868 1040 913 1081 in
940 1042 1055 1082 terra
1084 1039 1376 1091 existentibus,
1407 1039 1481 1081 sed
1507 1039 1552 1081 in
1579 1039 1708 1080 tertio
1736 1038 1845 1091 loco,

282 1116 399 1168 cujus
429 1113 558 1156 Sacra
585 1113 806 1166 Scriptura
833 1126 920 1153 non
949 1111 1155 1162 meminit,
1184 1125 1338 1164 nempe
1367 1110 1411 1151 in
1441 1110 1707 1163 purgatorio.

332 1184 442 1227 LIV.
473 1184 689 1238 Septimus
717 1183 877 1225 abusus
907 1185 970 1225 est
997 1184 1042 1224 in
1071 1182 1278 1224 mixtione
1307 1196 1442 1234 aquae
1472 1196 1566 1223 cum
1594 1182 1708 1234 vino,
1739 1195 1846 1235 quae

280 1272 358 1300 1180
396 1255 557 1298 Christi
593 1255 806 1308 mandato,
845 1269 923 1297 nec
958 1255 1092 1309 ipsius
1127 1254 1321 1307 exemplo
1350 1254 1514 1296 nititur.
1545 1252 1705 1295 Vinum
1734 1253 1847 1295 enim

283 1343 356 1371 seu
379 1327 566 1369 fructum
589 1327 689 1369 vitis
713 1327 872 1380 absque
897 1341 1008 1380 aqua
1031 1326 1251 1380 discipulis
1277 1326 1361 1368 suis
1386 1325 1711 1377 administravit,
1731 1324 1848 1367 aliis-

282 1415 365 1453 que
394 1400 446 1441 ad
472 1399 606 1452 ipsius
635 1398 921 1440 imitationem
950 1398 1150 1440 distribui
1175 1397 1316 1450 jussit,
1340 1397 1521 1450 ideoque
1546 1397 1713 1438 decreto
1739 1394 1848 1437 Con-

283 1471 369 1513 cilii
395 1470 715 1512 Aurelianensis
742 1470 780 1511 4.
811 1468 909 1511 Can.
938 1470 976 1511 4.
1005 1469 1157 1512 mixtio
1186 1469 1258 1511 illa
1291 1469 1373 1510 fuit
1402 1469 1694 1520 condemnata,
1721 1482 1849 1520 quam

284 1542 541 1585 sacrificulus
578 1543 626 1583 ut
662 1541 888 1595 mysticam
924 1543 1164 1593 veneratur,
1202 1541 1421 1594 inquiens:
1458 1540 1600 1582 Deus
1640 1539 1729 1593 qui
1760 1539 1849 1581 hu-

282 1629 470 1657 manae
522 1611 869 1655 substantiae
912 1612 1246 1666 dignitatem
1286 1612 1629 1655 mirabiliter
1671 1611 1850 1654 condi-

285 1685 444 1737 disti,
485 1686 535 1726 et
572 1683 887 1740 mirabilius
918 1683 1260 1737 reformasti,
1291 1684 1353 1726 da
1380 1684 1537 1726 nobis
1567 1699 1660 1738 per
1687 1683 1850 1736 hujus

282 1756 397 1798 vini
437 1758 487 1798 et
516 1770 687 1809 aquae
715 1756 1058 1809 mysterium,
1089 1756 1205 1809 ejus
1236 1755 1560 1798 divinitatis
1591 1769 1704 1797 esse
1734 1769 1852 1797 con-

286 1830 477 1880 sortes,
504 1827 593 1880 qui
617 1827 986 1870 humanitatis
1010 1830 1236 1870 nostrae
1263 1841 1489 1869 consors
1513 1826 1645 1868 fieri
1670 1826 1853 1879 digna-

285 1902 372 1941 tus
402 1901 502 1951 est,
532 1898 692 1941 Jesus
723 1898 978 1941 Christus
1006 1898 1184 1941 Filius
1212 1901 1337 1941 tuus
1364 1898 1625 1941 Dominus
1652 1900 1852 1940 noster.
1913 1927 1918 1936 ,»

337 1970 425 2013 LV.
455 1969 640 2013 Octavus
672 1971 828 2013 abusus
857 1973 919 2013 est
948 1970 992 2012 in
1022 1971 1238 2013 oblatione
1264 1970 1561 2025 superstitiosa
1586 1969 1728 2012 calicis
1752 1970 1852 2011 vino

285 2041 449 2096 repleti.
487 2040 601 2083 Nam
637 2044 867 2095 antequam
894 2042 1052 2095 vinum,
1081 2044 1130 2084 ut
1156 2043 1296 2085 verbis
1324 2043 1478 2095 loquar
1505 2042 1852 2094 Romanensium,

287 2111 343 2155 sit
378 2111 812 2154 transubstantiatum
849 2113 916 2155 vel
955 2128 1203 2155 conversum
1231 2114 1275 2155 in
1306 2112 1556 2167 sanguinem
1586 2111 1756 2164 Christi,
1787 2127 1853 2154 sa-

288 2183 500 2225 crificulus
542 2183 665 2237 potui
705 2183 779 2226 isti
819 2184 1013 2227 terrestri
1055 2200 1103 2227 ac
1140 2174 1423 2239 corruptibili,
1460 2184 1546 2227 vim
1577 2183 1854 2238 conferendae

288 2254 448 2307 salutis,
479 2257 520 2296 et
550 2254 723 2296 odorem
751 2255 974 2298 suavitatis
999 2255 1092 2298 Deo
1117 2258 1316 2310 acceptae
1339 2256 1506 2308 tribuit,
1532 2270 1712 2308 quorum
1734 2254 1854 2309 prius

288 2325 449 2368 bonum
477 2325 649 2368 Simeon
676 2327 722 2368 in
752 2341 827 2369 suo
858 2326 1045 2379 Cantico,
1074 2327 1173 2370 Luc.
1202 2329 1240 2379 2,
1270 2329 1334 2369 29.
1364 2330 1405 2369 813
1433 2327 1586 2369 Petrus
1614 2326 1711 2369 Act.
1734 2326 1854 2377 4,12.

290 2397 371 2439 8011
412 2396 595 2449 Christo,
642 2398 854 2451 posterius
895 2398 1053 2441 Paulus
1092 2399 1174 2441 soli
1212 2398 1373 2441 Christi
1408 2398 1615 2440 sacrificio
1651 2397 1696 2439 111
1733 2411 1855 2439 011108

290 2471 463 2522 peracto
493 2469 704 2521 attribuit,
734 2469 894 2524 Ephes.
923 2471 959 2522 l,
991 2472 1026 2512 2.
1058 2470 1127 2513 Sic
1156 2471 1268 2513 enim
1297 2470 1556 2513 sacrificulus
1585 2469 1724 2512 Deum
1751 2468 1855 2510 affa-
1914 2467 1915 2470 ’

289 2543 380 2583 13111;
420 2539 719 2583 Offerimus
756 2542 882 2591 tibi,
921 2541 1169 2595 Domine,
1208 2542 1431 2585 calicem
1459 2541 1680 2593 salutis,
1709 2543 1855 2583 tuam
1919 2527 1923 2530 .

292 2611 654 2665 deprecantes
698 2613 1064 2667 clementiam,
1106 2616 1162 2656 ut
1205 2615 1259 2656 in
1296 2615 1600 2668 conspectu
1636 2613 1855 2656 divinae

291 2680 608 2736 Majestatis
645 2687 792 2737 tuae,
826 2700 924 2738 pro
961 2688 1152 2727 nostra
1182 2688 1231 2727 et
1260 2686 1439 2729 totius
1468 2685 1649 2727 mundi
1678 2684 1856 2726 salute

293 2768 405 2796 cum
435 2755 596 2797 odore
622 2756 922 2799 suavitatis
952 2757 1228 2799 ascendat.
1258 2757 1449 2799 Amen.
1666 2797 1671 2804 ,

346 2824 454 2867 LVI.
496 2825 647 2868 Nonus
687 2828 843 2870 abusus
881 2831 957 2880 8813,
994 2828 1040 2870 111
1077 2827 1314 2884 κακοζηλίᾳ,
1345 2843 1417 2870 8811
1445 2841 1577 2882 prava
1600 2827 1855 2879 imitatione,
1906 2852 1923 2883 ·.

294 2898 387 2938 tum
415 2897 675 2940 Judaeorum
703 2899 842 2941 Deum
873 2900 975 2942 olim
1001 2900 1126 2942 thure
1155 2900 1418 2953 placantium
1444 2914 1578 2952 usque
1607 2898 1661 2940 ad
1687 2901 1856 2952 tempus
1914 2927 1922 2954 ς

298 2968 582 3020 correctionis,
619 2985 703 3022 quo
731 2970 847 3013 Deus
875 2971 1040 3024 figurae
1067 2971 1140 3013 isti
1175 2973 1305 3024 atque
1333 2970 1520 3024 umbrae,
1549 2985 1636 3012 non
1663 2983 1782 3012 secus
1808 2980 1870 3011 ac‘
1912 2963 1914 2965 ¹
