1931 3224
284 114 361 155 648
892 112 1136 156 DISPUTATIO
1164 113 1231 156 LI.

284 237 510 279 existentia
552 237 708 290 futura,
748 238 883 280 causis
927 237 1134 291 omnibus,
1177 237 1506 282 circumstantiis
1546 241 1588 282 et
1622 239 1842 292 fructibus,

285 324 574 362 quaecumque
611 310 721 351 scitu
759 309 888 363 digna
916 312 1026 363 sunt,
1057 310 1334 364 explicantur.
1362 309 1428 352 De
1457 310 1694 362 existentia,
1722 309 1842 351 innu-

284 397 400 424 mera
428 397 536 435 pene
566 385 664 424 sunt
691 383 736 424 in
765 385 947 436 utroque
975 385 1231 425 testamento
1261 382 1521 434 testimonia,
1550 382 1622 424 sed
1653 382 1735 424 duo
1767 382 1844 423 im-

283 453 432 508 primis
460 453 656 506 illustria,
686 454 781 496 Act.
811 454 876 506 27,
906 454 968 495 31.
997 453 1036 495 D
1048 454 1063 496 i
1074 469 1095 495 e
1106 469 1148 496 m
1178 457 1224 517 st
1236 469 1260 496 a
1270 457 1288 496 t
1298 470 1326 496 u
1336 455 1379 496 it
1407 454 1446 496 D
1460 469 1481 496 e
1492 470 1520 496 u
1531 468 1549 496 5
1580 469 1607 507 q
1617 469 1645 496 u
1657 469 1681 496 0
1706 454 1764 507 ju
1775 454 1800 495 d
1810 453 1843 495 i-

285 528 506 567 caturus
546 528 627 567 est
666 525 848 567 orbem
886 528 1158 568 terrarum
1197 512 1308 569 cum
1333 526 1582 579 justitia,
1614 528 1692 569 etc.
1721 526 1779 569 Et
1807 527 1843 569 2.

284 598 336 639 ad
373 597 519 639 Thess,
559 598 595 649 1,
636 598 672 638 6.
711 597 928 639 -Justum
968 601 1047 640 est
1076 599 1215 653 apud
1245 598 1283 640 D
1298 614 1410 641 eum
1438 599 1748 641 retribuere
1776 597 1844 640 ai-

283 669 597 711 flictionem
635 669 752 711 illis
794 671 1006 723 quivos
1037 670 1330 724 affligunt,
1360 671 1517 713 vobis
1550 673 1726 713 autem
1757 671 1845 724 qui

284 740 618 794 affligimini
659 741 1062 784 relaxationem
1104 742 1411 795 nobiscum,
1458 758 1569 785 cum
1607 742 1846 796 patefiet

283 811 546 854 Dominus
598 811 757 854 Jesus
811 813 870 855 de
901 814 1078 866 coelo,
1129 828 1241 858 cum
1286 814 1519 868 Angelis
1561 814 1846 867 potentiae

284 899 410 926 suae
449 900 561 926 cum
598 884 777 926 flamm
792 900 816 926 a
853 885 1023 938 ignis,
1056 885 1331 939 infligens
1362 885 1631 928 ultionem
1660 886 1728 928 iis
1761 885 1846 939 qui

285 956 570 998 Dominum
606 971 710 997 non
749 959 1040 1010 noverunt,
1080 960 1133 999 et
1170 958 1242 999 iis
1282 958 1372 1011 qui
1399 972 1502 999 non
1532 958 1848 1000 auscultant

284 1028 588 1082 Evangelio
629 1027 843 1070 Domini
881 1029 1061 1072 nostri
1098 1029 1229 1072 Jesu
1259 1029 1493 1083 Christi,
1526 1031 1616 1084 qui
1644 1045 1672 1084 p
1687 1045 1847 1072 oenas

287 1101 489 1142 dabunt
531 1100 743 1142 aeterni
786 1100 969 1153 exitii,
1014 1116 1037 1143 a
1081 1101 1223 1144 facie
1265 1101 1481 1145 Domini
1520 1104 1571 1144 et
1608 1117 1633 1143 a
1670 1101 1848 1155 gloria

285 1172 516 1214 virtutis
548 1173 675 1226 ejus.

339 1243 512 1286 XLVII.
547 1244 680 1286 Causa
709 1244 836 1297 hujus
861 1243 1011 1297 judicii
1040 1243 1225 1286 efficiens
1254 1244 1502 1297 principalis
1533 1247 1596 1287 est
1623 1244 1739 1287 Deus
1768 1244 1850 1287 Pa-

284 1319 362 1368 ter,
400 1315 546 1369 Filius,
586 1319 628 1358 et
669 1315 854 1370 Spiritus
893 1315 1085 1367 Sanctus,
1125 1316 1160 1357 si
1197 1316 1496 1358 auctoritatem
1534 1318 1769 1371 spectemus
1806 1317 1850 1359 in

286 1388 518 1430 sententiae
557 1387 753 1439 dictione,
794 1387 863 1430 vel
903 1389 1162 1441 potestatem
1189 1388 1234 1428 in
1263 1387 1448 1441 ejusdem
1478 1387 1737 1429 executione.
1769 1387 1851 1430 Sed

288 1459 656 1502 administrabitur
693 1459 796 1500 illud
830 1459 1039 1513 judicium
1068 1459 1227 1501 visibili
1255 1458 1405 1512 forma,
1436 1474 1511 1513 per
1538 1459 1673 1501 filium
1700 1459 1743 1500 in
1772 1459 1851 1501 hu-

286 1547 411 1574 mana
449 1534 602 1574 natura
640 1534 870 1585 assumpta,
908 1547 937 1585 p
951 1546 971 1573 e
981 1546 1002 1572 r
1040 1546 1061 1573 e
1073 1546 1101 1572 u
1112 1546 1154 1572 111
1193 1531 1244 1573 vi
1257 1546 1277 1572 r
1288 1546 1316 1572 u
1326 1546 1369 1573 m
1410 1546 1437 1584 q
1448 1547 1475 1573 u
1486 1546 1507 1573 e
1518 1547 1561 1573 m
1590 1531 1616 1573 d
1626 1547 1646 1573 e
1657 1531 1761 1573 fini
1772 1532 1821 1574 vi
1833 1533 1851 1573 t

287 1603 414 1657 Deus,
455 1603 565 1646 fide
604 1603 783 1657 palam
812 1602 963 1644 facta
992 1602 1261 1654 omnibus,
1291 1602 1393 1644 illo
1423 1618 1447 1644 a
1477 1604 1647 1645 morte
1676 1617 1851 1644 resus-

287 1676 483 1729 citato,
527 1676 619 1718 Act.
659 1675 722 1728 27,
761 1675 824 1716 31.
856 1674 931 1716 Cui
961 1689 984 1715 a
1013 1674 1177 1715 Patre
1207 1673 1332 1716 data
1362 1676 1442 1715 est
1473 1674 1644 1716 omnis
1672 1676 1853 1727 potes-

285 1751 368 1790 tas
407 1749 459 1790 in
490 1763 547 1790 co
562 1749 642 1790 elo
675 1750 724 1789 et
753 1748 806 1788 in
833 1749 1003 1798 terra,
1034 1744 1157 1786 Matt.
1188 1745 1251 1797 28,
1282 1745 1344 1786 18.
1377 1743 1538 1787 Omne
1562 1746 1852 1799 judicium,

285 1819 313 1861 ‚J
316 1820 385 1862 oh.
424 1819 461 1872 5,
500 1820 563 1861 21.
603 1819 694 1868 Qua
732 1820 896 1862 ratione
927 1820 1097 1862 Christo
1125 1815 1379 1870 Θεανθρώπῳ
1403 1819 1610 1873 judicium
1642 1818 1749 1861 illud
1778 1834 1851 1873 pe-

286 1891 502 1934 culiariter
539 1892 583 1933 in
621 1891 853 1944 Scripturis
891 1891 1108 1944 tribuitur,
1137 1906 1223 1933 non
1254 1891 1464 1933 exclusive
1494 1893 1647 1944 tamen,
1680 1891 1746 1933 vel
1775 1906 1852 1946 op-

285 1964 438 2017 posite,
477 1964 548 2005 sed
588 1979 665 2018 per
704 1964 914 2017 quandam
954 1964 1362 2019 appropriationem,
1405 1964 1504 2017 quia
1532 1963 1778 2006 hominibus
1806 1963 1852 2005 in

281 2037 442 2090 judicio
482 2052 569 2078 non
605 2036 830 2091 apparebit
867 2036 949 2078 nisi
986 2035 1134 2089 Filius,
1175 2036 1247 2089 qui
1285 2052 1328 2078 111
1340 2051 1364 2078 a
1374 2051 1401 2077 n
1412 2036 1427 2077 i
1437 2036 1487 2078 fe
1499 2051 1516 2077 5
1527 2038 1546 2077 t
1555 2051 1582 2077 u
1594 2050 1612 2077 s
1653 2051 1674 2077 0
1684 2051 1705 2077 1·
1716 2035 1779 2087 it,
1811 2037 1852 2077 et

286 2107 320 2149 P
333 2111 450 2150 ater
490 2123 513 2150 o
527 2123 548 2150 c
561 2108 764 2160 cultus,
803 2111 851 2150 ut
888 2108 1081 2161 loquitur
1120 2108 1303 2162 August.
1342 2107 1444 2149 Tra
1458 2110 1521 2149 ct.
1560 2108 1705 2149 21.111
1735 2106 1851 2170 -1011,

287 2180 315 2222 J
317 2180 507 2222 udicabit
549 2182 691 2222 autem
733 2195 820 2222 non
864 2181 1001 2222 solum
1042 2180 1271 2223 secundum
1309 2182 1506 2222 naturam
1545 2179 1743 2230 divinam,
1781 2178 1853 2220 sed

289 2252 416 2293 etiam
455 2252 681 2294 secundum
719 2252 963 2305 humanam,
1005 2253 1071 2294 cui
1109 2268 1186 2306 per
1225 2252 1407 2306 gratiam
1435 2252 1533 2293 data
1563 2254 1626 2293 est
1657 2252 1851 2304 αὐτοκρα-

287 2323 413 2376 τορικῗη
452 2325 656 2377 potestas,
696 2338 719 2364 a
750 2339 833 2376 qua
861 2339 947 2366 non
979 2324 1058 2366 erit
1086 2324 1335 2378 provocatio
1348 2341 1357 2376 3
1390 2324 1489 2377 quia
1518 2325 1655 2365 morte
1685 2337 1759 2364 sua
1783 2336 1852 2364 ac-

289 2395 463 2448 quisivit
501 2395 581 2437 sibi
620 2396 665 2437 in
704 2411 848 2438 omnes
886 2396 1093 2449 homines,
1128 2397 1197 2449 jus
1236 2395 1440 2438 Dominii.
1477 2395 1517 2437 A
1530 2395 1555 2437 d
1583 2395 1612 2436 h
1627 2409 1650 2436 0
1665 2409 1686 2436 0
1715 2409 1736 2436 0
1747 2395 1853 2436 nim

288 2467 539 2509 Christus
569 2470 815 2509 mortuus
845 2470 926 2510 est
955 2470 1005 2509 et
1034 2467 1366 2519 resurrexit,
1396 2470 1453 2509 ut
1482 2467 1622 2509 vivis
1647 2469 1698 2509 et
1722 2481 1854 2509 mor-

286 2540 396 2581 tuis
442 2540 467 2581 d
479 2555 503 2581 0
515 2555 557 2581 m
568 2541 582 2581 i
594 2555 622 2581 11
633 2555 654 2581 0
665 2541 682 2580 t
695 2555 721 2580 u
733 2556 774 2592 r,
818 2539 942 2582 Rom.
985 2540 1047 2592 14,
1091 2540 1127 2581 9.
1171 2540 1275 2581 Pars
1318 2542 1461 2582 autem
1502 2538 1704 2590 Dominii,
1739 2537 1854 2591 judi-

289 2611 401 2654 cium
431 2614 505 2653 est.

341 2682 535 2725 XLVIII.
573 2681 656 2726 Hic
692 2687 837 2726 tamen
874 2684 1120 2737 notandum,
1161 2684 1368 2737 quaedam
1404 2684 1448 2725 in
1473 2682 1632 2736 judicio
1662 2681 1851 2725 conside-

288 2755 372 2796 rari
400 2769 538 2810 posse,
569 2770 676 2808 quae
704 2756 913 2799 humanae
941 2757 985 2798 in
1015 2755 1184 2798 Christo
1209 2758 1386 2798 naturae
1411 2755 1496 2797 vim
1521 2770 1607 2797 non
1633 2754 1851 2807 excedunt,

289 2831 337 2869 ut
377 2828 491 2881 quod
529 2827 732 2881 Christus,
762 2831 809 2870 ut
837 2828 980 2880 homo,
1011 2830 1074 2870 est
1104 2827 1291 2869 omnium
1320 2827 1542 2880 Dominus,
1572 2825 1853 2879 omnibusque

294 2901 486 2952 superior
500 2917 508 2950 ;
540 2900 653 2953 quod
682 2901 801 2943 novit
830 2900 971 2942 omnia
1001 2900 1053 2942 ad
1077 2900 1283 2953 judicium
1312 2899 1417 2941 illud
1436 2901 1549 2952 juste
1575 2898 1852 2940 exercendum

292 2971 541 3023 necessaria,
571 2987 647 3024 per
677 2971 897 3014 scientiam
927 2974 1112 3015 creatam
1143 2986 1249 3024 quae
1277 2971 1321 3013 in
1351 2971 1491 3013 anima
1519 2970 1608 3022 ejus
1639 2972 1714 3021 est,
1745 2985 1852 3022 quae
