1931 3224
219 176 295 218 170
805 171 1044 212 DISPUTATIO
1072 167 1190 211 XIX.

217 314 267 341 ex
306 298 538 351 Scriptura,
578 297 621 338 in
661 295 813 348 quibus
852 293 1041 335 membra
1077 293 1262 335 humana
1300 291 1391 334 Deo
1426 293 1687 347 tribuuntur,
1717 296 1784 337 vel

216 369 505 424 apparitiones
544 367 748 421 quaedam
787 364 1094 415 describuntur,
1132 364 1176 405 in
1216 363 1369 417 quibus
1398 364 1583 417 effectus,
1610 366 1781 419 judicia,

215 441 279 482 vel
323 455 451 494 opera
492 439 572 481 Dei
613 437 902 491 metaphorice
945 436 1263 486 adumbrantur,
1305 450 1412 488 quae
1449 435 1502 477 ab
1540 436 1784 480 hominibus

214 526 299 553 non
329 513 510 564 possunt
541 512 613 551 aut
642 509 796 550 debent
826 507 1020 560 exprimi,
1051 521 1099 548 eo
1129 507 1301 548 tandem
1331 506 1555 549 deducitur
1581 511 1628 549 ut
1659 508 1782 570 dicat,

214 585 258 625 in
299 582 490 625 Ecclesia
530 581 723 623 Romana
766 594 829 621 110
843 594 871 620 11
915 593 995 620 033
1009 594 1030 620 0
1071 581 1177 619 tani
1216 579 1444 629 certum,
1483 594 1546 620 an
1571 580 1681 622 sint
1710 580 1786 621 fa-

215 654 434 696 ciendae
465 652 733 706 imagines
762 651 860 692 Dei
889 650 1001 692 sive
1032 650 1359 701 Trinitatis,
1391 665 1540 704 quam
1574 650 1785 693 Christi

214 728 265 767 et
316 725 658 775 Sanctorum,
712 722 837 775 quia
880 722 980 764 hoc
1022 722 1083 763 ad
1124 721 1289 763 fidem
1331 722 1600 775 pertinet,
1645 722 1785 764 illud

213 810 233 837 0
244 797 289 836 31
317 795 330 836 i
342 810 368 835 11
400 810 422 835 0
436 794 550 847 pini
564 809 587 835 o
598 809 626 834 n
637 808 669 835 e.
700 793 745 836 Si
772 793 818 834 in
847 792 1047 846 opinione
1077 794 1244 834 tantum
1269 793 1337 845 sit,
1363 808 1416 834 an
1442 793 1526 834 sint
1555 792 1784 845 faciendae,

213 868 324 908 certe
362 865 496 906 multo
535 865 673 919 magis
711 880 766 906 an
800 864 885 906 31111
914 864 1124 906 colendae.
1154 863 1213 905 At
1242 879 1327 905 non
1356 867 1500 918 potest
1530 879 1618 907 esse
1647 866 1784 908 cultus

213 937 303 979 Deo
348 939 494 990 gratus
540 936 612 989 qui
655 936 704 977 fit
748 936 836 977 sine
879 936 961 978 fide
974 952 983 986 ;
1021 935 1335 989 ingratissimus
1369 938 1511 978 autem
1541 939 1603 978 est
1634 937 1707 990 qui
1734 937 1783 979 fit

214 1011 360 1050 contra
387 1008 523 1061 fidem,
556 1007 693 1060 qualis
721 1007 791 1049 1110
821 1009 884 1049 031
915 1007 965 1049 de
995 1022 1078 1060 quo
1110 1007 1287 1060 agimus.

265 1078 421 1120 XXIII.
458 1078 507 1120 In
547 1078 662 1120 cultu
698 1078 937 1131 imaginum
966 1077 1218 1121 Sanctorum
1249 1079 1482 1132 hominum,
1517 1094 1621 1132 quas
1645 1079 1785 1134 Syno-

214 1151 290 1192 dus
332 1149 522 1192 Nicaena
566 1150 643 1191 sub
686 1149 807 1192 Irene
851 1165 878 1204 p
892 1166 913 1192 e
924 1166 944 1192 r
956 1150 1006 1192 fe
1019 1153 1067 1192 ct
1080 1165 1101 1192 0
1140 1166 1163 1192 a
1176 1150 1201 1191 d
1213 1165 1237 1192 0
1250 1166 1270 1192 1
1281 1165 1304 1192 a
1314 1165 1343 1192 n
1354 1151 1379 1192 d
1391 1165 1414 1192 a
1426 1165 1444 1192 3
1474 1151 1669 1204 decrevit,
1704 1153 1784 1194 etsi

213 1223 324 1264 inter
361 1221 617 1264 recentiores
655 1222 856 1275 Papistas
887 1222 993 1264 varii
1022 1222 1107 1264 sint
1136 1222 1339 1275 loquendi
1369 1223 1498 1275 modi,
1529 1223 1782 1276 quibusdam

214 1294 392 1336 rotunde
422 1293 735 1347 profitentibus,
765 1293 979 1347 Imagines
1009 1293 1232 1336 Trinitatis
1263 1296 1304 1336 et
1333 1293 1491 1336 Christi
1521 1295 1668 1336 eadem
1694 1309 1783 1337 esse

215 1365 460 1407 adoratione
500 1365 708 1417 colendas,
740 1381 822 1418 qua
851 1366 1087 1420 prototypi,
1117 1381 1194 1408 nec
1223 1365 1325 1407 duas
1354 1366 1425 1408 sed
1454 1381 1583 1408 unam
1614 1369 1656 1408 et
1684 1381 1782 1408 ean-

218 1437 312 1479 dem
355 1452 443 1479 esse
485 1437 787 1490 adorationem,
832 1437 946 1490 quod
989 1437 1131 1479 docuit
1174 1437 1373 1489 Thomas,
1417 1440 1526 1491 part.
1565 1439 1600 1480 3.
1642 1453 1680 1491 q.
1717 1439 1782 1480 25.

217 1511 295 1550 art.
337 1509 374 1550 3.
417 1509 522 1562 aliis,
569 1512 610 1551 et
652 1510 905 1563 praesertim
943 1509 1064 1551 novis
1101 1508 1291 1561 Jesuitis,
1319 1509 1458 1550 varias
1488 1509 1782 1552 distinctiones

217 1580 557 1634 excogitantibus
571 1597 579 1631 ;
621 1581 818 1623 convenit
856 1583 1000 1622 tamen
1028 1580 1039 1620 i
1045 1582 1140 1621 nter
1171 1594 1329 1632 omnes,
1361 1580 1395 1621 1.
1424 1580 1637 1634 Imagines
1668 1581 1783 1635 apud

217 1666 286 1693 eos
325 1651 378 1693 ad
415 1652 574 1694 cultum
611 1652 858 1706 religiosum
898 1652 1147 1694 consecrari.
1187 1651 1246 1693 At
1275 1651 1347 1693 Im
1359 1666 1382 1693 a
1393 1652 1482 1705 gin
1492 1667 1521 1693 11
1531 1667 1574 1693 111
1601 1666 1622 1694 0
1634 1667 1657 1694 0
1669 1667 1696 1694 11
1709 1667 1727 1694 3
1740 1667 1782 1694 0-

216 1724 392 1765 oratio
437 1726 518 1765 est
558 1724 914 1776 Idololatria,
958 1723 1099 1777 inquit
1141 1723 1300 1765 Tertul.
1344 1723 1450 1765 Lib.
1489 1724 1549 1765 de
1586 1723 1780 1766 Idolol.

216 1809 322 1848 cap.
373 1795 410 1836 4.
453 1796 489 1836 2.
534 1795 834 1848 Conjuncte
877 1795 1093 1851 concipi
1137 1811 1250 1838 cum
1294 1795 1597 1849 exemplari
1641 1796 1782 1848 quod

215 1865 491 1920 adoratur,
541 1882 739 1921 easque
777 1868 997 1910 adorari
1034 1882 1143 1909 non·
1176 1867 1347 1909 solum
1388 1882 1484 1920 per
1527 1867 1780 1909 accidens

212 1936 297 1979 vel
336 1938 659 1991 improprie,
705 1939 795 1980 sed
839 1938 1003 1980 etiam
1040 1953 1134 1993 per
1172 1953 1225 1980 se
1262 1940 1312 1980 et
1340 1939 1587 1992 proprie,
1617 1938 1695 1980 ita
1723 1941 1780 1980 ut

212 2008 509 2051 terminent
559 2011 987 2063 venerationem,
1040 2012 1098 2052 ut
1141 2010 1194 2051 in
1236 2025 1288 2052 se
1333 2010 1777 2063 considerantur,

213 2095 380 2134 eoque
420 2081 569 2123 cultu
605 2082 693 2135 qui
731 2082 1019 2136 analogice
1050 2084 1098 2124 et
1128 2081 1411 2124 reductive
1439 2082 1688 2135 pertinet
1718 2083 1779 2125 ad

212 2153 446 2206 speciem
488 2154 601 2205 ejus
640 2153 819 2194 cultus
861 2154 952 2206 qui
991 2153 1217 2195 debetur
1255 2168 1313 2194 ex
1328 2153 1576 2206 emplari3
1605 2169 1777 2208 neque

212 2223 496 2266 dicendum
525 2239 611 2266 eas
636 2224 940 2278 improprie
966 2239 1081 2266 esse
1105 2225 1461 2274 venerandas,
1487 2225 1613 2278 quia
1638 2226 1778 2279 quod

209 2310 314 2337 non
352 2295 556 2337 dicitur
591 2296 701 2337 nisi
739 2295 1067 2349 improprie,
1107 2296 1443 2350 simpliciter
1470 2297 1662 2350 negari
1691 2312 1776 2352 po-

209 2368 260 2408 te
272 2381 290 2408 3
301 2368 331 2408 1.
373 2366 488 2416 Quae
526 2367 668 2409 onmia
705 2370 803 2409 sunt
841 2367 1088 2409 Bellarmini
1126 2367 1176 2409 de
1213 2367 1484 2421 imaginibus,
1523 2382 1612 2422 cap.
1642 2368 1705 2410 21.
1735 2370 1776 2410 01

210 2453 299 2490 cap.
329 2439 392 2480 25.
422 2439 496 2491 qui
525 2441 753 2492 propterea
783 2453 878 2480 cum
907 2438 1107 2490 Baronio,
1137 2438 1350 2480 Ecclesiae
1391 2437 1631 2480 Gallicanae
1668 2438 1775 2493 Epi-

209 2523 372 2561 scopOS,
401 2509 473 2562 qui
498 2508 712 2552 Ludovico
736 2509 815 2551 Pio
847 2511 1065 2563 regnante,
1096 2510 1141 2550 in
1170 2509 1342 2563 Synodo
1371 2509 1566 2551 Lutetiae
1596 2524 1775 2566 congre-

208 2581 308 2631 gata
346 2579 632 2633 decreverunt,
670 2580 877 2633 imagines
916 2594 1003 2622 non
1042 2595 1132 2622 esse
1171 2580 1418 2629 adorandas,
1453 2580 1526 2622 sed
1553 2581 1597 2622 in
1626 2581 1773 2623 Eccle-

207 2649 280 2690 siis
319 2651 623 2693 conservandas
662 2652 714 2693 ad
752 2653 950 2692 ornatum
987 2654 1029 2693 01
1065 2651 1214 2705 populi
1242 2651 1570 2694 instructionem
1597 2651 1772 2694 histori-

209 2735 311 2772 cam,
342 2723 494 2763 erroris
524 2723 709 2765 arcessit.

259 2791 414 2834 XXIV.
458 2793 559 2835 Cum
603 2796 743 2836 autem
783 2794 889 2836 haec
931 2794 1123 2837 adoratio
1163 2798 1235 2837 aut
1273 2796 1488 2838 veneratio
1516 2794 1769 2849 Imaginum,

209 2877 457 2916 quocunque
493 2866 663 2908 tandem
691 2866 1012 2909 distinctionum
1040 2867 1137 2910 fuco
1166 2868 1378 2922 pallietur,
1408 2883 1429 2909 r
1439 2882 1461 2910 e
1472 2868 1510 2909 li
1522 2868 1572 2921 gi
1586 2883 1609 2910 o
1623 2883 1641 2909 s
1654 2883 1678 2910 a
1705 2869 1770 2910 in-

205 2936 271 2975 ter
309 2934 490 2976 cultores
529 2936 748 2989 habeatur,
790 2938 861 2991 qui
895 2939 1022 2980 etiam
1063 2940 1311 2994 suppliciter
1349 2954 1392 2982 30
1422 2953 1561 2981 coram
1591 2938 1642 2980 iis
1669 2953 1768 2994 pro-

205 3006 410 3057 sternunt,
441 3007 580 3059 capita
605 3008 812 3061 aperiunt,
839 3023 977 3062 genua
1000 3010 1189 3062 flectunt,
1215 3011 1351 3063 sertis,
1377 3009 1557 3063 corollis,
1581 3009 1768 3052 vestibus
