1931 3224
256 163 334 204 406
815 158 1057 201 DISPUTATIO
1085 157 1329 202 XXXVIII.
1407 131 1409 133 ι

255 289 360 338 tum,
390 288 517 338 atque
545 285 590 325 in
618 283 757 325 Coena
781 282 955 324 Domini
979 285 1243 335 renovatum,
1269 285 1333 325 est
1356 285 1525 325 tantum
1549 284 1599 325 de
1622 284 1748 325 rebus
1772 284 1816 325 in

257 357 473 409 Decalogo
500 358 542 396 et
570 355 807 408 Evangelio
837 354 1084 409 praeceptis.

310 425 507 468 XXXVI.
546 425 756 480 Specialia
786 428 896 478 sunt,
928 428 1002 467 aut
1032 426 1081 467 de
1110 425 1235 467 rebus
1264 424 1481 479 Decalogo
1512 428 1553 467 et
1581 425 1817 480 Evangelio

256 514 342 540 non
383 497 578 539 absolute
620 497 871 551 praeceptis,
914 499 962 538 ut
1000 499 1098 538 sunt
1136 496 1378 549 caelibatus,
1420 499 1462 539 et
1499 497 1757 540 abstinentia
1794 513 1818 540 a

258 572 372 610 certo
401 571 520 621 potii,
551 568 658 620 cibo,
688 567 954 620 vestimento,
989 567 1166 620 aliisque
1196 567 1318 610 bonis
1346 568 1441 609 usui
1468 567 1691 610 hominum
1719 582 1819 610 con-

258 640 405 690 cessis3
446 642 519 681 aut
548 639 597 681 de
625 639 751 681 rebus
779 639 937 693 partim
968 639 1208 692 praeceptis
1236 639 1280 681 in
1309 653 1475 692 genere,
1505 639 1646 692 quoad
1675 654 1820 681 earum

257 712 552 763 substantiam,
581 710 739 765 partim
767 725 853 752 non
881 710 1121 764 praeceptis
1150 710 1194 751 in
1222 711 1373 764 specie,
1401 711 1541 764 quoad
1564 713 1819 764 temporum,

256 785 458 836 locorum,
483 797 760 837 personarum
786 784 828 824 et
849 782 1118 823 occasionum
1138 782 1490 831 circumstantias,
1507 784 1555 823 ut
1571 784 1670 823 sunt
1685 783 1820 823 statae

257 870 413 909 preces,
448 855 621 908 jejunia,
651 853 971 906 Eleemosynae,
1002 855 1043 894 et
1072 852 1226 895 similia
1253 853 1427 907 pietatis
1458 853 1610 905 officia,
1642 867 1822 906 quorum

257 926 428 980 publica
452 924 749 967 determinatio
770 925 932 978 judicio
956 924 1185 977 Ecclesiae,
1205 925 1373 978 privata
1393 926 1596 977 executio,
1619 925 1822 977 cujusque

256 998 392 1040 fidelis
421 997 599 1038 arbitrio
631 1011 655 1038 a
683 995 775 1038 Deo
801 995 1080 1049 permittitur.

311 1067 531 1110 XXXVII.
569 1067 720 1109 Priora
757 1070 858 1109 vota
898 1068 948 1109 de
983 1068 1109 1109 rebus
1137 1082 1252 1109 mere
1282 1067 1526 1121 adiaphoris
1557 1067 1824 1109 eminuerunt

261 1140 362 1182 olim
398 1139 443 1180 in
478 1138 725 1191 Nazaraeis,
763 1137 892 1181 Num.
932 1139 968 1180 6.
1007 1154 1054 1181 ac
1092 1139 1264 1181 laudata
1291 1139 1463 1181 fuerunt
1490 1139 1534 1180 in
1563 1137 1824 1191 Rechabitis,

260 1212 346 1255 Jer.
385 1212 448 1254 35.
487 1211 733 1254 Posteriora
770 1211 813 1252 in
852 1210 1027 1263 reliquis
1060 1209 1257 1261 Judaeis3
1288 1212 1332 1252 at
1359 1225 1471 1252 nunc
1499 1212 1679 1263 utraque
1708 1210 1825 1251 dam-

259 1286 429 1335 nantur,
467 1283 502 1324 si
539 1283 632 1337 quis
671 1297 720 1325 ex
752 1282 953 1336 opinione
980 1282 1260 1334 necessitatis,
1289 1281 1478 1323 libertati
1504 1296 1580 1334 per
1609 1280 1826 1322 Christum

260 1355 384 1398 nobis
424 1356 574 1409 partae
611 1355 784 1397 omnino
822 1353 1114 1407 repugnantis,
1153 1368 1196 1395 se
1233 1355 1307 1394 aut
1345 1352 1461 1405 alios,
1500 1352 1642 1394 servili
1680 1366 1826 1394 eorum

257 1429 362 1481 jugo
393 1427 595 1480 implicet,
626 1425 715 1469 Gal.
748 1426 783 1475 5,
815 1426 849 1466 1.
881 1424 1039 1467 Coloss.
1069 1426 1106 1477 2,
1131 1426 1195 1466 20.

315 1497 554 1541 XXXVIII.
594 1497 812 1540 Pontificii
848 1499 949 1539 vota
986 1496 1174 1539 Judaicis
1206 1495 1374 1548 similia,
1405 1498 1478 1538 aut
1507 1495 1600 1548 sibi,
1631 1497 1703 1537 aut
1733 1495 1826 1538 aliis

260 1571 542 1624 imponentes,
566 1572 766 1611 votorum
788 1568 1080 1622 legitimorum
1105 1567 1376 1616 conditiones,
1401 1581 1581 1620 quarum
1602 1566 1826 1608 nonnullas

261 1640 433 1694 ipsimet
462 1640 717 1694 approbant,
747 1654 1018 1693 nequaquam
1049 1640 1287 1682 observant.

314 1710 512 1754 XXXIX.
554 1711 719 1754 Harum
758 1711 1050 1754 conditionum
1088 1710 1226 1766 prima
1263 1712 1339 1763 est,
1379 1709 1449 1753 Ut
1485 1709 1633 1752 fiant
1667 1711 1828 1763 juxta

264 1783 363 1825 Dei
404 1785 717 1838 praecepta.
760 1783 819 1824 At
858 1782 1023 1824 nullum
1061 1782 1105 1824 in
1135 1782 1333 1824 universa
1362 1781 1583 1835 Scriptura
1612 1781 1662 1823 de
1690 1781 1826 1823 tribus

262 1854 385 1907 votis,
424 1854 476 1896 ad
515 1869 622 1906 quae
659 1853 861 1896 Monachi
899 1853 1188 1895 Romanenses
1217 1854 1524 1907 astringuntur,
1553 1855 1829 1906 praeceptum

263 1928 453 1980 apparet.
492 1925 550 1967 Et
589 1926 781 1978 quamvis
819 1924 1190 1967 Bellarminus
1229 1924 1397 1978 singula
1433 1926 1534 1966 vota
1574 1939 1625 1965 ex
1655 1924 1829 1977 quibus-

263 1997 359 2038 dam
397 1995 643 2050 Scripturae
679 1995 783 2038 locis
819 1995 863 2037 in
902 2011 1071 2038 sensum
1100 1995 1285 2038 alienum
1315 2011 1339 2038 a
1368 2011 1411 2039 se
1441 1996 1619 2039 detortis
1646 1996 1829 2050 probare

263 2070 445 2121 satagat,
473 2067 636 2109 nullum
664 2070 810 2109 tamen
838 2067 1049 2121 producit,
1080 2081 1164 2119 quo
1195 2067 1277 2109 illa·
1299 2067 1559 2121 conjunctim
1588 2067 1784 2110 affirmet.

317 2139 404 2181 XL.
442 2138 635 2182 Secunda
673 2141 748 2191 est,
786 2137 863 2181 Ne
902 2138 1043 2192 quod
1079 2139 1243 2180 verbo
1274 2138 1371 2180 Dei
1402 2138 1827 2192 praescribitur,

264 2215 355 2254 aut
392 2211 759 2266 permittitur,
797 2212 923 2252 voto
962 2210 1146 2263 aliquo
1179 2209 1531 2264 impediatur.
1562 2209 1643 2254 Sed
1671 2210 1754 2253 hoc
1779 2211 1829 2252 fit

265 2286 364 2325 voto
395 2282 674 2336 paupertatis,
706 2281 972 2324 obedientiae
1003 2284 1045 2324 et
1070 2281 1315 2323 caelibatus.

317 2353 425 2396 XLI.
454 2353 569 2396 Nam
596 2356 697 2395 voto
727 2353 1007 2407 paupertatis,
1037 2355 1111 2394 aut
1135 2353 1281 2406 potius
1305 2352 1604 2405 mendicitatis,
1629 2352 1830 2395 Monachi

264 2441 288 2467 a
316 2425 461 2467 labore
492 2440 618 2478 quem
642 2424 758 2466 Deus
783 2424 956 2466 cuilibet
979 2424 1144 2466 homini
1169 2423 1392 2478 praecipit,
1419 2422 1520 2466 Gen.
1544 2424 1581 2476 3,
1606 2423 1668 2465 19.
1692 2423 1828 2465 Exod.

265 2497 328 2549 20,
359 2498 394 2539 9.
427 2496 479 2538 ad
509 2496 609 2548 otia,
640 2510 747 2549 quae
777 2496 879 2537 dant
908 2495 1026 2548 vitia,
1056 2495 1336 2537 abducuntur.

317 2567 447 2610 XLII.
472 2566 636 2609 Deinde
659 2569 761 2608 voto
788 2566 1053 2609 obedientiae
1078 2567 1297 2620 regularis,
1321 2567 1386 2609 vel
1409 2566 1556 2620 potius
1571 2565 1830 2619 irregularis,

264 2640 403 2691 iidem,
433 2638 682 2693 posthabito
713 2639 815 2680 voto
847 2637 1112 2680 obedientiae
1141 2637 1390 2680 universalis
1416 2637 1495 2680 soli
1519 2635 1687 2679 Christo
1713 2636 1831 2678 debi-

264 2713 347 2763 tae,
372 2712 497 2763 juxta
526 2710 666 2752 Patris
695 2710 954 2759 mandatum,
984 2709 1135 2752 Hunc
1164 2710 1369 2763 audite,
1399 2709 1523 2752 Matt.
1547 2710 1609 2763 17,
1632 2709 1668 2751 5.
1694 2709 1830 2763 parti-

267 2782 480 2824 cularibus
519 2796 568 2824 ac
604 2781 779 2824 diversis
816 2781 941 2835 hujus
979 2782 1045 2824 vel
1077 2782 1190 2824 illius
1218 2781 1404 2825 Praelati
1433 2782 1592 2836 regulis
1620 2781 1830 2835 humanis,

266 2856 487 2907 tamquam
525 2853 727 2895 divinitus
765 2853 982 2907 ordinatis,
1017 2853 1268 2908 simpliciter
1298 2856 1339 2897 et
1367 2854 1456 2896 sine
1484 2852 1568 2895 ulla
1596 2852 1831 2896 sententiae

270 2939 317 2967 ac
342 2925 491 2978 judicii
520 2926 584 2966 sui
613 2926 817 2968 contrarii
846 2925 1094 2979 exceptione
1122 2925 1374 2968 auscultant.

322 2995 474 3039 XLIII.
500 2996 645 3038 Tertio
669 2997 848 3050 denique
869 2999 969 3039 voto
990 2997 1187 3051 perpetui
1204 2996 1444 3049 caelibatus,
1462 2994 1661 3039 Monachi
1675 2995 1831 3049 injuste
