1931 3224
557 132 621 175 DE
650 131 913 174 MAGISTRATU
942 129 1147 173 Pomrmo.
1550 131 1629 173 613

72 257 258 300 officium
287 272 311 299 a
338 256 443 298 vitio
469 255 684 309 adjuncto,
709 254 1065 309 distinguendum,
1091 254 1257 308 Deique
1282 254 1540 296 ordinationi
1556 270 1632 308 per

70 345 113 372 se
151 330 288 371 bonae
323 342 595 381 nequaquam
630 326 890 380 praejudicio
929 340 978 367 ac
1006 325 1146 367 fraudi
1177 340 1265 367 esse
1293 325 1429 378 debet,
1461 326 1534 367 sed
1561 326 1630 367 liic

69 402 113 443 in
149 400 231 442 Dei
259 399 529 454 providentia
558 398 941 451 conquiescendum
970 400 1045 449 est,
1074 398 1294 451 improbos
1324 397 1551 451 aliquando
1582 413 1630 440 ac

70 473 297 514 sceleratos
334 471 386 512 ad
423 470 545 523 Reip.
585 469 872 523 gubernacula
911 468 1162 520 adhibentis,
1193 471 1241 509 ut
1270 483 1346 521 per
1376 482 1447 510 eos
1477 469 1627 521 populi

71 543 133 586 sui
187 545 363 596 peccata
410 542 610 594 corrigat.
659 540 758 582 Ideo
807 539 1041 593 Apostolus
1081 538 1234 580 Petrus
1278 540 1412 591 docet,
1454 542 1631 594 propter

71 614 210 656 Deum
247 613 528 655 obediendum
566 627 655 654 esse
692 611 1032 671 Magistratibus,
1072 611 1201 652 etiam
1228 610 1435 659 Ethnicis,
1467 612 1487 651 1
1518 610 1633 652 Petr.

71 687 107 737 2,
151 685 212 726 13.
256 684 314 726 Et
356 684 524 735 Paulus,
562 685 739 737 propter
779 682 1092 732 conscientiam,
1131 681 1254 723 Rom.
1291 682 1352 733 13,
1393 682 1428 723 5.
1467 696 1520 723 ne
1559 696 1634 723 sua

71 756 233 798 scilicet
275 755 475 797 adversus
518 769 588 797 eos
626 753 857 796 rebellione
895 753 976 795 sibi
1009 752 1405 795 condemnationem
1443 753 1634 805 afferant,

73 827 196 869 Rom.
226 827 291 879 13,
320 828 357 868 2.

125 897 237 940 XIX.
284 897 541 951 Hujusmodi
587 900 730 938 tamen
776 896 1019 938 rebellionis
1067 898 1233 938 exortes
1279 898 1377 938 sunt
1413 895 1634 938 inferiores

72 969 366 1023 Magistratus,
405 968 478 1021 qui
514 983 678 1010 summo
714 966 990 1020 Magistratui
1020 982 1043 1008 a
1072 981 1115 1008 se
1143 966 1434 1019 collegialiter,
1465 967 1635 1009 nomine

72 1040 322 1082 universalis
364 1039 689 1081 consociationis
731 1038 864 1080 electo
909 1052 956 1079 ac
998 1038 1183 1079 limitata
1220 1039 1387 1079 tantum
1419 1040 1634 1091 potestate

71 1112 294 1163 instructo,
333 1112 563 1164 propterea
598 1110 814 1162 resistunt,
854 1109 968 1161 quod
1005 1109 1087 1150 Dei
1125 1108 1438 1151 ordinationem
1471 1109 1636 1152 solenni

68 1184 311 1237 juramento
354 1181 561 1223 sancitam
602 1181 797 1234 improbo
842 1195 916 1222 8110
961 1181 1148 1234 perjurio
1193 1181 1338 1232 violat,
1377 1180 1554 1223 Ordines
1594 1183 1636 1223 et

72 1254 222 1308 Remp.
251 1268 337 1295 non
365 1253 503 1295 minus
533 1253 821 1305 pertinaciter,
853 1266 980 1304 quam
1009 1252 1245 1303 crudeliter,
1275 1252 1511 1306 privilegiis
1536 1267 1634 1305 spo-

72 1326 160 1377 liat,
189 1326 234 1367 in
258 1340 365 1378 quae
386 1326 616 1378 juraverat,
645 1324 894 1377 priusquam
918 1323 970 1365 ab
995 1324 1047 1365 iis
1064 1322 1267 1377 Princeps
1284 1323 1635 1375 constitueretur-3

72 1412 201 1452 penes
241 1411 347 1450 quos
387 1398 478 1438 erat
505 1396 647 1450 ipsum
675 1395 755 1437 hac
783 1396 877 1448 lege
906 1395 1128 1437 ordinandi
1158 1397 1363 1448 potestas,
1394 1398 1441 1437 ut
1465 1396 1499 1437 si
1519 1397 1634 1449 juste

72 1484 121 1511 ac
148 1469 378 1511 secundum
402 1469 500 1521 jura
528 1468 714 1522 ipsorum
747 1469 927 1521 regeret,
956 1482 1034 1520 pro
1064 1468 1180 1520 ipso3
1206 1466 1271 1508 sin
1299 1466 1456 1520 injuste
1479 1469 1520 1508 et
1536 1482 1635 1509 con-

72 1543 140 1582 tra
176 1540 369 1594 ipsorum
402 1540 510 1592 jura,
548 1538 749 1580 adversus
787 1538 929 1592 ipsum
968 1537 1109 1591 gladio
1138 1540 1371 1579 uterentur.
1401 1537 1495 1579 Hoc
1525 1539 1637 1580 enim

72 1627 191 1654 suam
221 1625 269 1653 ac
297 1610 462 1664 patriae
491 1624 590 1652 suae
618 1609 860 1651 libertatem
892 1609 1169 1666 conservandi
1193 1610 1266 1662 jus
1296 1609 1378 1650 sibi
1397 1609 1587 1662 legitime
1613 1625 1637 1651 a

72 1683 305 1737 majoribus
343 1683 448 1724 suisv
469 1696 727 1733 concessum,
759 1684 800 1723 et
833 1696 857 1722 a
891 1681 1089 1734 Principe
1114 1680 1308 1733 eligendo
1334 1680 1634 1734 approbatum,

71 1755 154 1808 ipsi
195 1755 311 1796 nullo
353 1756 480 1808 pacto
523 1753 752 1806 negligere,
800 1755 874 1794 aut
902 1752 946 1794 in
977 1752 1164 1806 spolium
1202 1766 1414 1805 exponere
1443 1754 1635 1805 possunt,

75 1828 148 1868 aut
177 1826 344 1868 debent.

125 1897 220 1939 XX.
259 1896 442 1938 Materia
480 1896 547 1937 vel
577 1896 791 1948 objectum
820 1894 1043 1948 personale
1073 1895 1182 1936 circa
1212 1894 1326 1947 quod
1354 1893 1515 1936 functio
1544 1893 1636 1936 Ma-

74 1969 280 2025 gistratus
318 1969 522 2019 versatur,
562 1968 624 2008 est
663 1966 800 2008 omnis
837 1965 979 2017 homo,
1010 1965 1061 2006 ab
1090 1964 1304 2018 Apostolo
1335 1964 1637 2018 synecdochice

73 2041 223 2091 dictus,
256 2038 428 2081 omnis
458 2039 647 2090 anima,
676 2037 799 2079 Rom.
832 2038 896 2089 13,
922 2038 957 2078 1.
985 2038 1270 2090 cujuscunque
1295 2036 1350 2077 sit
1367 2036 1637 2087 conditionis,

73 2112 160 2153 sive
190 2112 246 2153 sit
277 2111 379 2153 civis
406 2110 742 2159 Ecclesiasticus,
772 2110 859 2150 sive
889 2108 1101 2162 politicus.
1134 2107 1255 2156 Quod
1283 2110 1397 2150 recte
1425 2108 1637 2149 intellexit

74 2183 416 2237 Chrysostomus,
454 2182 594 2223 locum
632 2182 753 2223 illum
792 2180 993 2234 Apostoli
1032 2180 1092 2222 sic
1123 2180 1349 2232 explicans,
1381 2178 1637 2221 Ostendit

73 2255 391 2309 Apostolus,
422 2254 562 2306 quod
590 2253 698 2294 ista
726 2253 1071 2305 imperentur
1096 2251 1354 2303 omnibus,
1380 2254 1431 2293 et
1457 2251 1637 2293 Sacer-

74 2326 308 2377 dotibus,
353 2327 404 2366 et
444 2323 739 2375 Monachis,
784 2337 887 2364 non
917 2323 1088 2364 solum
1132 2322 1496 2364 secularibus:
1541 2323 1636 2364 eti-

74 2397 206 2440 amsi
259 2397 565 2450 Apostolus
617 2395 701 2447 sit,
755 2395 799 2435 si
850 2393 1227 2447 Evangelista,
1271 2394 1315 2435 si
1344 2392 1634 2447 Propheta,

74 2469 188 2512 sive
218 2468 471 2521 quisquis
494 2467 678 2519 fuerit,
702 2481 875 2519 neque
905 2466 1042 2507 enim
1067 2465 1334 2520 pietatem
1359 2464 1638 2507 subvertit

73 2542 184 2582 ista
213 2540 501 2593 subjectio.
530 2538 588 2580 Et
616 2537 818 2580 Bernard.
848 2537 912 2578 sui
942 2537 1071 2579 seculi
1101 2537 1282 2579 Clericos
1312 2538 1371 2579 sic
1395 2537 1636 2589 alloquens:

76 2612 257 2655 Omnis
311 2612 487 2653 anima
527 2609 910 2663 potestatibus
955 2609 1375 2651 sublimioribus
1418 2608 1637 2649 subdita

75 2684 168 2736 sit3
221 2683 266 2725 si
314 2683 433 2735 quis
475 2684 656 2723 tentat
699 2681 965 2734 excipere,
1009 2683 1239 2722 conatur
1277 2680 1541 2734 decipere.
1583 2679 1637 2722 Si

76 2756 248 2798 omnis
278 2757 330 2797 et
357 2756 555 2796 vestra.
583 2752 713 2802 Quis
742 2766 834 2794 vos
865 2752 1082 2805 excepit
1114 2752 1175 2793 ab
1203 2751 1608 2793 universitate?

126 2826 242 2869 XXI.
271 2826 431 2868 Errant
460 2839 561 2879 ergo
591 2824 857 2875 Canonistae,
888 2823 1044 2876 aliique
1073 2823 1300 2875 Pontificii,
1332 2822 1405 2876 qui
1427 2821 1636 2864 Ecclesia-

77 2899 206 2940 sticos
237 2913 261 2940 a
286 2899 392 2951 jugo
422 2896 701 2950 Magistratus
729 2895 897 2949 politici
926 2894 1098 2936 omnino
1128 2909 1177 2936 ac
1206 2893 1455 2948 simpliciter
1485 2893 1638 2935 immu-

75 2984 150 3011 nes
175 2984 264 3012 esse
288 2970 494 3019 asserunt,
519 2982 723 3020 suamque
747 2965 1026 3008 assertionem
1047 2967 1141 3018 jure
1167 2965 1309 3007 divino
1326 2965 1407 3006 niti
1423 2965 1634 3006 arbitran-
