1931 3224
624 87 687 128 Da
716 87 986 131 PnovaN'mA
1012 88 1104 131 Dm.
1594 90 1645 131 95

87 227 200 254 mam
252 225 421 253 causam
473 211 617 253 oculos
665 213 921 265 attollentes,
972 215 1250 267 agnoscentes
1294 215 1337 253 et
1378 212 1647 254 emendantes

86 286 261 337 peccata
299 298 386 335 sua,
423 283 467 324 in
495 284 713 337 prosperis
743 285 867 337 grati,
898 299 1053 326 nomen
1082 285 1171 337 ejus
1198 283 1480 334 celebrantes;
1510 283 1649 325 Deum

86 357 131 397 in
173 356 291 409 cujus
334 369 463 396 manu
507 358 606 396 sunt
650 370 795 398 omnes
832 358 1059 407 creaturae,
1095 356 1295 397 timentes
1326 357 1368 396 et
1396 357 1648 407 reverentes,

88 441 264 474 summo*
292 440 433 468 amore
471 429 791 479 prosequentes,
832 442 958 480 quem
996 429 1154 469 norunt
1191 426 1449 480 peculiarem
1478 441 1650 468 suorum

88 512 231 539 curam
260 512 418 551 gerere,
450 500 492 539 et
518 497 826 540 haereditatem
854 498 1079 540 coelestem
1109 499 1168 540 eis
1197 512 1382 551 parasse.

141 568 319 611 XXVII.
358 569 403 611 Si
442 570 536 622 quis
575 570 699 623 plura
729 570 949 622 desideret,
981 573 1023 612 et
1052 570 1104 611 ad
1135 584 1279 612 omnes
1308 569 1519 611 humanae
1547 569 1651 611 rati-

88 640 181 681 onis
205 641 561 693 ·quaestiunculas
594 656 846 695 responsum
875 644 1101 695 exspectet,
1132 641 1276 683 audiat
1306 641 1498 683 eumdem
1527 656 1652 695 quem

87 711 211 753 initio
241 711 516 765 laudavimus,
547 711 812 754 Salvianum:
843 712 1070 754 Possum
1099 713 1315 765 quidem
1344 713 1652 756 rationabi-

87 783 223 825 liter
267 786 317 824 et
355 784 491 825 satis
531 786 854 825 constanter
891 784 1094 835 dicere,
1134 785 1320 826 nescio
1360 787 1650 836 secretum,

89 857 139 895 et
181 854 476 896 consilium
518 855 845 897 divinitatis
888 855 1098 908 ignoro.
1147 855 1383 897 Sufficit
1421 855 1554 898 mihi
1592 857 1652 898 ad

89 939 282 968 causae
306 926 467 979 hujus
491 926 882 979 probationem
907 926 1044 968 dicti
1072 926 1337 969 coelestis
1362 927 1651 969 oraculum.

87 997 229 1039 Deus
274 1013 298 1039 a
339 1011 391 1039 se
436 998 614 1039 omnia
657 997 794 1039 dicit
838 998 1036 1051 aspici,
1079 999 1257 1040 omnia
1295 999 1433 1052 regi,
1476 999 1653 1041 omnia

83 1068 339 1122 judicari.
369 1068 423 1111 Si
453 1069 594 1111 scire
624 1069 705 1121 vis
737 1069 865 1122 quid
893 1069 1184 1111 tenendum
1213 1071 1307 1122 sit,
1338 1070 1503 1112 habes
1532 1070 1653 1112 lite-

88 1155 176 1181 ras
216 1155 422 1183 sacras:
463 1141 717 1194 perfecta
754 1142 901 1183 ratio
938 1144 1019 1183 est
1047 1141 1148 1183 hoc
1176 1144 1385 1194 tenere,
1417 1142 1557 1195 quod
1585 1142 1653 1184 le-

92 1211 254 1265 geris.
294 1211 403 1261 Qua
445 1227 603 1254 causa
634 1214 810 1254 autem
839 1212 980 1255 Deus
1008 1213 1139 1255 haec
1168 1214 1227 1256 de
1256 1214 1451 1266 quibus
1479 1213 1654 1265 loqui-

92 1297 225 1334 mur,
255 1284 335 1325 ita
363 1283 558 1336 faciat,
588 1284 716 1326 nolo
746 1300 770 1326 a
797 1299 874 1327 me
902 1286 1168 1338 requiras.
1197 1286 1366 1329 Homo
1397 1302 1526 1338 sum,
1550 1301 1654 1327 non

94 1355 357 1409 intelligo
411 1358 624 1398 secreta
671 1356 790 1406 Dei;
837 1357 1183 1411 investigare
1224 1373 1328 1399 non
1370 1357 1558 1410 audeo,
1604 1360 1654 1399 et

87 1426 209 1468 ideo
257 1426 419 1469 etiam
461 1430 742 1470 attentare
785 1427 1043 1480 formido,
1087 1429 1211 1481 quia
1255 1431 1306 1470 et
1343 1429 1442 1471 hoc
1480 1429 1655 1483 ipsum

88 1513 259 1552 genus
299 1499 610 1552 sacrilegae
647 1499 989 1541 temeritatis
1028 1502 1129 1552 est⁷
1160 1500 1202 1541 si
1239 1500 1361 1553 plus
1401 1500 1543 1541 scire
1573 1515 1653 1542 cu-

89 1570 209 1623 pias
252 1585 406 1623 quam
449 1571 663 1612 sinaris.
708 1569 974 1612 Sufficiat
1017 1571 1142 1622 tibi,
1187 1571 1327 1623 quod
1364 1570 1504 1613 Deus
1542 1586 1566 1613 a
1604 1586 1654 1613 se

88 1642 261 1695 agiae
286 1642 814 1695 dispensaricuncta
838 1644 1102 1694 testatur,
1128 1643 1178 1684 de
1202 1641 1385 1684 Gubern.
1401 1641 1493 1695 Dei,
1511 1641 1601 1684 Lib.
1617 1643 1654 1684 3.

142 1711 342 1755 XXVIII.
373 1713 489 1763 Quae
520 1729 614 1755 cum
643 1714 705 1756 ita
734 1714 831 1763 sint,
863 1729 1044 1756 eorum
1071 1714 1381 1756 vecordiam
1407 1716 1458 1756 et
1486 1729 1654 1758 amen—

90 1783 224 1826 tiam
253 1784 726 1837 perhorrescimus
758 1785 875 1838 (sunt
900 1785 1028 1828 verba
1052 1785 1205 1828 Isidori
1229 1785 1486 1838 Pelusiotae,
1510 1785 1600 1829 Lib.
1617 1788 1654 1837 3,

93 1856 216 1909 epist.
250 1856 357 1909 154.)
402 1857 492 1909 qui
521 1859 613 1898 aut
641 1856 806 1898 Deum
834 1872 937 1899 non
967 1871 1082 1899 esse
1113 1859 1394 1899 statuunt:
1425 1859 1516 1899 aut
1541 1873 1655 1901 esse

94 1927 333 1979 quidem,
370 1927 618 1970 mundum
656 1930 833 1970 autem
871 1928 1288 1982 haudquaquam
1320 1928 1654 1980 condidisse;

93 2000 185 2040 aut
222 1998 266 2040 si
296 1999 631 2051 condiderit,
660 2000 879 2041 minime
909 1999 1240 2053 gubernare3
1270 2003 1362 2042 aut
1392 2000 1436 2042 si
1466 2001 1655 2055 guber·-

91 2071 203 2123 net,
242 2069 312 2111 iis
350 2070 441 2124 qui
480 2071 676 2113 vitium
714 2071 1115 2125 amplexantur,
1156 2071 1452 2123 oblectari3
1492 2074 1584 2114 aut
1612 2073 1656 2114 si

89 2155 196 2183 non
235 2141 567 2195 delectetur,
606 2142 893 2196 imperium
933 2142 1062 2185 aliis
1097 2144 1460 2195 concessisse;
1492 2146 1582 2185 aut
1611 2144 1656 2186 si

89 2227 194 2255 non
238 2213 598 2266 concesserit,
642 2214 816 2256 invito
859 2214 907 2256 ei
950 2217 1199 2268 ereptum
1240 2215 1434 2265 fuisse3
1474 2216 1566 2256 aut
1612 2214 1656 2257 si

89 2299 194 2327 non
245 2287 492 2339 ereptum
543 2285 636 2338 sit,
689 2285 972 2340 improbos
1024 2285 1225 2328 ulcisci
1266 2285 1434 2335 nolle3
1478 2287 1568 2327 aut
1611 2285 1655 2326 si

90 2356 246 2407 velit,
280 2371 383 2398 non
410 2371 591 2410 posse3
622 2359 713 2399 aut
743 2357 787 2399 si
815 2357 1017 2411 possit,
1047 2357 1220 2399 otium
1249 2355 1533 2409 antiquius
1569 2355 1654 2398 ha-

41 2421 43 2424 *
90 2428 237 2479 bere3
279 2430 371 2470 aut
414 2428 458 2470 si
501 2428 681 2470 carius
723 2443 826 2471 non
867 2428 1053 2481 habet,
1097 2428 1159 2470 ab
1199 2430 1472 2470 astrorum
1508 2429 1654 2469 motu

91 2499 362 2555 superari3
400 2501 492 2540 aut
521 2499 566 2541 si
594 2514 700 2542 non
729 2502 1044 2554 superetur,
1073 2500 1304 2541 inertem
1332 2513 1388 2540 ac
1418 2498 1654 2540 desidem

93 2585 210 2613 esse
237 2571 398 2613 velle:
428 2573 470 2612 et
499 2571 535 2613 si
559 2586 665 2625 quas
695 2571 852 2614 similes
879 2570 1165 2625 blasphemias
1195 2570 1426 2624 impiorum
1455 2571 1653 2612 evomant

93 2657 178 2695 ora,
210 2642 283 2696 qui
312 2643 496 2685 sentient
523 2642 707 2696 tandem,
737 2643 850 2696 quod

489 2733 611 2775 ’Ὲστι
644 2733 783 2785 μέγας
815 2734 853 2775 ἐν
884 2734 1025 2786 οὐρανῷ

493 2801 590 2848 Θεὸς
621 2799 661 2848 ὅς
685 2798 821 2856 ’ἐφορᾷ
852 2800 993 2843 πάντα
1025 2800 1093 2842 καὶ
1125 2798 1303 2852 κρατύνει

539 2868 622 2920 ,ΨΩ
654 2868 754 2920 δόξαι
787 2871 840 2917 εἷς
874 2869 962 2916 τοὺς
996 2870 1152 2916 ικῖῶνοις.
