1931 3224
708 133 773 177 DE
800 135 980 181 PnccA'ro
1007 140 1199 185 AcTuAM.
1656 155 1732 197 139

173 252 218 293 in
245 252 326 295 hac
353 254 442 297 vita
469 257 536 298 vel
563 258 608 300 in
635 258 780 301 futura
806 261 1000 306 homines
1023 265 1352 320 impoenitentes
1377 276 1477 315 sunt
1501 279 1730 329 experturi.

172 321 259 365 Ira
306 325 443 367 enim
486 330 537 369 et
575 331 1054 388 excandescentia,
1094 338 1343 383 afflictio
1383 346 1432 385 et
1470 349 1729 399 angustia

172 394 428 438 adversus
467 412 670 442 omnem
702 402 931 446 animam
962 406 1222 463 hominis,
1258 413 1348 465 qui
1382 415 1575 458 malum
1608 433 1727 472 ope-

168 467 345 518 ratur,
373 467 497 511 Rom.
527 471 564 522 2,
594 472 630 514 8.
659 473 696 515 9.

221 536 399 580 XXVII.
427 539 520 583 Nec
549 557 648 586 vero
678 546 845 588 tantum
867 549 1162 603 temporarias,
1187 554 1259 596 sed
1285 558 1326 597 et
1349 559 1542 601 aeternas
1566 575 1725 614 poenas

166 612 389 662 peccatum
415 615 612 664 meretur,
642 618 997 669 quemadmodum
1023 621 1213 666 Christus
1242 625 1347 669 Mat.
1377 629 1440 681 25,
1470 630 1534 672 41.
1564 633 1724 675 denun-

166 679 316 722 ciabit:
343 681 424 724 Ite
453 684 738 728 maledicti
765 688 819 730 in
841 689 1022 742 ignem
1045 696 1334 739 aeternum.
1359 698 1418 741 Et
1440 715 1539 744 sane
1559 703 1723 755 justum

164 752 239 802 est,
277 753 325 793 ut
361 757 538 806 peccata
575 770 683 809 quae
722 758 920 803 adversus
958 762 1038 805 Dei
1076 779 1283 810 summam
1311 771 1579 824 majestatem
1608 789 1722 817 com-

161 822 404 876 mittuntur,
442 828 617 869 summis
655 829 784 871 etiam
820 834 969 886 poenis
1008 835 1193 890 luantur,
1224 854 1328 892 quas
1357 842 1566 886 intensive
1596 846 1721 889 simul

161 895 203 934 et
231 895 361 937 semel
383 895 595 940 Mediator
618 902 764 943 noster
787 902 832 944 in
861 918 982 947 cruce
1006 910 1054 948 ut
1077 922 1154 950 nos
1180 910 1232 952 ab
1257 911 1309 953 iis
1333 913 1548 968 liberaret,
1572 921 1718 961 nostro

158 964 252 1007 1000
292 966 507 1019 exhausit3
546 985 642 1012 cum
680 987 779 1014 vero
810 976 976 1018 ceterae
1005 979 1142 1022 nudae
1171 986 1388 1027 creaturae
1416 986 1625 1031 intensive
1653 1005 1718 1032 111-

156 1035 300 1078 finitas
339 1038 514 1081 sufferre
550 1056 636 1084 non
673 1045 854 1098 possint,
894 1061 1077 1101 aequum
1106 1054 1170 1093 est
1198 1056 1246 1095 ut
1275 1057 1490 1100 extensive
1519 1074 1716 1114 51111111105,

155 1106 198 1148 id
229 1109 304 1159 est,
335 1109 557 1153 duratione
584 1113 785 1169 infinitas,
816 1132 963 1160 eorum
990 1120 1083 1163 1000
1114 1124 1343 1176 perferant.

206 1177 409 1223 XXVIII.
446 1181 568 1225 Adde
608 1186 722 1238 quod
760 1193 947 1244 peccata,
979 1207 1087 1246 quae
1115 1211 1193 1249 per
1223 1202 1589 1252 supernaturalem
1618 1219 1716 1257 gra-

152 1249 269 1303 tiam,
322 1266 369 1294 ac
415 1255 727 1307 poenitentiam
768 1275 912 1303 veram
954 1279 1172 1319 nunquam
1216 1269 1541 1325 abrumpuntur,
1585 1275 1714 1317 etiam

150 1336 370 1375 nunquam
405 1324 620 1381 finiantur,
658 1331 768 1374 unde
807 1336 849 1375 01
888 1349 1034 1378 00111111
1069 1353 1208 1392 poena
1246 1356 1465 1395 nunquam
1492 1344 1603 1387 finiri
1634 1362 1712 1400 po-

149 1394 256 1444 test3
296 1397 338 1437 et
375 1411 506 1449 quum
534 1398 649 1443 Deus
679 1402 973 1448 obedientibus
1001 1408 1088 1462 legi
1116 1413 1288 1454 aeterna
1316 1416 1505 1466 praemia
1533 1416 1588 1458 511
1617 1418 1711 1470 pol-

147 1463 302 1518 licitus,
340 1468 535 1520 justitiae
574 1471 740 1517 divinae
777 1476 887 1518 ratio
927 1478 1055 1520 etiam
1093 1483 1300 1536 postulat,
1339 1487 1387 1526 ut
1425 1501 1563 1539 poena
1601 1503 1709 1542 quae

146 1536 337 1589 praemio
367 1541 539 1583 aeterno
571 1545 817 1599 opponitur,
848 1563 1017 1602 quoque
1046 1552 1103 1593 sit
1131 1555 1314 1596 aeterna.

198 1607 355 1651 XXIX.
395 1610 563 1656 Natura
601 1617 766 1668 peccati
806 1618 888 1662 hoc
926 1622 1053 1664 modo
1092 1625 1195 1666 satis
1236 1627 1460 1681 explicata,
1499 1633 1631 1673 restat
1659 1635 1707 1673 ut

145 1679 195 1721 de
232 1683 399 1734 peccati
434 1685 612 1727 actualis
650 1689 787 1730 causis
827 1693 868 1732 et
896 1693 1121 1745 generibus
1151 1697 1355 1739 nonnulla
1385 1699 1704 1754 subjungamus.

195 1749 330 1794 XXX.
362 1752 498 1796 Causa
526 1757 692 1808 peccati
722 1759 905 1803 efficiens
934 1777 1010 1805 nec
1040 1764 1085 1806 in
1114 1764 1220 1818 Deo,
1250 1782 1328 1810 nec
1356 1770 1400 1811 in
1430 1770 1572 1813 divina
1602 1787 1704 1826 pro-

140 1821 329 1865 videntia
376 1827 552 1879 proprie
604 1831 667 1870 est
707 1833 959 1885 quaerenda,
1003 1849 1122 1877 nam
1164 1851 1316 1880 omne
1360 1842 1501 1893 quod
1545 1842 1688 1886 Deus

140 1891 296 1947 fecit,
337 1898 455 1938 erat
493 1898 651 1942 valde
690 1900 907 1956 bonum,
946 1903 1048 1947 Gen.
1091 1908 1126 1960 1,
1166 1909 1230 1950 31.
1265 1912 1393 1964 atque
1425 1928 1556 1967 opus
1586 1917 1701 1969 ejus

138 1964 444 2017 perfectum
469 1971 570 2023 est,
596 1973 646 2012 et
671 1986 850 2015 01111105
872 1975 991 2018 viae
1015 1978 1130 2031 ejus
1157 1983 1410 2036 suntjus,
1434 1984 1558 2028 Deut.
1583 1987 1646 2040 32,
1662 1989 1699 2030 4.

138 2032 247 2077 Imo
289 2051 385 2079 1100
424 2038 542 2092 ipse
582 2041 644 2083 ad
681 2044 876 2088 malum
912 2049 1122 2092 tentari
1160 2055 1371 2107 potest,
1409 2070 1504 2099 nec
1542 2073 1699 2112 quen-

138 2120 295 2159 quam
322 2110 523 2164 tentat,
553 2111 644 2156 Jac.
673 2116 706 2156 1.
736 2116 798 2159 12.

190 2177 349 2222 XXXI.
385 2180 588 2226 Fatemur
625 2187 808 2242 quidem,
848 2192 991 2234 omnia
1021 2207 1129 2246 quae
1157 2195 1201 2237 in
1230 2198 1387 2241 mundo
1417 2199 1538 2254 fiunt,
1568 2203 1697 2246 etiam

137 2263 245 2302 quae
272 2253 557 2298 maximorum
586 2257 792 2301 scelerum
820 2262 1032 2305 rationem
1060 2264 1231 2317 habent,
1261 2271 1490 2314 secundum
1519 2272 1600 2316 Dei
1629 2289 1696 2317 ar-

134 2335 283 2363 canam
318 2324 583 2369 voluntatem
621 2331 663 2371 01
700 2332 1015 2384 providentiam
1052 2335 1157 2390 fieri,
1194 2338 1289 2381 Act.
1327 2342 1364 2393 2,
1399 2343 1460 2384 23.
1492 2346 1534 2385 01
1563 2345 1600 2397 3,
1632 2346 1694 2388 18.

133 2391 216 2435 Sed
251 2396 395 2437 tamen
431 2397 529 2440 inde
565 2413 651 2441 non
689 2403 893 2456 sequitur,
933 2404 1072 2448 Deum
1099 2407 1185 2451 ullo
1214 2411 1341 2453 modo
1371 2426 1517 2455 eorum
1545 2414 1694 2470 culpae

132 2478 222 2507 esse
250 2465 433 2519 affinem,
463 2469 572 2511 sicut
594 2470 803 2516 Libertini
820 2475 1148 2530 -blasphemant3
1174 2481 1274 2533 quia
1298 2482 1380 2525 Dei
1404 2498 1508 2539 opus
1533 2485 1692 2529 bonum

131 2550 156 2577 a
195 2537 309 2579 malo
352 2553 480 2593 opere
520 2544 736 2586 creaturae
772 2545 815 2587 in
852 2547 999 2591 eadem
1034 2551 1202 2594 actione
1239 2553 1386 2597 sedulo
1427 2555 1691 2611 distinguen-

131 2606 230 2649 dum
259 2611 334 2651 est.

182 2678 360 2722 XXXII.
402 2680 516 2724 Nam
554 2684 663 2727 sicut
707 2686 821 2731 Deus
864 2689 1073 2734 bonorum
1112 2696 1299 2737 omnium
1337 2712 1464 2740 causa
1500 2700 1690 2745 effectrix

129 2751 192 2791 est
230 2752 272 2792 01
310 2752 559 2807 ordinatriX,
599 2756 661 2798 ita
699 2761 887 2803 omnium
923 2764 1134 2807 malorum
1171 2781 1278 2819 quae
1315 2783 1365 2810 ex
1396 2771 1483 2824 ejus
1512 2774 1690 2825 permis-

129 2821 246 2864 sione
282 2822 402 2876 fiunt,
441 2827 615 2880 proprie
650 2844 736 2872 non
765 2832 967 2887 effectrix,
997 2836 1070 2878 sed
1099 2836 1336 2881 ordinatrix
1364 2842 1534 2884 tantum
1562 2858 1689 2888 causa

130 2894 194 2934 est
231 2895 274 2935 et
313 2896 586 2951 moderatrix,
625 2899 733 2943 sicut
770 2902 984 2959 Josephus
1023 2907 1214 2960 loquitur
1251 2909 1352 2953 Gen.
1391 2913 1456 2966 50,
1486 2915 1549 2957 20.
1579 2916 1686 2958 Vos

127 2963 339 3015 quidem
377 2969 781 3022 cogitaveratis
818 2978 1009 3038 contra
1046 2993 1121 3021 me
1158 2981 1372 3035 malum,
1413 2985 1504 3027 sed
1541 2985 1682 3030 Deus
