1931 3224
278 142 356 182 656
882 142 1123 186 DrsPUTATIO
1151 142 1239 187 LII.

277 268 365 307 tem
401 279 520 307 suam
548 266 754 319 singulari
783 268 949 310 ratione
978 269 1366 322 manifestaturum,
1394 284 1480 311 non
1508 257 1676 311 tantum
1705 270 1838 323 signis

279 336 415 388 certis,
442 336 565 378 sicuti
589 336 699 379 Mosi
723 353 772 379 ac
796 338 1027 394 Prophetis
1052 355 1171 382 suam
1195 341 1480 394 praesentiam
1504 344 1623 383 extra
1648 341 1839 383 ordinem

278 423 580 462 nonnunquam
619 424 695 463 per
733 410 856 464 signa
891 411 1105 464 patefecit,
1145 413 1216 454 sed
1253 412 1315 454 vel
1345 412 1555 466 imprimis
1583 413 1627 454 in
1654 412 1839 454 humana

278 479 436 522 Christi
467 483 618 523 natura
641 482 731 534 jam
761 482 1021 536 glorificata3
1052 498 1125 538 per
1155 499 1283 536 quam
1312 484 1443 526 veluti
1475 484 1746 537 conjunctum
1776 484 1838 525 di-

277 552 467 594 vinitatis
496 552 837 607 instrumentum,
867 554 1033 608 plenius
1064 570 1112 597 ac
1140 554 1406 597 manifestius
1437 555 1599 597 divinas
1630 570 1724 597 suas
1739 570 1837 610 pro-

277 623 480 676 prietates
510 639 558 666 ac
584 625 764 679 gloriam
790 625 1102 678 quodammodo
1125 627 1399 680 spectandam
1426 627 1655 670 exhibebit.
1683 626 1838 676 Quem-

278 695 505 737 admodum
530 696 702 749 aliquod
727 697 814 750 ejus
838 697 900 739 rei
925 698 1225 740 documentum
1250 698 1443 740 exhibuit
1467 699 1512 740 in
1527 698 1838 752 glorificatione

278 766 449 820 Christi,
479 767 634 810 Matth.
665 768 727 821 17,
758 771 800 811 et
828 768 924 811 Luc.
955 771 991 812 9.
1021 770 1125 812 item
1148 770 1193 812 in
1216 770 1450 813 visionibus
1473 771 1556 812 illis
1584 785 1691 824 quae
1717 771 1838 824 Apo-

277 839 386 881 stolo
418 839 551 881 Paulo
580 840 624 882 in
652 840 903 883 Paradisum
926 843 1064 896 rapto,
1090 844 1114 883 2
1139 842 1232 885 Cor.
1261 843 1323 884 12.
1348 845 1389 885 et
1413 842 1620 898 Apostolo
1647 842 1676 884 J
1679 842 1837 885 ohanni

276 926 352 964 per
390 911 599 966 Spiritum
636 916 745 966 acto,
774 928 860 956 non
888 929 1106 967 nunquam
1135 914 1303 956 oblatae
1333 917 1430 957 sunt
1458 915 1618 969 passim
1645 914 1690 956 in
1718 915 1837 968 Apo-

276 983 451 1037 calypsi.

329 1053 444 1096 XIV.
488 1054 666 1098 Interim
707 1058 851 1099 tamen
889 1057 1126 1111 asserimus,
1165 1058 1373 1101 visionem
1411 1058 1503 1111 Dei,
1542 1059 1587 1100 in
1626 1074 1708 1112 qua
1743 1060 1839 1113 ipsa

277 1127 431 1169 summi
459 1127 561 1170 boni
592 1129 773 1171 essentia
800 1144 877 1183 per
907 1145 950 1172 se
979 1130 1187 1181 consistit,
1216 1146 1302 1173 non
1331 1145 1419 1173 esse
1449 1131 1622 1186 proprie
1648 1131 1837 1185 corporis

277 1198 348 1241 sed
387 1199 539 1241 animi:
570 1201 670 1253 quia
699 1201 879 1243 essentia
908 1201 1141 1255 spiritualis
1170 1217 1246 1255 per
1276 1217 1319 1245 se
1349 1202 1563 1256 corporeis
1592 1203 1723 1244 oculis
1751 1217 1837 1244 non

275 1273 407 1325 patet.
434 1270 556 1314 Unde
582 1275 623 1314 et
648 1271 762 1315 Deus
779 1273 973 1316 absolute
988 1273 1157 1327 ἀόρατος
1176 1275 1228 1316 ab
1244 1274 1455 1328 Apostolo
1472 1274 1728 1328 appellatur,
1747 1273 1834 1315 Col.

277 1344 312 1395 1,
342 1344 403 1385 15.
429 1342 477 1385 Id
493 1358 591 1386 vero
616 1343 716 1386 hinc
743 1360 912 1398 quoque
938 1348 1070 1399 patet,
1098 1346 1211 1399 quod
1236 1346 1401 1388 animae
1426 1345 1614 1388 fidelium
1637 1346 1681 1387 in
1707 1345 1836 1388 coelis

275 1414 355 1456 hac
383 1415 646 1458 beatitudine
676 1431 726 1458 ex
755 1416 836 1458 Dei
864 1416 1026 1459 visione
1051 1419 1142 1471 jam
1170 1417 1381 1470 fruantur,
1407 1420 1448 1460 et
1473 1417 1586 1470 quod
1611 1417 1767 1471 Angeli
1791 1418 1836 1459 in

277 1486 402 1528 coelis
427 1502 593 1542 semper
616 1488 788 1530 videant
811 1488 965 1530 faciem
987 1488 1129 1531 Patris
1156 1490 1229 1543 qui
1251 1492 1395 1532 tamen
1411 1489 1662 1543 corporibus
1679 1491 1834 1532 carent.

277 1558 640 1608 Quemadmodum
683 1560 811 1602 etiam
846 1560 1081 1614 Apostolus
1118 1561 1274 1604 idcirco
1311 1577 1459 1604 vocem
1497 1562 1756 1618 cognitionis
1795 1564 1836 1604 et

275 1631 450 1674 visionis
487 1632 598 1675 inter
635 1647 679 1674 se
716 1632 956 1686 permiscet,
995 1636 1123 1686 atque
1161 1633 1274 1676 hunc
1308 1636 1529 1687 aspectum
1566 1633 1615 1675 de
1653 1633 1759 1675 facie
1792 1633 1836 1674 in

273 1703 437 1756 faciem,
475 1703 712 1757 cognitioni
751 1718 859 1757 quae
898 1719 947 1747 ex
986 1708 1107 1759 parte
1146 1708 1220 1758 est,
1261 1708 1424 1748 exserte
1461 1705 1654 1760 opponit,
1678 1702 1709 1746 '1
1741 1704 1836 1747 Cor.

277 1776 339 1827 13,
368 1772 569 1818 lahem
597 1775 708 1829 fidei,
738 1777 762 1817 2
792 1775 885 1818 Cor.
915 1777 952 1829 5,
982 1778 1019 1819 8.

328 1846 423 1890 XV.
463 1847 528 1889 De
564 1848 691 1890 modo
719 1847 846 1901 hujus
874 1848 1049 1891 visionis
1079 1850 1213 1892 multa
1242 1849 1458 1891 subtiliter
1489 1852 1530 1891 et
1560 1849 1722 1891 curiose
1752 1849 1835 1891 dis—

274 1921 431 1972 putant
473 1918 746 1961 Scholastici:
789 1934 867 1963 nos
910 1936 957 1963 ea
999 1923 1169 1964 tantum
1211 1922 1501 1974 delibabimus,
1541 1936 1648 1975 quae
1683 1921 1837 1964 Sacrae

275 1990 519 2045 Scripturae
561 1991 860 2045 fundamentis,
905 1995 977 2034 aut
1020 1994 1186 2036 ratione
1223 1993 1345 2035 firma
1381 1993 1589 2045 nituntur,
1628 1995 1756 2046 atque
1784 1992 1837 2034 ad

275 2062 475 2113 οἰκοδομὴν
501 2067 571 2111 τῆς
603 2064 746 2117 χρείαις
772 2064 1002 2117 pertinent,
1040 2064 1217 2118 reliquis
1246 2065 1608 2119 speculationibus
1637 2065 1757 2107 vanis
1785 2064 1838 2107 ad

275 2135 469 2176 auctores
499 2148 596 2177 suos
626 2136 826 2178 remissis.

328 2205 442 2248 XVI.
480 2206 538 2248 Et
574 2206 712 2260 primo
750 2207 922 2260 quidem
960 2208 1201 2262 disputatur
1239 2209 1292 2251 ab
1329 2209 1426 2262 illis,
1466 2224 1519 2251 an
1556 2209 1671 2251 beati
1698 2208 1836 2262 ipsam

277 2276 462 2318 divinam
490 2278 716 2320 essentiam
745 2278 989 2321 immediate
1018 2279 1103 2322 sint
1130 2280 1274 2333 visuri,
1305 2296 1357 2323 an
1386 2295 1485 2323 vero
1512 2282 1600 2334 ejus
1626 2280 1836 2333 quendam

275 2347 486 2402 fulgorem
529 2350 795 2403 spiritualem
837 2353 1004 2392 tantum
1045 2354 1087 2393 et
1124 2352 1411 2404 ἀπαύγασμα.
1463 2351 1554 2395 Nos
1600 2352 1836 2405 asserimus,

274 2418 485 2473 fulgorem
514 2420 634 2462 illum
664 2437 957 2475 quemcunque
986 2423 1158 2465 tandem
1186 2424 1461 2476 constituant,
1485 2425 1721 2467 necessario
1745 2424 1837 2466 fore

277 2506 367 2533 rem
396 2495 593 2546 creatam,
623 2508 671 2535 ac
698 2494 878 2547 proinde
908 2509 932 2536 a
960 2493 1052 2537 Deo
1084 2495 1302 2538 diversam.
1334 2495 1554 2550 Scriptura
1582 2510 1683 2538 vero
1706 2498 1837 2538 testa-

277 2566 359 2616 tur,
398 2567 588 2607 nostram
625 2565 934 2608 beatitudinem
971 2567 1015 2608 in
1055 2567 1215 2610 visione
1245 2567 1378 2622 ipsius
1409 2567 1490 2610 Dei
1519 2568 1762 2620 consistere,
1790 2568 1838 2608 ut

278 2650 407 2690 supra
445 2639 508 2678 est
545 2637 793 2690 probatum3
833 2641 961 2691 atque
999 2639 1093 2681 ideo
1131 2639 1305 2681 visuri
1349 2654 1462 2681 eum
1500 2639 1739 2690 dicimur,
1778 2637 1837 2679 de

277 2706 418 2748 facie
458 2707 519 2749 ad
555 2708 766 2762 faciem,
805 2712 855 2751 et
894 2710 1176 2763 cognituri
1214 2714 1376 2765 prout
1405 2710 1618 2765 cogniti
1646 2723 1836 2761 snmus,

280 2779 300 2819 1
333 2777 425 2821 Cor.
456 2779 519 2831 13,
550 2779 611 2820 12.
652 2782 693 2822 et
729 2781 905 2823 visuri
946 2781 1113 2823 sicuti
1151 2785 1243 2835 est,
1284 2782 1305 2824 1
1335 2782 1434 2825 Joh.
1463 2784 1500 2824 3.
1528 2782 1587 2825 Et
1613 2781 1723 2823 ratio
1750 2780 1836 2822 evi-

280 2849 380 2891 dens
418 2850 461 2892 id
497 2851 637 2905 ipsum
677 2866 845 2905 (1110(1110
883 2852 1049 2906 evincit,
1091 2853 1190 2906 quia
1218 2853 1334 2896 nulla
1361 2869 1427 2896 res
1458 2856 1599 2896 creata
1627 2867 1837 2894 summum

279 2923 471 2963 nostrum
509 2922 669 2965 bonum
703 2938 791 2966 esse
820 2926 986 2977 potest:
1015 2925 1130 2967 solus
1158 2940 1258 2968 vero
1287 2924 1402 2968 Deus
1430 2925 1641 2967 increatus
1670 2923 1836 2978 appeti-

279 2993 370 3032 tum
400 2995 442 3033 et
469 2995 654 3036 mentem
683 2994 867 3038 hominis
897 3010 993 3038 vere
1024 2995 1190 3050 explere
1221 2998 1262 3040 et
1290 2997 1444 3040 satiare-
1473 2997 1628 3049 potest.

1925 770 1931 794 ..η
1924 643 1931 753 --44-.;.ι,«
1923 548 1931 634 ῌᾴκᾼ
