1931 3224
273 201 350 241 :322
829 198 1071 239 DISPUTATIO
1104 196 1284 239 XXXII.

271 326 374 366 vim
415 323 848 366 resurrectionis
892 324 1028 376 ejus,
1074 325 1124 364 et
1167 322 1590 363 communionem
1628 321 1828 376 passio-

271 411 391 438 num
421 397 555 448 ejus,
587 395 918 438 conformati
947 395 1111 436 morti
1141 395 1278 446 ejus,
1307 393 1419 435 Phil.
1449 395 1484 445 3,
1517 395 1579 435 10.

322 467 373 509 X.
404 467 538 509 Causa
566 467 901 509 instrumentalis
930 466 1056 519 hujus
1086 465 1280 507 beneficii
1310 468 1372 507 est
1400 465 1590 508 Verbum
1619 465 1710 519 Dei,
1736 469 1828 508 tum

269 538 406 592 Legis,
438 541 529 580 tum
558 537 794 591 Evangelii.
1361 527 1366 532 ⁸

323 609 396 651 XI.
427 609 507 651 Per
535 609 692 662 Legem
724 609 835 650 enim
863 610 953 650 tam
981 610 1159 650 naturae
1188 608 1450 661 inscriptam,
1480 608 1603 650 Rom.
1635 609 1670 650 1.
1701 623 1829 662 quam

270 681 446 735 lapideis
486 680 642 722 tabulis
680 682 940 731 renovatam,
971 681 996 721 2
1025 678 1117 721 Cor.
1148 680 1185 721 3.
1217 679 1347 722 homo
1379 680 1430 721 ad
1458 695 1603 722 veram
1631 680 1828 722 condem-

269 753 453 794 nationis
486 755 527 794 et
555 752 750 794 miseriae
779 766 877 793 suae
907 751 1170 804 agnitionem
1198 751 1457 804 perducitur,
1486 754 1534 793 ut
1564 751 1665 793 alibi
1695 752 1829 806 expli-

270 828 411 867 catum
450 827 533 874 est;
574 823 663 865 sine
703 838 786 876 qua
822 823 951 865 homo
980 823 1315 876 regenerationis
1346 825 1388 864 et
1415 823 1735 876 resipiscentiae
1763 838 1829 866 sa-

268 896 416 938 lutaris
456 910 590 949 capax
629 909 718 936 esse
755 909 841 936 non
879 896 1034 947 potest,
1074 908 1169 935 cum
1206 893 1398 936 Christus
1426 895 1519 947 ipse
1549 897 1741 946 testetur,
1773 910 1828 937 se

269 982 371 1010 non
400 968 615 1009 venisse
644 970 700 1008 ut
725 967 928 1020 justos,
959 966 1049 1007 sed
1071 968 1392 1019 peccatores
1417 966 1478 1008 ad
1502 966 1828 1020 resipiscen-

267 1039 399 1081 tiam
430 1041 674 1089 vocaret,
707 1037 897 1089 Mataza,
929 1038 991 1079 13.

322 1109 416 1151 XII.
460 1109 541 1151 Per
579 1108 860 1162 Evangelium
899 1123 997 1151 vero
1039 1111 1079 1150 et
1119 1109 1422 1162 promissiones
1461 1110 1564 1162 ejus,
1604 1109 1725 1152 dolor
1765 1124 1828 1152 se-

269 1182 451 1224 cundum
489 1181 626 1222 Deum
663 1181 913 1235 concipitur,
953 1181 1212 1223 conscientia
1249 1181 1408 1223 afflicta
1445 1182 1490 1223 in
1529 1196 1648 1234 spem
1683 1181 1829 1224 veniae

270 1253 460 1306 erigitur,
491 1251 683 1294 Christus
714 1252 893 1304 denique
922 1252 1268 1306 apprehenditur,
1297 1268 1384 1295 non
1412 1255 1580 1295 tantum
1607 1253 1652 1294 in
1680 1253 1829 1296 remis-

273 1325 434 1367 sionem
463 1324 802 1366 antecedentium
831 1326 1119 1377 peccatorum,
1150 1325 1222 1366 sed
1252 1324 1529 1367 abolitionem
1558 1339 1728 1378 quoque
1758 1339 1828 1366 ve-

268 1396 370 1438 teris
421 1399 462 1438 et
506 1397 871 1438 resuscitationem
914 1396 1015 1437 novi
1058 1395 1265 1437 hominis:
1309 1396 1419 1438 unde
1463 1399 1505 1438 et
1546 1395 1829 1450 Evangelium

271 1467 642 1509 ministerium
671 1467 917 1520 Spiritus
943 1469 993 1508 et
1017 1467 1164 1508 vitae
1188 1467 1441 1520 appellatur,
1467 1468 1492 1508 2
1517 1466 1608 1509 Cor.
1635 1467 1672 1508 3.
1699 1469 1828 1509 etse-

269 1553 382 1581 men
420 1538 731 1580 immortale
768 1538 866 1597 Dei
904 1540 957 1580 in
987 1540 1270 1580 aeternum
1298 1553 1538 1590 manens,
1568 1554 1661 1593 per
1690 1538 1828 1591 quod

266 1611 627 1664 regignimur,
659 1611 678 1652 1
712 1609 803 1652 Pet.
834 1611 869 1661 l,
898 1610 962 1652 23.
993 1612 1034 1652 et
1062 1609 1152 1652 Jac.
1184 1610 1313 1662 1,18.

321 1681 438 1724 XIII.
469 1681 625 1724 Forma
654 1681 988 1735 regenerationis
1015 1684 1057 1723 et
1080 1681 1401 1735 resipiscentiae
1428 1681 1622 1724 consistit
1645 1681 1689 1723 in
1714 1695 1827 1723 mor-

268 1753 500 1796 tificatione
539 1754 693 1796 veteris
721 1753 920 1804 hominis,
949 1769 1022 1796 seu
1052 1753 1284 1796 abolitione
1315 1753 1602 1806 corruptionis
1633 1753 1825 1805 nativae;

269 1826 309 1866 et
344 1824 653 1867 restauratione
683 1825 782 1866 novi
810 1823 1009 1876 hominis,
1040 1824 1113 1877 qui
1143 1825 1371 1867 secundum
1399 1824 1539 1867 Deum
1569 1827 1734 1866 creatus
1766 1826 1829 1866 est

266 1895 309 1936 in
343 1896 512 1949 justitia
551 1899 593 1937 et
631 1896 857 1938 sanctitate
894 1910 1005 1947 vera,
1043 1895 1153 1951 Eph.
1191 1897 1228 1937 4.
1268 1898 1310 1938 et
1347 1895 1435 1938 Col.
1474 1897 1512 1938 3.
1542 1911 1650 1949 quae
1678 1895 1827 1947 forma,

266 1966 421 2008 veteris
449 1966 634 2008 hominis
661 1969 859 2009 naturam
888 1981 974 2008 non
1001 1969 1169 2008 tantum
1199 1968 1405 2021 reprimit,
1435 1971 1483 2010 ut
1513 1969 1686 2021 quidam
1714 1968 1823 2009 male

267 2038 466 2090 sentiunt,
506 2038 579 2080 sed
618 2038 745 2080 etiam
784 2038 940 2090 abolet,
982 2041 1024 2080 et
1060 2053 1205 2080 veram
1243 2039 1512 2081 sanctitatem
1543 2054 1592 2081 ac
1614 2039 1827 2092 justitiam

268 2111 355 2163 ejus
393 2110 487 2152 loco
526 2109 760 2161 substituit,
792 2124 899 2162 quae
927 2109 971 2151 in
999 2108 1103 2163 ipsis
1133 2109 1452 2164 resipiscentiae
1479 2109 1690 2152 fructibus
1721 2124 1826 2163 quo-

267 2196 348 2234 que
376 2181 628 2235 resplendet.

319 2251 434 2295 XIV.
464 2252 583 2295 Haec
611 2255 754 2295 autem
783 2252 933 2303 forma,
964 2252 999 2294 si
1027 2252 1224 2294 ultimam
1253 2252 1558 2306 perfectionem
1589 2252 1677 2306 ejus
1706 2267 1826 2306 spec-

266 2327 342 2376 tes,
382 2339 468 2366 non
508 2324 631 2366 simul
669 2327 711 2366 et
747 2324 875 2367 semel
911 2323 1209 2376 introducitur,
1239 2324 1312 2366 sed
1340 2339 1416 2379 per
1445 2324 1615 2377 gradus,
1644 2323 1754 2365 unde
1783 2325 1826 2365 et

268 2395 440 2448 quidam
477 2396 660 2449 regeniti
698 2396 855 2449 pueris,
895 2396 1068 2448 quidam
1105 2411 1205 2438 vero
1235 2396 1337 2437 viris
1369 2395 1524 2437 adultis
1555 2398 1596 2437 et
1625 2395 1825 2448 perfectis

267 2470 581 2521 comparantur,
610 2467 743 2510 Hebr.
773 2468 809 2509 5.
841 2469 882 2509 et
911 2467 1020 2522 Eph.
1049 2468 1086 2509 4.

318 2539 411 2582 XV.
450 2539 814 2589 Quemadmodum
849 2553 949 2580 vero
989 2539 1123 2592 pueri,
1158 2538 1238 2581 etsi
1266 2537 1557 2592 imperfectius
1587 2552 1679 2579 eam
1708 2551 1824 2580 exse-

265 2614 377 2663 runt,
417 2611 630 2665 integram
671 2613 811 2652 tamen
850 2610 1035 2652 hominis
1065 2609 1259 2662 formam,
1291 2609 1487 2651 omnibus
1516 2608 1602 2650 suis
1631 2607 1823 2662 partibus

266 2685 533 2724 constantem
569 2682 741 2734 habent,
780 2682 839 2723 sic
876 2682 1088 2724 neminem
1125 2697 1222 2724 vere
1251 2681 1572 2734 resipiscentem
1601 2682 1675 2721 aut
1703 2694 1824 2732 rege-

263 2753 401 2796 nitum
444 2749 728 2808 agnoscimus,
772 2753 854 2795 nisi
898 2753 970 2806 qui
1013 2753 1195 2795 formam
1237 2753 1449 2806 integram
1486 2750 1822 2807 regenerationis

266 2824 468 2876 possidet,
496 2825 769 2878 perfectione,
798 2828 846 2866 ut
874 2825 1118 2878 loquuntur,
1150 2824 1351 2878 partium,
1382 2823 1460 2866 etsi
1491 2822 1681 2875 quotidie
1706 2822 1743 2864 ei
1768 2822 1824 2864 sit

268 2894 574 2947 proficiendum
601 2896 646 2937 in
676 2896 937 2950 perfectione
966 2896 1188 2949 graduum.

320 2964 434 3006 XVI.
473 2966 684 3009 Perfectio
714 2967 819 3009 haec
858 2967 1093 3009 essentialis
1133 2967 1340 3018 consistit,
1379 2965 1564 3018 primum
1601 2964 1645 3006 in
1684 2978 1746 3015 eo,
1775 2965 1824 3004 ut

267 3052 412 3078 omnes
435 3036 658 3079 facultates
684 3038 848 3080 animae
870 3038 1080 3079 humanae
1104 3040 1373 3088 renoventur,
1399 3037 1653 3088 intellectus,
1673 3035 1822 3077 volun·-
