1931 3224
658 127 722 169 DE
751 126 897 169 LIBERO
927 126 1136 169 Anssrrmo.
1601 131 1678 173 153

119 267 216 295 caro
255 256 297 295 et
333 253 514 294 mundus
551 251 763 306 suggerit)
797 266 846 293 ac
872 251 1046 293 Diaboli
1073 252 1199 294 variis
1227 253 1538 297 tentationibus
1568 256 1679 297 exci-

118 327 275 377 tantur,
300 339 437 377 neque
461 339 485 366 a
501 324 666 378 Spiritu
681 323 837 365 Sancto
854 339 1032 378 semper,
1049 325 1122 365 aut
1138 324 1282 366 eadem
1297 340 1506 378 mensura,
1521 341 1570 368 ac
1584 342 1680 380 spe-

119 396 216 438 ciali
243 396 385 449 gratia
411 399 626 449 regantur,
657 397 785 448 atque
812 395 858 437 in
886 396 998 438 bono
1028 396 1342 449 confirmentur,
1372 398 1444 439 sed
1468 398 1681 440 interdum

120 467 173 508 ad
209 469 378 520 tempus
416 467 697 519 aliquatenus,
738 467 866 520 idque
909 470 1023 509 certo
1065 467 1146 509 Dei
1188 467 1376 519 consilio,
1421 469 1679 522 deserantur,

120 537 286 589 sibique
334 537 650 592 permittantur,
702 540 807 592 puta
857 541 905 580 ut
957 553 1028 580 eos
1071 539 1263 592 castiget,
1306 539 1595 593 humilientur,
1640 544 1682 583 et

120 608 285 650 discant
327 609 379 650 ab
423 624 472 651 eo
515 609 718 663 pendere3
761 611 822 663 pii
863 610 1082 652 voluntate
1125 613 1167 652 et
1202 611 1336 653 libero
1375 626 1449 653 suo
1488 612 1680 664 arbitrio,

122 685 249 735 atque
277 697 416 736 opere,
446 683 498 724 ad
526 683 714 735 peccata,
745 682 874 722 etiam
902 681 1061 734 gravia,
1091 681 1287 724 feruntur
1316 684 1357 724 et
1385 683 1429 725 in
1458 698 1506 725 ea
1540 683 1682 736 prola-

120 754 292 805 buntur,
330 755 377 795 ut
413 753 582 807 piorum
621 753 824 806 exempla,
854 752 1042 802 Davidis,
1072 754 1096 794 2
1126 753 1236 795 Sam.
1267 754 1330 806 11,
1358 751 1396 796 2.
1426 754 1493 796 Ps.
1525 756 1588 806 51,
1620 756 1681 797 13.

121 827 146 868 2
187 824 299 867 Sam.
341 825 405 876 24,
448 824 485 865 1.
524 826 566 865 et
610 824 630 865 1
674 823 769 865 Par,
814 824 876 864 21.
915 826 957 865 εὴ
993 823 1123 876 Petri,
1162 824 1259 866 Luc.
1298 826 1362 877 22,
1398 826 1462 867 31.
1500 826 1563 868 55.
1605 829 1682 868 etc.

122 896 363 940 ostendunt.

176 967 261 1010 XL.
289 967 434 1020 Atque
464 982 514 1009 ex
540 966 607 1008 his
636 968 828 1020 apparet,
852 966 1069 1008 hominem
1094 970 1402 1020 regeneratum,
1426 969 1470 1009 in
1494 968 1574 1010 hac
1597 970 1685 1011 vita

122 1040 356 1095 perfectam
386 1039 588 1093 gradibus
617 1041 659 1081 et
686 1038 873 1080 numeris
903 1038 1098 1080 omnibus
1130 1039 1415 1081 obedientiam
1444 1041 1498 1082 ob
1527 1042 1684 1094 imper-

122 1111 351 1154 fectionem
374 1125 524 1152 causae
547 1110 780 1164 proximae,
806 1112 1024 1163 praestare
1050 1125 1135 1153 non
1159 1112 1320 1162 valere;
1346 1127 1482 1165 neque
1508 1127 1684 1167 semper,

123 1183 178 1226 ob
208 1183 501 1226 adversantem
532 1196 712 1234 carnem,
742 1182 997 1224 inoffensum
1027 1184 1068 1223 et
1097 1184 1364 1225 constantem
1392 1184 1566 1237 pietatis
1592 1199 1686 1225 cur-

123 1270 217 1298 sum
243 1258 398 1306 tenere,
429 1254 503 1296 sed
530 1254 750 1307 cespitare,
781 1253 928 1296 cadere
957 1256 998 1295 et
1021 1268 1209 1308 peccare,
1237 1257 1384 1297 contra
1412 1255 1618 1298 Catharos
1645 1258 1687 1298 et

123 1326 494 1369 PerfectionariOS.

176 1397 285 1440 XLI.
322 1398 615 1440 Veruntamen
651 1412 737 1439 non
777 1413 825 1440 eo
866 1412 999 1450 usque
1039 1413 1063 1439 a
1089 1397 1182 1440 Deo
1211 1399 1340 1442 Patre
1370 1399 1632 1452 miseratore,
1662 1415 1686 1441 a

124 1469 293 1512 Christo
330 1471 522 1524 ipsorum
559 1470 788 1511 liberatore
827 1472 868 1511 et
907 1470 1058 1522 capite,
1098 1485 1121 1511 a
1159 1469 1323 1522 Spiritu
1348 1469 1504 1511 Sancto
1530 1469 1686 1511 sancti-

123 1541 309 1593 ficatore,
338 1541 384 1582 in
412 1541 747 1594 regenerationis
777 1541 917 1594 gratia
947 1541 1208 1592 deseruntur,
1238 1543 1310 1582 aut
1338 1541 1422 1595 ipsi
1451 1556 1544 1583 eam
1569 1541 1686 1582 dese-

124 1614 235 1663 runt,
266 1614 313 1654 ut
340 1612 474 1654 libero
504 1626 579 1653 suo
604 1611 783 1653 arbitrio
810 1614 852 1653 et
877 1626 1002 1665 opere
1025 1612 1070 1653 in
1092 1612 1205 1654 malo
1229 1611 1441 1665 fatiscant,
1467 1615 1688 1665 peccatum

124 1684 168 1725 in
205 1683 289 1725 illis
325 1686 488 1736 regnet,
526 1683 716 1724 incidant
752 1684 794 1724 in
833 1683 1111 1724 indolentiam
1151 1684 1193 1723 et
1228 1683 1610 1735 impoenitentiam,
1647 1684 1688 1724 et

124 1757 346 1808 peccatum
383 1755 436 1796 ad
472 1757 666 1805 mortem,
706 1769 779 1796 seu
816 1754 1008 1795 totaliter
1047 1756 1089 1795 et
1127 1754 1312 1795 finaliter
1356 1753 1573 1803 deficiant;
1616 1753 1689 1795 sed

125 1826 267 1868 divina
284 1827 436 1879 gratia,
449 1825 606 1867 Christi
622 1841 732 1877 cura,
751 1827 793 1866 et
809 1825 994 1879 Spiritus
1011 1825 1211 1877 efficacia,
1228 1827 1270 1866 et
1286 1825 1458 1867 seminis
1472 1824 1584 1865 illius
1601 1824 1688 1878 spi-

125 1896 290 1938 ritualis
326 1897 381 1949 vi,
415 1897 468 1939 ad
504 1899 546 1939 et
575 1912 652 1951 per
680 1911 822 1939 veram
851 1896 1189 1950 resipiscentiam
1216 1898 1480 1947 revocantur,
1510 1911 1562 1937 ne
1590 1910 1689 1949 pec-

127 1970 221 2011 cent
250 1968 448 2020 finaliter,
478 1970 520 2010 et
548 1971 738 2022 pereant,
768 1967 870 2010 Mat.
900 1969 965 2019 24,
995 1968 1058 2009 24.
1087 1967 1185 2009 Luc.
1215 1968 1278 2019 22,
1309 1968 1372 2009 31.
1402 1968 1465 2009 32.
1495 1968 1558 2008 61.
1588 1966 1688 2008 Joh.

127 2040 189 2091 17,
227 2040 290 2081 11.
331 2040 392 2081 12.
431 2040 494 2081 20.
534 2042 576 2081 εὴ
614 2055 647 2081 c.
679 2040 740 2092 10,
771 2040 833 2081 29.
863 2040 928 2082 30.
960 2040 995 2081 1.
1025 2039 1123 2081 Joh.
1154 2040 1190 2091 2,
1219 2039 1282 2080 27.
1312 2041 1354 2080 et
1382 2039 1419 2090 3,
1447 2039 1485 2080 9.
1516 2041 1557 2081 et
1585 2039 1621 2090 5,
1651 2038 1688 2080 4.

128 2111 150 2152 1
179 2109 270 2152 Pet.
302 2111 337 2162 1,
366 2111 404 2152 4.
434 2111 471 2152 5.

179 2181 308 2225 XLII.
334 2182 414 2224 Est
439 2197 540 2237 ergo
564 2183 634 2225 hic
656 2182 837 2225 liberum
862 2182 1086 2224 arbitrium
1108 2183 1153 2224 in
1173 2183 1337 2236 gratiae
1352 2185 1395 2225 et
1409 2182 1690 2236 reparationis

128 2256 244 2296 statu
281 2254 626 2312 liberandum
664 2257 706 2297 et
730 2255 1047 2296 liberatum:
1078 2253 1298 2296 scilicet
1325 2268 1412 2296 non
1440 2253 1692 2306 simpliciter

127 2325 308 2366 liberum
350 2339 374 2366 a
416 2328 605 2378 peccatO,
650 2326 722 2368 sed
759 2341 782 2367 a
820 2326 1027 2368 servitute
1066 2340 1139 2367 seu
1177 2324 1391 2378 mancipio
1430 2324 1607 2377 peccati,
1651 2326 1693 2365 et

128 2410 296 2438 servum
315 2396 521 2449 justitiae,
548 2398 589 2438 et
613 2396 756 2439 divina
780 2398 922 2450 gratia
945 2398 1265 2450 praeservatum
1281 2410 1304 2437 a
1319 2395 1509 2449 peric-ulo
1527 2393 1691 2436 excidii.

181 2466 332 2509 XLIII.
371 2466 423 2508 In
460 2470 607 2510 statu
646 2469 826 2522 denique
863 2469 1076 2522 gloriae
1117 2471 1167 2510 et
1199 2465 1588 2521 perfectionis,
1619 2479 1693 2506 seu

129 2542 228 2594 post
256 2539 367 2581 hanc
394 2539 528 2580 vitam
554 2539 599 2581 in
627 2539 762 2582 altero
793 2540 945 2592 seculo,
972 2555 1020 2582 ac
1043 2540 1133 2582 vita
1157 2541 1340 2590 aeterna,
1365 2537 1553 2579 hominis
1577 2536 1693 2577 beati

130 2627 179 2655 ac
217 2612 445 2667 glorificati
481 2610 701 2663 (quoniam
736 2612 809 2664 ibi,
840 2614 943 2664 tum,
974 2626 1023 2653 ac
1049 2611 1094 2652 in
1121 2610 1210 2660 illo,
1241 2608 1431 2662 perfecta
1461 2608 1542 2649 erit
1569 2607 1692 2648 resti-

128 2684 240 2726 tutio
271 2698 319 2725 ac
347 2683 629 2738 regeneratio,
659 2684 701 2724 et
730 2683 901 2735 quidem
929 2682 1158 2725 secundum
1187 2681 1367 2734 gradum
1394 2679 1693 2721 excellentissi-

129 2770 257 2808 mum,
295 2756 339 2797 in
379 2769 462 2807 quo
499 2753 610 2795 nihil
648 2755 850 2796 contrarii
889 2753 1002 2796 cadit
1039 2756 1112 2795 aut
1150 2752 1297 2794 cadere
1331 2750 1502 2804 poterit,
1539 2750 1584 2791 id
1617 2751 1692 2800 est,

130 2826 290 2869 lucebit
327 2827 373 2868 in
409 2828 551 2867 mente
589 2824 897 2878 perfectissima
925 2824 1007 2866 Dei
1037 2827 1078 2866 et
1106 2822 1342 2865 voluntatis
1370 2822 1458 2874 ejus
1489 2821 1692 2873 cognitio,

127 2897 277 2950 judicii
305 2897 395 2939 sine
422 2895 668 2950 ignorantia
696 2898 738 2937 et
767 2895 1105 2937 dubitationibus
1134 2892 1373 2946 integritaS,
1401 2892 1446 2933 in
1472 2891 1694 2933 voluntate

133 2970 174 3009 et
212 2967 336 3009 corde
371 2966 676 3018 affectibusque
706 2968 748 3007 et
777 2966 972 3008 omnibus
1000 2965 1172 3015 viribus,
1204 2963 1400 3005 omnibus
1428 2963 1565 3005 modis
1595 2977 1694 3014 per-
