1931 3224
268 162 319 203 90
867 158 1104 200 Dzsmmuo
1133 157 1204 199 XI.

268 285 335 327 lis
374 298 656 327 corvorum
694 284 783 336 qui
821 282 1119 333 crocitant,
1149 280 1216 322 Ps.
1256 280 1343 330 147,
1382 280 1418 321 7.
1447 281 1483 322 9.
1513 280 1700 334 Lapides
1731 296 1820 323 ma-

268 370 374 411 gnos
399 355 487 396 sine
516 355 656 408 parvis
684 355 789 395 bene
814 354 920 394 strui
948 354 1107 406 negant
1136 349 1370 402 architecti,
1401 351 1460 392 ait
1490 349 1636 402 Plat03
1668 366 1820 394 caven-

267 427 364 468 dum
394 441 494 479 ergo
524 441 576 468 ne
606 427 698 479 quis
727 426 863 466 Deum
892 424 1083 465 viliorem
1111 425 1233 476 putet
1261 420 1514 463 mortalibus
1544 422 1780 475 opificibus.

318 495 390 537 IX.
420 496 522 537 Cum
547 499 686 538 autem
710 497 754 537 in
778 498 870 537 toto
896 494 1050 536 mundo
1075 493 1181 535 nihil
1207 493 1262 534 sit
1286 508 1310 533 a
1334 492 1500 533 divinae
1525 493 1819 545 providentiae

266 568 428 620 legibus
453 570 704 620 exemptum,
728 567 944 607 fatendum
969 568 1033 606 est
1047 566 1186 616 etiam,
1204 566 1363 617 quanto
1379 565 1516 617 major
1532 579 1631 606 cura
1647 567 1710 606 est
1727 565 1819 607 Deo

266 639 314 680 de
356 639 536 689 homine,
583 652 707 690 quam
750 637 799 678 de
835 636 930 677 aliis
969 636 1093 677 rebus
1129 635 1348 677 intellectu
1387 636 1651 687 carentibus3
1697 639 1818 680 tanto

265 711 399 763 magis
438 710 625 751 actiones
662 709 750 761 ejus
788 707 938 761 subjici
974 707 1268 760 providentiae
1307 705 1400 758 Dei,
1440 721 1542 760 prae
1578 708 1817 750 actionibus

264 796 335 822 seu
364 780 550 821 moribus
580 794 718 820 reruni
746 779 926 820 aliarum
954 778 1175 819 intellectu
1205 777 1461 829 carentium3
1499 778 1535 820 E
1574 779 1694 822 loco
1734 780 1833 822 ha·-

264 851 562 893 bitationis
592 865 717 892 suae
741 849 1021 903 prospicit
1043 864 1227 891 omnes
1251 848 1602 892 habitatores
1627 852 1819 894 terrae:

263 924 528 964 formator
570 921 784 975 pariter
823 921 1006 962 cordis
1047 935 1229 962 eorum
1265 921 1505 972 respicit
1543 921 1604 962 ad
1640 922 1821 964 01111113

265 1008 429 1048 opera
459 1007 585 1035 eoru
596 1008 648 1044 111,
680 992 746 1034 Ps.
771 993 832 1044 33,
860 992 920 1033 14.
946 992 1009 1033 15.
1034 991 1147 1032 Hinc
1171 990 1392 1045 Scriptura
1419 991 1559 1043 corda,
1575 991 1818 1035 voluntates

264 1067 306 1105 et
345 1064 530 1105 actiones
566 1063 797 1115 hominum,
837 1063 881 1104 in
918 1062 999 1104 Dei
1036 1076 1176 1113 manu,
1212 1064 1428 1115 potestate
1459 1077 1507 1104 ac
1537 1061 1819 1116 dispositione

265 1151 353 1178 esse
391 1135 623 1188 significat3
663 1135 803 1176 onmia
839 1134 950 1175 bona
987 1133 1208 1175 hominum
1248 1148 1379 1186 opera
1416 1133 1522 1186 Deo,
1563 1149 1612 1176 ac
1640 1134 1820 1188 proinde

264 1206 561 1261 gubernationi
603 1207 690 1258 ejus
727 1205 900 1247 ascribit
938 1207 980 1246 et
1018 1207 1204 1257 eventus,
1244 1205 1357 1246 bona
1395 1219 1443 1246 ac
1482 1220 1698 1248 successus
1729 1221 1820 1249 om-

263 1280 379 1321 nium
415 1280 656 1320 nostrarum
692 1277 906 1318 actionum
943 1276 996 1317 ab
1030 1276 1125 1330 ipso
1154 1276 1337 1330 pendere
1367 1276 1502 1329 docet,
1533 1275 1659 1319 Prov.
1687 1278 1752 1330 21,
1783 1278 1819 1320 1.

265 1349 367 1392 Gen.
403 1349 466 1401 45,
505 1349 540 1390 8.
578 1348 712 1391 Exod.
749 1348 787 1399 4,
826 1348 887 1389 11.
927 1346 1018 1389 Jac.
1055 1348 1092 1400 4,
1134 1348 1196 1390 17.
1234 1347 1346 1390 Phil.
1385 1348 1424 1400 2,
1454 1348 1516 1390 13.
1545 1347 1631 1390 Jer.
1662 1349 1724 1401 10,
1754 1350 1818 1391 23.

264 1420 386 1463 Prov.
416 1421 478 1466 20,
507 1421 570 1462 24.
600 1422 679 1462 etc.

315 1491 367 1533 X.
396 1490 546 1545 Neque
575 1492 686 1533 enim
713 1491 758 1532 in
787 1490 1024 1532 actionibus
1052 1490 1178 1532 liberi
1208 1490 1374 1533 arbitrii
1404 1493 1599 1533 creatura
1628 1491 1819 1534 intellec-

263 1562 389 1604 tualis
427 1565 624 1616 exempta
664 1565 728 1604 est
767 1562 819 1604 ab
849 1562 994 1604 ordine
1022 1563 1185 1616 primae
1215 1577 1385 1613 causae;
1416 1563 1517 1616 quia
1545 1563 1718 1606 omnino
1746 1578 1820 1606 ne-

264 1648 375 1676 cesse
413 1637 495 1687 est,
533 1636 581 1675 ut
618 1634 662 1675 in
699 1633 848 1686 Deum,
887 1636 1106 1686 tamquam
1142 1634 1187 1675 in
1222 1633 1418 1688 primam,
1461 1634 1819 1688 perfectissimam

263 1721 311 1748 ac
354 1706 530 1760 proinde
569 1705 902 1748 efficacissimam
941 1720 1123 1758 causam,
1169 1705 1304 1747 omnis
1347 1708 1552 1759 creatura,
1597 1707 1820 1760 omnisque

264 1777 351 1828 ejus
381 1776 504 1828 actio,
535 1779 662 1830 atque
690 1777 824 1830 ipsius
855 1777 1079 1830 cujuslibet
1108 1777 1289 1819 actionis
1314 1777 1464 1820 modus
1490 1776 1627 1820 omnis
1652 1793 1700 1820 ac
1722 1793 1830 1832 per--

261 1846 388 1888 fectio
427 1847 661 1889 reducatur.
701 1847 901 1900 Sequitur
931 1863 1045 1902 ergo,
1076 1848 1235 1890 nullam
1265 1863 1354 1890 esse
1383 1849 1428 1890 in
1458 1849 1662 1891 creaturis
1693 1849 1820 1891 liber-

262 1919 396 1958 tatem
421 1918 666 1971 voluntatis,
697 1934 803 1972 quae
831 1934 916 1961 non
945 1920 1000 1962 sit
1030 1934 1080 1962 ex
1110 1919 1443 1974 participatione
1471 1920 1682 1963 libertatis
1707 1937 1820 1964 sum-

263 2003 355 2030 mae
400 1988 621 2042 increatae,
670 2005 776 2043 quae
822 1992 877 2033 sit
915 2006 1038 2034 causa
1080 1992 1231 2046 prima,
1275 1992 1453 2046 propria
1495 1995 1624 2046 atque
1665 1994 1819 2036 intima

265 2060 399 2101 omnis
437 2063 600 2103 creatae
637 2061 860 2115 libertatis,
897 2063 1168 2116 omniumque
1197 2063 1428 2106 liberarum
1457 2064 1686 2118 actionum,
1716 2080 1819 2118 qua-

264 2132 384 2173 tenus
413 2131 652 2185 hujusmodi
682 2136 790 2175 sunt.

316 2201 388 2242 XI.
426 2202 609 2245 Tantum
644 2205 777 2258 igitur
814 2206 945 2259 abest,
988 2210 1035 2248 ut
1077 2207 1272 2260 operatio
1316 2207 1483 2250 divinae
1525 2207 1820 2261 providentiae

265 2272 453 2315 destruat
480 2274 721 2318 libertatem
750 2277 980 2320 voluntatis
1009 2282 1186 2332 creatae,
1215 2282 1263 2321 ut
1286 2279 1390 2322 haec
1415 2279 1575 2333 absque
1599 2280 1672 2322 illa
1696 2294 1818 2333 pror-

264 2358 333 2385 sus
357 2345 585 2388 consistere
609 2351 801 2401 nequeat.
825 2348 938 2391 Nam
963 2365 1057 2392 011111
1082 2350 1135 2392 ab
1166 2350 1355 2392 efficacia
1378 2351 1613 2393 voluntatis
1639 2350 1817 2404 divinae,

263 2417 444 2469 pendeat
472 2432 556 2460 non
584 2418 719 2460 solum
748 2420 858 2462 actio
890 2421 1106 2474 quaelibet
1132 2424 1360 2476 creaturae,
1387 2423 1460 2465 sed
1484 2422 1613 2465 etiam
1636 2422 1817 2465 actionis

263 2487 397 2540 ipsius
421 2489 590 2539 modus;
617 2505 875 2545 consequens
902 2495 977 2546 est,
1002 2508 1079 2547 per
1102 2492 1184 2535 Dei
1207 2494 1523 2547 providentiam
1542 2509 1629 2537 non
1644 2493 1815 2546 destrui,

264 2557 335 2598 sed
363 2559 505 2610 statui,
534 2559 814 2603 humanorum
841 2566 1013 2606 actuum
1039 2564 1295 2607 libertatem.
1325 2565 1449 2615 Quod
1478 2565 1609 2607 etiam
1637 2565 1688 2607 de
1717 2580 1817 2607 con-

264 2628 473 2682 tingentia
509 2645 648 2673 rerum
684 2633 728 2673 in
767 2648 932 2686 genere,
971 2635 1194 2678 dicendum
1232 2639 1308 2678 est.
1347 2636 1503 2679 Divina
1533 2637 1646 2679 enim
1673 2636 1816 2691 provi-

265 2698 404 2740 dentia
431 2715 516 2743 non
546 2704 778 2758 corrumpit
805 2707 1012 2755 naturam,
1042 2707 1114 2748 sed
1141 2707 1327 2761 perficit3
1356 2723 1443 2750 non
1470 2708 1597 2762 tollit,
1627 2709 1700 2751 sed
1723 2711 1816 2751 tue-

265 2771 354 2820 tur;
379 2771 444 2812 Et
474 2774 649 2815 omnia
678 2790 811 2827 quae
840 2778 1071 2830 creavit,
1103 2779 1179 2821 sic
1207 2780 1584 2832 administrat,
1610 2782 1667 2822 ut
1693 2780 1816 2835 ipsa

266 2854 389 2881 suos
419 2843 579 2885 etiam
613 2859 862 2888 exercere
892 2850 943 2889 et
971 2863 1130 2902 agere
1159 2851 1418 2906 proprios
1446 2854 1620 2895 motus
1645 2852 1814 2906 sinat,

266 2911 445 2964 August.
475 2913 524 2955 de
552 2914 672 2956 Civit.
704 2916 796 2968 Dei,
825 2917 915 2959 Lib.
945 2919 981 2970 7,
1012 2935 1045 2961 0.
1074 2921 1136 2962 30.

317 2981 409 3023 XII.
438 2983 505 3026 Ad
531 2983 638 3026 hanc
663 2986 739 3028 Dei
765 2989 1118 3040 gubernationem
1141 2994 1328 3045 pertinet
1356 2995 1377 3042 ἡ
1409 2995 1589 3046 Beatam,
1619 3009 1814 3049 perman-
