1931 3224
539 87 603 130 DE
632 88 741 130 Hom.
770 103 819 130 AD
848 88 961 131 IMAG.
991 87 1070 130 Dm
1100 103 1258 131 cREATo.
1604 93 1679 134 113

117 214 240 255 tiens.
275 212 518 254 Affectuum
557 227 630 255 seu
666 213 992 256 inclinationum
1032 215 1074 255 et
1112 214 1382 267 appetituum
1413 229 1461 256 ea
1494 216 1676 267 εὐταξίκ,

117 287 165 326 ut
203 283 336 326 menti
372 283 669 338 voluntatique
707 285 1055 328 obsecundarent.
1086 285 1286 339 Corporis
1315 301 1364 327 ac
1391 287 1679 329 membrorum

118 358 265 398 sancta
308 357 576 410 compositio,
621 371 672 399 ex
712 357 865 410 quibus
904 357 1102 399 omnibus
1139 360 1280 400 rectae
1320 361 1574 412 sanctaeque
1612 375 1680 402 ac-

117 426 255 469 tiones
284 427 543 470 oriebantur.

169 496 369 540 XXXIX.
411 498 574 547 Quibus
613 499 789 541 accessit
827 515 913 542 non
951 501 1117 543 animae
1145 501 1284 553 modo,
1317 501 1387 543 sed
1418 505 1459 544 et
1489 504 1681 557 corporis

118 584 189 611 seu
226 570 406 612 totius
446 570 689 613 hominis
722 571 1135 624 immortalitas,
1165 572 1288 614 Rom.
1318 573 1354 625 5,
1387 574 1448 615 12.
1479 577 1522 615 et
1549 575 1587 626 6,
1617 576 1678 618 23.

116 640 310 694 Utraque
338 642 568 684 naturalis:
598 642 682 694 illa,
713 642 826 695 quod
849 642 961 684 mori
985 643 1126 684 anima
1151 643 1406 697 utsimplex
1431 645 1681 698 neutiquam

116 713 276 766 possit3
314 712 431 765 haec,
464 714 577 767 quod
606 713 863 755 moriturum
893 728 1046 767 corpus
1076 729 1163 756 non
1190 714 1351 767 fuisset,
1383 717 1476 757 tum
1503 720 1682 771 propter

116 784 337 837 εὐκρασίαν,
375 788 468 826 tuni
505 785 869 827 conservationem
908 786 1087 837 animae,
1125 801 1232 839 quae
1261 790 1471 841 perpetuo
1502 791 1544 830 et
1572 789 1680 830 vita-

114 855 212 897 liter
240 855 348 897 illud
375 855 552 898 fovisset
583 858 625 898 et
657 859 957 899 conservasset.

168 926 254 969 XL.
284 927 408 969 Hanc
436 927 627 980 partium
657 928 848 970 omnium
875 928 919 970 in
948 928 1121 971 homine
1154 931 1296 972 creato
1332 930 1599 973 harmoniam
1640 934 1681 973 et

116 1013 380 1050 consensum,
406 999 673 1051 justitiae
704 999 977 1053 originali
1005 1003 1053 1042 ut
1076 1001 1207 1042 matri
1229 1003 1270 1043 et
1287 1003 1518 1055 magistrae
1535 1018 1681 1057 accep-

114 1071 203 1112 tam
255 1069 497 1112 referimus:
553 1085 660 1123 quae
702 1070 911 1112 naturalis
955 1071 1037 1113 dici
1078 1074 1234 1125 potest,
1280 1074 1393 1125 quod
1437 1089 1485 1115 ea
1528 1075 1681 1117 collata

114 1141 245 1183 fuerit
281 1143 323 1183 et
353 1156 446 1183 eam
477 1142 688 1195 acceperit
715 1142 858 1195 homo,
887 1157 974 1184 non
1003 1143 1170 1185 ratione
1198 1143 1414 1196 individui,
1447 1145 1519 1187 sed
1546 1146 1681 1187 totius

115 1213 284 1266 speciei,
324 1213 523 1266 quodque
561 1214 650 1266 ejus
689 1214 949 1256 contrarium
989 1217 1210 1269 peccatum
1247 1215 1468 1271 originale,
1504 1219 1681 1259 naturae

62 1280 65 1283 ’
115 1286 341 1338 corruptae
379 1284 446 1326 sit.
486 1283 588 1326 Non
626 1286 770 1327 tamen
809 1288 1038 1339 propterea
1068 1301 1237 1328 omnem
1266 1286 1442 1329 ulterius
1474 1287 1553 1330 Dei
1582 1304 1680 1342 gra-

114 1357 221 1399 tiam
250 1356 448 1408 excludit,
479 1356 550 1398 sed
580 1355 721 1409 infert,
752 1359 800 1398 ut
829 1357 891 1398 ita
920 1359 1074 1399 natura
1103 1358 1244 1411 gratia
1272 1357 1501 1400 foveretur.

167 1428 276 1471 XLI.
315 1427 547 1470 Excessum
582 1427 702 1469 illum
740 1427 925 1470 hominis
964 1443 1091 1482 super
1130 1430 1272 1470 omnia
1312 1429 1555 1482 animantia,
1594 1431 1679 1473 imo

112 1502 271 1543 terram
314 1500 451 1554 ipsam
495 1499 582 1553 (cui
624 1502 667 1541 et
708 1499 873 1552 reliqua
916 1500 1205 1553 subserviunt)
1246 1500 1467 1555 Scriptura
1497 1503 1680 1558 explicat

114 1571 391 1624 Dominio,
432 1572 532 1613 dum
571 1570 652 1612 ait:
691 1569 790 1619 Qui
820 1571 1171 1614 dominentur
1198 1572 1252 1613 in
1281 1572 1462 1627 pisces
1492 1575 1678 1627 maris,

115 1646 193 1686 etc.
226 1643 296 1695 Et,
335 1641 733 1693 Dominamini,
774 1644 851 1684 etc.
883 1657 967 1695 quo
994 1645 1037 1684 et
1064 1644 1225 1698 posteri
1251 1645 1679 1698 comprehendimtur.

113 1713 178 1755 Eo
216 1716 357 1756 autem
401 1713 589 1756 dominio
628 1714 948 1767 majestateque,
986 1714 1130 1768 imago
1168 1714 1249 1756 Dei
1286 1731 1309 1756 a
1347 1716 1466 1758 Mose
1502 1718 1680 1759 describi

112 1785 290 1837 videtur,
329 1787 378 1827 ut
416 1786 468 1827 ab
509 1786 598 1838 ejus
636 1785 901 1838 proprietate
940 1786 1188 1838 effectuque.
1228 1786 1438 1839 Equidem
1468 1791 1516 1829 ut
1544 1789 1679 1831 domi-

111 1856 230 1898 nium
259 1856 354 1909 quis
385 1859 590 1909 exerceat,
621 1857 762 1898 anima
794 1857 1077 1899 ratiocinante
1102 1858 1343 1911 praeditum
1369 1874 1458 1901 esse
1486 1864 1677 1914 oportet3

111 1930 160 1970 ut
196 1942 297 1971 vero
328 1942 511 1981 aequum
541 1942 589 1970 ac
617 1927 845 1981 placidum,
877 1930 990 1970 certe
1018 1928 1269 1982 sapientem,
1299 1933 1493 1973 sanctum
1523 1935 1565 1974 et
1589 1934 1678 1986 jus-

111 2001 224 2049 tum3
272 2001 320 2041 ut
359 2014 530 2052 quoque
571 2002 668 2042 actu
706 2002 914 2051 exerceat,
955 2014 1108 2054 corpus
1149 2000 1256 2043 bene
1295 2006 1589 2056 comparatum
1627 2005 1679 2047 ad

112 2070 277 2112 animae
301 2070 494 2124 integrae
519 2073 823 2114 consentaneas
849 2071 1058 2122 actiones;
1083 2074 1130 2114 ut
1146 2072 1327 2126 denique
1343 2074 1397 2116 sit
1412 2078 1677 2130 perpetuum,

111 2141 396 2184 immortalem
425 2142 643 2185 hominem
674 2158 764 2185 esse
793 2158 962 2185 necesse
994 2146 1068 2185 est.

163 2211 295 2254 XLII.
334 2213 479 2266 Atque
518 2213 755 2267 Apostolus
794 2214 1109 2257 consentienter
1148 2215 1228 2258 Dei
1259 2216 1490 2270 imaginem
1519 2218 1572 2259 ab
1603 2233 1677 2260 an-

111 2284 260 2326 teriori
298 2284 479 2327 collocat
516 2284 560 2326 in
598 2285 903 2339 sapientia,
935 2287 1239 2329 sanctitate
1269 2290 1320 2329 et
1343 2289 1598 2341 justitia;
1629 2292 1676 2331 ut

111 2356 242 2397 etiam
281 2370 331 2397 ex
370 2357 460 2408 ejus
496 2356 724 2410 contrario,
766 2358 922 2400 amissa
952 2357 1032 2400 Dei
1064 2358 1264 2412 imagine,
1295 2362 1338 2401 et
1366 2360 1682 2402 restauratione

109 2426 294 2480 intelligi
323 2429 481 2480 potest,
508 2428 533 2468 2
562 2427 655 2470 Cor.
683 2429 720 2480 3,
748 2429 810 2471 18.
840 2429 952 2482 Eph.
981 2430 1018 2481 4,
1049 2430 1112 2471 22.
1142 2431 1204 2471 23.
1237 2430 1300 2471 24.
1330 2429 1416 2471 Col.
1447 2431 1484 2481 3,
1514 2431 1551 2472 9.
1583 2432 1647 2472 10.

163 2496 315 2540 XLIII.
367 2497 511 2551 Atque
561 2499 661 2542 hinc
703 2500 977 2554 consequitur
1022 2503 1063 2543 et
1109 2516 1361 2543 accessus
1405 2502 1467 2543 ad
1509 2501 1674 2543 Deum

109 2569 362 2622 propior,
402 2569 502 2611 dum
535 2570 665 2613 homo
695 2571 787 2614 Deo
817 2572 1061 2625 conformis,
1090 2572 1182 2614 Deo
1213 2572 1359 2614 unitur
1388 2575 1430 2614 et
1459 2573 1673 2626 adhaeret,

111 2654 237 2693 quem
264 2643 405 2683 actum
434 2641 563 2683 etiam
592 2642 735 2696 imago
765 2642 848 2685 Dei
875 2643 1003 2686 infert
1033 2646 1074 2686 et
1100 2643 1432 2699 comprehendit.

161 2709 313 2753 XLIV.
351 2711 540 2755 Status
579 2727 682 2767 ergo
720 2713 907 2756 hominis
946 2714 1027 2756 fuit
1056 2714 1432 2766 beatissimus3
1463 2716 1516 2757 ad
1547 2731 1672 2769 quem

110 2782 286 2824 accessit
329 2785 557 2825 externa
600 2783 869 2838 dignitas,
914 2785 1139 2828 collocatio
1180 2786 1270 2838 ejus
1307 2786 1351 2827 in
1388 2786 1550 2830 horto
1581 2803 1672 2830 seu

109 2852 374 2897 Paradiso
411 2870 436 2897 a
473 2854 565 2897 Deo
605 2855 781 2908 consito,
821 2856 894 2909 qui
932 2855 1135 2911 graphice
1164 2871 1188 2898 a
1216 2856 1335 2899 Mose
1364 2858 1458 2900 loco
1488 2859 1669 2913 situque.¹

108 2924 290 2978 aliisque
331 2926 659 2969 circumstantiis
703 2926 967 2969 describitur.
1009 2927 1102 2969 Nos
1145 2928 1310 2970 omissis
1350 2943 1458 2982 quae
1496 2931 1545 2972 de
1584 2933 1671 2983 ejus

1510 3004 1526 3027 8
