1931 3224
266 115 344 158 590
820 115 1061 158 DISPUTATIO
1089 114 1282 160 XLVIII.

267 242 347 292 cat,
375 239 564 282 nondum
590 241 731 282 tamen
762 241 992 294 propterea
1021 255 1117 283 eum
1144 241 1270 294 plane
1299 241 1609 295 exhaeredavit,
1636 244 1709 285 aut
1738 256 1829 285 om-

265 325 362 352 nem
403 313 629 364 paternum
666 310 865 352 affectum
903 326 1004 365 erga
1042 326 1137 353 eum
1173 313 1409 355 necessario
1440 313 1577 366 exuit3
1609 329 1734 367 quem
1761 315 1829 356 vel

265 382 347 424 hoc
382 382 496 423 facto
537 395 639 434 erga
679 396 785 434 eum,
818 382 897 424 etsi
925 382 969 424 id
998 397 1047 425 eo
1076 386 1270 437 tempore
1297 385 1486 426 nondum
1513 389 1827 439 agnoscentem,

267 453 432 504 exserit,
462 454 555 494 tum
583 453 752 495 demum
780 453 890 495 serio
921 454 1178 507 agniturum,
1209 469 1339 507 quum
1367 471 1443 509 per
1472 456 1625 498 seriam
1655 472 1829 500 conver-

265 523 425 565 sionem
456 538 551 565 cum
581 527 703 577 patre
734 540 809 567 suo
839 524 883 566 in
914 527 1100 578 gratiam
1130 526 1268 568 rediit.

317 593 469 636 LVIII.
508 594 700 638 Privatio
736 596 927 638 internae
965 611 1059 638 cum
1098 596 1266 639 Christo
1297 599 1604 640 communionis
1634 602 1829 654 respectu

264 666 428 718 gratiae
467 665 638 708 futurae
680 681 767 709 non
811 670 874 709 est
915 682 1023 720 pura
1065 671 1138 709 aut
1176 668 1382 722 absoluta,
1422 670 1494 712 sed
1532 670 1828 713 conditionalis

263 739 444 779 tantum.
483 736 596 780 Nam
635 753 766 791 quum
802 738 993 781 Ecclesia
1026 739 1187 793 judicio
1220 755 1308 793 suo,
1340 741 1454 794 quod
1482 740 1598 784 Deus
1627 743 1675 784 in·
1701 742 1828 785 coelis

262 811 404 850 ratum
432 808 575 861 habet,
603 809 822 852 hominem
850 812 1200 864 excommunicat,
1228 812 1415 854 minatur
1444 814 1494 865 ei,
1525 813 1649 855 sicuti
1677 814 1729 855 ab
1757 829 1828 856 ex-

262 882 384 922 terna
408 880 624 924 Ecclesiae
650 882 947 924 communione
971 885 1013 925 et
1037 898 1061 924 a
1085 884 1248 937 gratiae
1274 883 1355 926 Dei
1382 899 1505 926 sensu
1533 884 1725 940 privatur
1755 888 1828 927 aut

264 952 512 1004 excluditur,
549 953 612 998 ita
649 968 745 995 eum
784 969 834 995 ex
873 968 1007 1008 regno
1037 954 1209 996 coelesti
1239 955 1390 997 ultimo
1421 955 1487 997 die
1518 956 1734 998 exclusum
1761 956 1827 1009 iri,

262 1024 344 1066 nisi
381 1039 458 1077 per
493 1039 637 1067 veram
672 1025 800 1067 fidem
839 1028 880 1067 et
907 1025 1246 1079 resipiscentiam
1271 1026 1478 1078 judicium
1505 1026 1609 1068 illud
1636 1027 1828 1070 futurum

263 1098 523 1147 antevertat;
555 1099 596 1138 et
625 1096 707 1138 hoc
736 1096 929 1139 Christus
959 1099 1088 1140 etiam
1116 1098 1305 1151 respicit,
1330 1113 1461 1151 quum
1476 1098 1598 1141 dicit:
1617 1097 1827 1152 Quicquid

261 1167 499 1221 ligaveritis
527 1167 571 1209 in
598 1170 725 1220 terra,
755 1168 835 1210 erit
862 1168 1045 1222 ligatum
1073 1170 1116 1211 in
1146 1169 1288 1222 coelis,
1319 1172 1360 1211 et
1389 1169 1624 1223 cuicunque
1652 1173 1828 1224 peccata

262 1238 536 1291 retinueritis,
575 1241 742 1281 retenta
781 1242 879 1281 sunt
916 1241 960 1282 in
998 1241 1147 1291 coelis3
1186 1255 1294 1293 quae
1322 1255 1417 1283 cum
1444 1241 1489 1283 in
1517 1241 1597 1284 hac
1624 1241 1713 1283 vita
1740 1256 1827 1283 non

261 1311 427 1363 possint
455 1326 542 1353 non
571 1326 660 1353 esse
690 1312 1006 1363 conditionalia,
1036 1312 1227 1365 sequitur
1257 1312 1385 1354 etiam
1414 1327 1560 1354 eorum
1584 1313 1827 1355 absolutum

263 1382 617 1436 complementum
645 1384 690 1424 in
719 1383 862 1424 futura
892 1384 1059 1425 demum
1088 1383 1176 1425 vita
1206 1399 1295 1426 esse
1324 1386 1664 1439 exspectandum.

315 1452 422 1494 LIX.
459 1453 526 1494 Ex
561 1454 614 1495 iis
654 1469 762 1507 quae
798 1454 1004 1497 hactenus
1042 1456 1251 1510 explicata
1291 1459 1401 1509 sunt,
1439 1457 1712 1499 manifestum
1749 1460 1825 1509 est,

261 1524 470 1578 plurimos
511 1540 600 1567 esse
639 1528 681 1567 et
709 1525 897 1580 insignes
927 1527 1175 1580 disciplinae
1205 1526 1471 1570 Christianae
1499 1531 1627 1582 atque
1657 1542 1825 1571 excom-

261 1596 562 1638 municationis
601 1596 762 1639 fructus
798 1597 842 1639 in
878 1598 1038 1652 populo
1077 1597 1170 1640 Dei.
1210 1598 1324 1642 Nam
1354 1603 1395 1642 et
1423 1600 1658 1642 remedium
1687 1602 1825 1642 extre-

260 1683 377 1710 mum
414 1671 543 1722 atque
581 1669 833 1711 acerrimum
871 1672 934 1711 est
970 1671 1024 1712 ad
1060 1685 1229 1713 carnem
1265 1672 1310 1713 in
1343 1671 1516 1713 homine
1553 1672 1822 1724 domandum,

261 1754 310 1781 ac
339 1740 536 1793 spiritum
563 1740 884 1783 vivificandum:
914 1744 956 1783 et
987 1743 1228 1797 exemplum
1260 1743 1612 1795 efficacissimum,
1642 1758 1695 1785 ne
1723 1758 1823 1797 pars

261 1811 424 1853 sincera
461 1811 671 1854 trahatur.
708 1812 923 1855 Adversus
961 1828 1062 1856 vero
1103 1829 1175 1857 eos
1204 1815 1277 1868 qui
1305 1815 1350 1856 in
1379 1814 1644 1857 contumacia
1673 1818 1715 1857 et
1743 1816 1823 1857 im-

258 1883 526 1936 poenitentia
568 1887 841 1938 perseverant
886 1885 1072 1928 medium
1114 1887 1298 1939 unicum,
1338 1887 1391 1928 ad
1426 1886 1509 1929 Dei
1538 1887 1711 1929 domum
1738 1887 1822 1929 ier-

259 1957 403 1996 mento
443 1958 484 1998 et
522 1955 757 1998 Ecclesiam
796 1952 954 1999 Christi
991 1958 1202 2000 scandalis
1240 1958 1519 2011 liberandum,
1558 1961 1686 2011 atque
1717 1959 1821 2000 adeo

259 2026 432 2067 verbum
463 2029 504 2068 et
534 2026 808 2070 Sacramenta
837 2043 861 2070 a
889 2028 1200 2082 profanatione,
1233 2032 1275 2072 et
1304 2044 1460 2071 nomen
1488 2029 1570 2071 Dei
1599 2030 1651 2071 ab
1683 2032 1822 2071 exter-

257 2111 412 2139 norum
452 2098 821 2152 blasphematione
859 2100 1178 2142 vendicandum.
1221 2099 1335 2142 Nam
1372 2102 1614 2154 quicunque
1650 2101 1822 2143 tandem

259 2171 433 2210 eventus
462 2173 674 2223 sequetur,
705 2170 819 2212 Deus
848 2173 992 2213 tamen
1021 2172 1355 2214 sanctificabitur
1381 2172 1426 2213 in
1455 2171 1712 2226 propinquis
1736 2172 1821 2214 suis

259 2242 300 2281 et
338 2243 436 2282 ante
476 2244 749 2296 conspectum
789 2243 924 2284 totius
959 2243 1109 2297 populi
1140 2243 1464 2297 glorificabitur,
1494 2246 1542 2285 ut
1571 2243 1661 2298 ipse
1688 2245 1821 2285 testa-

256 2313 338 2364 tur,
377 2315 476 2365 post
514 2328 694 2368 poenam
731 2314 881 2357 violati
919 2315 1064 2357 altaris
1102 2315 1276 2357 Domini
1305 2314 1486 2358 Nadabo
1517 2318 1646 2369 atque
1674 2314 1821 2357 Abihu

256 2381 476 2437 inflictam,
506 2384 603 2427 Lev.
635 2386 697 2438 10,
727 2386 764 2427 3.
