1931 3224
241 151 319 191 434
836 147 1076 190 DISPUTATIO
1104 146 1190 189 XL.

295 274 412 316 VIII.
442 274 590 315 Partes
618 273 744 326 hujus
773 271 988 314 Ecclesiae
1014 271 1112 320 ὅλως
1140 271 1429 314 consideratae
1455 274 1662 324 statuunt,
1689 271 1803 314 Pon-

241 346 361 387 tificii
412 347 511 396 tres,
562 358 714 397 nempe
756 359 885 386 unam
924 343 1193 386 laborantem
1233 344 1278 385 in
1318 344 1583 397 purgatorio,
1626 345 1804 387 alteram

242 415 580 470 triumphantem
616 415 661 456 in
700 415 831 467 coelo,
871 417 912 457 et
948 415 1122 457 tertiam
1160 415 1420 457 militantem
1458 415 1502 457 in
1530 419 1656 458 terra.
1686 417 1804 459 Duas

245 487 503 542 posteriores
540 488 683 540 partes
724 500 800 528 nos
829 485 1011 537 libenter
1041 486 1321 540 agnoscimus,
1350 488 1522 530 tertiam
1552 488 1604 530 ab
1634 488 1686 530 iis
1715 503 1804 531 esse

242 562 361 601 extra
390 558 471 600 Dei
500 557 690 600 Verbum
719 559 956 610 confictam,
987 558 1040 600 ad
1069 573 1288 600 crumenas
1318 559 1616 614 expurgandas
1646 562 1688 601 et
1713 560 1804 601 ani-

239 645 331 672 mos
359 630 582 672 hominum
612 629 1024 683 δεισιδαιμονεστέρων
1056 629 1271 683 spirituali
1306 629 1510 672 servitute
1540 631 1802 684 premendas,

239 702 505 744 antecedenti
557 701 846 755 disputatione
899 702 1001 743 satis
1054 703 1118 743 est
1162 704 1375 743 ostensum
1389 719 1398 754 ς
1442 717 1489 744 ac
1533 702 1710 755 proinde
1753 703 1804 744 de

240 773 402 816 duabus
433 773 608 826 reliquis
639 773 683 814 in
712 772 987 825 sequentibus
1016 772 1140 814 nobis
1168 774 1336 814 tantum
1365 773 1588 826 agendum.

291 844 365 886 IX.
391 844 609 887 Ecclesiae
633 844 885 886 universalis
909 859 1037 897 magn
1044 859 1112 886 am
1134 847 1309 899 partem,
1333 844 1377 886 in
1395 844 1522 886 coelis
1539 845 1616 885 sub
1633 843 1800 886 Christo

237 917 376 970 capite
401 931 476 958 suo
502 916 782 970 triumphare,
809 916 1008 958 adversus
1032 915 1296 968 Socinianos,
1320 915 1640 968 Anabaptistas,
1657 914 1804 958 Liber-

236 989 362 1040 tinos,
393 990 433 1030 et
459 988 616 1030 similes
644 987 895 1040 haereticos,
928 1002 1073 1030 omnes
1101 987 1185 1029 loci
1216 987 1424 1034 evincunt,
1457 1001 1507 1028 ex
1536 987 1689 1040 quibus
1714 986 1804 1028 ani-

237 1074 329 1101 mae
380 1059 680 1101 immortalitas
733 1059 951 1101 evincitur.
1004 1058 1118 1101 Nam
1160 1059 1239 1100 etsi
1283 1074 1303 1101 c
1316 1073 1339 1100 o
1352 1074 1372 1100 r
1383 1074 1410 1112 p
1421 1074 1449 1099 u
1461 1074 1479 1100 s
1521 1073 1542 1100 r
1553 1074 1575 1100 e
1587 1059 1613 1100 d
1625 1073 1646 1101 e
1657 1060 1709 1100 at
1750 1058 1804 1100 in

238 1135 441 1173 terram
471 1132 915 1184 quemadmodum
945 1131 1148 1183 fuerat,
1177 1133 1358 1173 tamen
1388 1131 1628 1184 spiritus
1657 1130 1803 1172 redit

239 1203 301 1244 ad
338 1203 376 1244 D
391 1218 504 1245 eum
543 1203 634 1256 qui
673 1203 822 1245 dedit
859 1203 1034 1255 illum,
1076 1202 1189 1245 Eccl.
1222 1203 1284 1254 12,
1315 1203 1351 1244 9.
1382 1202 1440 1244 Et
1468 1202 1568 1245 licet
1597 1202 1682 1244 sint
1712 1202 1802 1254 qui

238 1289 436 1329 corpus
487 1275 704 1329 piorum
756 1275 976 1329 possint
1029 1275 1299 1325 occidere,
1353 1275 1582 1316 animam
1623 1276 1804 1315 tamen

239 1361 259 1387 e
273 1361 296 1388 o
309 1362 421 1388 rum
477 1361 501 1388 o
514 1348 593 1389 cci
606 1348 695 1389 der
708 1363 729 1389 e
785 1362 813 1388 n
826 1362 889 1389 on
945 1363 973 1401 p
986 1362 1009 1389 o
1022 1349 1198 1400 ssunt,
1253 1349 1301 1388 ut
1359 1346 1550 1389 Christus
1606 1348 1801 1398 testatur,

237 1416 361 1458 Matt.
392 1418 454 1469 10,
484 1418 549 1459 28.

290 1487 341 1529 Χ.
373 1486 588 1541 Imprimis
618 1490 762 1530 tamen
791 1488 834 1530 id
862 1489 998 1542 liquet
1027 1505 1077 1531 ex
1105 1490 1157 1531 iis
1185 1489 1292 1548 locis
1322 1492 1364 1531 et
1394 1489 1609 1542 exemplis,
1639 1489 1683 1530 in
1709 1489 1802 1542 qui-

236 1559 315 1599 bus
353 1558 648 1601 defunctorum
687 1559 869 1602 felicitas
909 1563 950 1602 et
979 1561 1199 1603 beatitudo
1229 1561 1494 1603 describitur.
1524 1560 1586 1603 Ut
1613 1560 1802 1602 videmus

237 1630 361 1672 Matt.
391 1631 454 1683 20,
488 1631 525 1672 8.
554 1631 628 1672 ubi
658 1646 803 1673 omnes
832 1632 881 1673 la
892 1632 919 1673 b
932 1646 955 1674 ο
967 1647 988 1673 r
1000 1647 1023 1674 a
1035 1634 1092 1673 nt
1105 1647 1126 1674 e
1139 1648 1157 1674 s
1186 1632 1241 1673 in
1269 1632 1360 1674 vin
1372 1647 1392 1674 e
1404 1648 1428 1673 a
1458 1633 1632 1685 peracto
1656 1631 1801 1672 labore

236 1703 521 1755 accipiunt
577 1718 718 1745 merc
733 1704 878 1745 edem
930 1719 1096 1756 suam,
1142 1707 1183 1746 et
1228 1705 1252 1745 2
1295 1703 1388 1746 Cor.
1432 1704 1468 1756 5,
1513 1704 1548 1745 1.
1592 1701 1801 1745 Scimus

236 1773 376 1825 quod
414 1773 458 1815 si
495 1775 786 1816 terrestris
828 1775 1011 1817 domus
1048 1775 1210 1828 hujus
1247 1775 1600 1817 tabernaculi
1628 1774 1801 1816 fuerit

236 1845 438 1897 soluta,
481 1845 772 1888 habeamus
818 1847 970 1888 aliud
1012 1847 1356 1889 domicilium
1399 1848 1704 1898 aeternum,
1749 1848 1800 1903 et

234 1930 339 1957 non
368 1915 736 1958 manufactum
765 1917 818 1959 in
848 1918 1040 1969 coelis,
1069 1920 1110 1959 et
1135 1917 1270 1971 Apoc.
1298 1918 1359 1970 14,
1388 1918 1450 1959 13.
1482 1917 1644 1959 Beati
1670 1931 1800 1959 mor-

234 1987 316 2028 tui
361 1987 452 2039 qui
495 1987 547 2028 in
590 1986 628 2028 D
643 1987 820 2029 omino
858 1989 1194 2041 moriuntur,
1229 1988 1396 2042 (ἐπείρα-ι,
1435 1989 1496 2031 ab
1536 1989 1637 2030 hoc
1675 1991 1800 2030 tem-

235 2073 386 2111 pore,
416 2059 773 2111 requiescunt
802 2074 826 2101 a
854 2059 1149 2102 laboribus
1179 2061 1313 2113 suis,
1345 2063 1394 2102 et
1428 2075 1594 2114 opera
1620 2074 1801 2102 eorum

236 2132 541 2182 sequuntur
576 2145 678 2172 eos.

287 2199 360 2242 XI.
390 2200 482 2243 Nec
509 2216 610 2243 vero
640 2202 784 2244 fideles
813 2205 984 2244 tantum
1013 2203 1057 2244 in
1080 2202 1206 2245 Novo
1235 2203 1507 2246 Testamento
1533 2205 1633 2257 post
1657 2217 1800 2244 ascen-

235 2287 328 2313 sum
371 2271 529 2314 Christi
571 2273 616 2314 in
659 2274 810 2325 coelos,
855 2274 927 2316 sed
973 2276 1014 2316 et
1056 2274 1171 2328 ipsos
1214 2275 1359 2316 fideles
1399 2275 1476 2316 sub
1513 2274 1660 2317 Veteri
1699 2274 1800 2316 Tes-

233 2344 319 2383 tam
326 2344 424 2384 ento
465 2342 509 2383 in
547 2343 629 2385 fide
669 2343 903 2396 defunctos,
943 2345 995 2386 ad
1032 2345 1142 2387 hanc
1180 2345 1399 2388 Ecclesiae
1427 2346 1471 2387 in
1502 2346 1619 2388 coelo
1648 2346 1800 2388 triuni-

233 2413 407 2466 phantis
446 2416 612 2468 partem
652 2416 922 2468 pertinuisse,
952 2417 1182 2458 tenendum
1212 2420 1276 2459 est
1307 2418 1505 2459 adversus
1535 2417 1798 2470 Pontificios,

235 2485 307 2537 qui
345 2500 415 2527 eos
436 2502 438 2505 ⁴
454 2486 498 2527 in
535 2486 667 2528 limbo
709 2488 985 2530 subterraneo
1027 2489 1244 2531 conclusos
1273 2488 1416 2541 fuisse,
1448 2491 1576 2542 atque
1600 2489 1698 2531 inde
1727 2489 1800 2531 ad-

239 2559 409 2598 ventum
440 2556 616 2599 Domini
645 2561 913 2611 exspectasse
944 2560 1144 2602 sentiunt.

286 2627 380 2669 XII.
432 2628 740 2671 Demonstrant
790 2630 898 2672 illud
943 2630 1102 2673 Christi
1145 2632 1462 2686 promissiones,
1506 2632 1800 2685 demonstrant

235 2698 306 2740 alii
336 2699 419 2740 loci
447 2699 704 2753 Scripturae,
735 2701 1032 2743 demonstrant
1064 2703 1296 2745 clarissima
1326 2702 1532 2756 exempla.

287 2769 405 2812 XIII.
448 2771 758 2814 Promissiones
802 2773 1052 2816 manifestae
1090 2777 1200 2826 sunt,
1238 2773 1308 2816 Ps.
1349 2774 1412 2827 16,
1453 2774 1516 2816 10.
1557 2773 1584 2816 S
1597 2775 1647 2815 at
1659 2775 1673 2815 i
1686 2776 1734 2816 et
1745 2789 1768 2815 a
1780 2789 1798 2816 s

236 2841 560 2895 gaudiorum
590 2843 644 2884 in
673 2847 973 2897 conspectu
1002 2847 1094 2887 tuo
1126 2845 1654 2897 amoenissimorum,
1681 2846 1799 2887 dex-

233 2915 351 2954 tera
390 2916 483 2954 tua
521 2913 574 2954 in
612 2916 1022 2958 aeternitatem.
1054 2915 1177 2959 Matt.
1209 2917 1245 2968 5,
1275 2918 1312 2958 3.
1342 2916 1500 2958 Beati
1529 2931 1798 2971 pauperes

235 2984 468 3036 spiritu,
500 2985 629 3037 quia
657 2985 901 3039 ipsorum
933 2991 1014 3030 est
1044 3003 1266 3042 regnum
1295 2988 1591 3041 coelorum,
1622 2990 1728 3030 etv.
1760 2989 1797 3030 8.

1919 3147 1931 3224 ima.
1909 3022 1931 3139 'aulum-A„
1921 2962 1931 3012 41„-
1928 2915 1931 2939 st„
