1931 3224
258 161 335 204 348
798 163 1043 208 DisPUTATm
1077 166 1274 210 XXXIV.

255 286 418 340 busque
455 289 540 330 suis
567 290 761 342 partibus
789 305 884 333 cum
913 306 1064 333 norma
1091 292 1197 345 legis
1226 293 1392 351 divinae
1425 295 1594 348 οὲρμονίοο
1623 296 1689 338 vel
1719 312 1818 339 con-

255 360 464 413 gruentia,
502 363 595 403 tum
631 363 771 415 quoad
806 378 952 405 eorum
979 364 1273 417 integritatem
1301 366 1526 419 integram,
1555 369 1648 409 tum
1679 369 1818 421 quoad

255 432 437 486 speciem
480 447 626 475 eorum
669 437 899 476 externam.
944 435 1048 478 Cum
1086 436 1197 478 enim
1233 437 1349 479 Deus
1387 438 1442 480 sit
1477 439 1809 492 καρδιογνώστης,

254 504 482 547 secundum
518 506 742 548 veritatem
766 506 974 559 judicans,
1004 510 1046 549 et
1074 508 1141 550 lex
1169 509 1304 562 ipsius
1333 510 1579 564 spiritualis,
1605 526 1693 555 non
1721 514 1818 555 tan-

253 579 345 618 tum
374 577 513 629 quoad
543 577 654 619 dicta
679 579 720 619 et
744 577 870 630 facta,
896 578 969 620 sed
994 579 1123 620 etiam
1149 581 1289 632 quoad
1314 582 1504 635 cogitata
1530 584 1572 624 et
1597 583 1815 637 desideria,

253 650 421 690 nostras
451 650 639 690 actiones
668 648 755 701 legi
782 648 863 691 Dei
893 650 1130 693 conformes
1160 666 1249 693 esse
1279 655 1463 706 oportet,
1492 653 1615 696 Rom.
1645 656 1681 707 2,
1712 655 1749 697 2.
1779 656 1816 698 7.

254 719 315 760 14.
346 719 456 761 Phil.
488 720 523 771 1,
555 719 618 761 10.

305 788 421 831 XVI.
450 789 576 832 Fines
618 791 830 834 bonorum
867 807 1045 847 operum
1082 797 1181 837 sunt
1218 798 1317 838 tres.
1356 796 1546 846 Quorum
1573 798 1735 851 primus
1764 800 1817 842 ad

251 876 329 904 nos
358 864 535 915 spectat,
563 863 812 906 testificatio
842 865 1004 907 scilicet
1030 869 1202 909 nostrae
1232 882 1333 921 erga
1360 867 1499 910 Deum
1528 870 1816 923 gratitudinis,

252 948 335 985 qua
363 936 509 976 nostra
538 934 664 976 simul
694 935 842 978 electio
874 938 915 978 et
942 937 1111 979 vocatio
1135 937 1179 979 in
1202 938 1326 980 nobis
1353 940 1667 992 confirmantur,
1693 940 1815 983 Rom.

252 1007 313 1057 12,
354 1006 388 1058 1,
424 1007 460 1048 2.
492 1005 513 1048 1
545 1006 637 1049 Cor.
669 1008 705 1059 6,
736 1008 798 1049 19.
828 1009 891 1049 20.
922 1010 945 1050 2
974 1009 1065 1051 Pet.
1096 1011 1131 1061 2,
1162 1011 1198 1052 5.
1228 1011 1265 1052 9.
1295 1011 1357 1052 10.
1388 1011 1561 1053 Etenim
1590 1012 1640 1054 de
1667 1015 1815 1054 nostra

251 1077 456 1120 electione
499 1081 540 1120 et
577 1080 801 1122 vocatione
839 1096 889 1122 ex
926 1081 1050 1122 bonis
1089 1081 1288 1135 operibus
1324 1085 1544 1135 tamquam
1583 1098 1633 1125 ex
1661 1083 1814 1126 hostiis

249 1149 341 1191 Deo
384 1151 581 1204 acceptis,
619 1151 802 1205 fideique
835 1153 1110 1206 justificantis
1146 1154 1261 1196 notis
1294 1155 1559 1207 indubitatis,
1591 1156 1640 1197 de
1667 1158 1815 1197 nostra

250 1221 456 1264 electione
494 1225 623 1275 atque
662 1224 766 1266 adeo
798 1225 1023 1267 vocatione
1053 1225 1105 1266 ad
1133 1226 1326 1278 salutem,
1358 1227 1558 1269 certiores
1586 1216 1813 1280 reddimur,

248 1295 296 1334 ut
323 1293 461 1346 liquet
492 1310 542 1336 ex
569 1295 650 1338 1130
675 1295 793 1338 Petri
817 1297 1118 1349 admonitione,
1144 1299 1169 1339 2
1193 1298 1284 1340 Pet.
1310 1300 1347 1350 1,
1374 1299 1435 1340 10.
1466 1298 1815 1353 Quapropter

248 1365 451 1408 fratres
491 1367 711 1409 studete
747 1369 1093 1410 vocationem
1133 1372 1184 1411 et
1223 1370 1549 1413 electionem
1576 1373 1814 1413 vestram

247 1436 460 1479 firmam
503 1438 751 1489 efficere3
794 1439 927 1481 haec
969 1441 1107 1481 enim
1150 1441 1192 1481 si
1234 1441 1508 1493 feceritis,
1544 1457 1816 1496 nunquam

247 1508 590 1563 impingetis.
620 1509 712 1552 Nec
740 1525 828 1552 non
856 1526 906 1552 ex
936 1510 1094 1553 Christi
1122 1513 1416 1565 promissione,
1447 1512 1475 1554 J
1479 1513 1547 1555 011.
1576 1514 1640 1566 15,
1669 1515 1705 1556 8.
1731 1530 1815 1568 qua

247 1580 461 1622 auditores
498 1581 725 1635 Evangelii
759 1597 809 1624 ex
836 1582 1046 1625 fructibus
1074 1584 1286 1626 bonorum
1316 1599 1493 1638 operum
1524 1588 1638 1628 certo
1668 1588 1815 1640 cogni-

245 1653 364 1693 turos
395 1652 637 1705 pollicetur,
669 1655 783 1706 quod
812 1655 1005 1708 germani
1032 1655 1167 1709 ipsius
1197 1655 1282 1698 sint
1309 1656 1505 1710 discipuli
1532 1672 1579 1700 ac
1604 1658 1812 1713 palmites,

245 1723 329 1777 ipsi
358 1738 455 1765 vere
485 1724 529 1765 in
560 1727 779 1767 aeternum
807 1726 938 1768 insiti.

297 1794 436 1837 XVII.
478 1795 694 1838 Secundus
731 1797 827 1839 finis
868 1800 930 1839 est
964 1799 1150 1851 proximi
1179 1799 1431 1852 aedificatio,
1461 1800 1549 1842 sive
1578 1798 1811 1854 sit'fidelis‚

245 1867 332 1908 sive
369 1867 562 1910 infidelis.
603 1868 706 1910 Cum
747 1869 858 1911 enim
891 1870 999 1912 bene
1026 1870 1233 1923 faciendo,
1264 1871 1358 1913 aliis
1387 1872 1640 1925 ἀπρόσκοποι,
1669 1865 1712 1915 id
1736 1876 1812 1927 est,

245 1939 334 1982 sine
373 1940 626 1983 offendiculo
665 1943 892 1994 praeimus,
930 1943 1114 1995 fideique
1151 1945 1323 1985 nostrae
1353 1944 1641 1986 sinceritatem
1670 1945 1812 1998 palam

245 2012 520 2064 ostendimus,
562 2015 654 2054 tum
694 2013 831 2055 fidelis
867 2013 913 2055 111
951 2014 1096 2055 eadem
1133 2014 1214 2056 fide
1253 2015 1476 2056 nobiscum
1515 2016 1810 2066 confirmatur,

242 2083 423 2125 infidelis
462 2086 615 2137 autem,
654 2085 720 2126 vel
758 2085 811 2127 ad
841 2100 933 2127 eam
961 2085 1157 2138 allicitur,
1186 2087 1252 2128 vel
1281 2086 1455 2140 pudefit,
1485 2087 1520 2128 si
1548 2087 1706 2129 bonam
1734 2102 1811 2130 110-

244 2158 376 2198 stram
402 2155 447 2197 in
475 2154 645 2198 Christo
675 2156 1039 2199 conversationem
1061 2157 1341 2200 nihilominus
1365 2159 1550 2211 incessit,
1578 2159 1599 2200 1
1628 2158 1720 2201 Cor.
1748 2160 1810 2212 10,

242 2229 306 2270 32.
350 2230 399 2269 ut
435 2227 761 2270 Lactantius
798 2228 1014 2282 eleganter
1055 2229 1233 2282 colligit,
1273 2229 1363 2271 Lib.
1402 2230 1439 2272 5.
1477 2230 1612 2273 instit.
1651 2246 1743 2285 cap.
1773 2234 1808 2275 9.

242 2298 364 2340 Cum
399 2299 640 2347 videant,
680 2299 832 2352 inquit,
868 2300 1131 2342 infideles
1172 2304 1222 2343 et
1259 2316 1311 2343 se
1350 2304 1399 2344 et
1438 2317 1561 2344 suos
1591 2318 1647 2345 ea
1678 2318 1810 2356 quae

243 2369 474 2412 diximus
513 2384 724 2423 gerere,
761 2373 984 2413 nostros
1025 2374 1200 2414 autem
1238 2372 1379 2414 nihil
1409 2373 1558 2414 aliud
1589 2375 1811 2427 operari

240 2441 350 2483 nisi
393 2456 620 2494 aequum
657 2445 707 2484 et
744 2443 959 2496 bonum,
999 2446 1262 2497 poterant
1300 2444 1344 2486 si
1375 2444 1501 2497 quid
1529 2448 1807 2499 saperent,

242 2528 301 2555 ex
328 2502 433 2555 hoiz
461 2513 810 2567 intelligere,
842 2518 893 2557 et
921 2515 1053 2557 illos
1085 2515 1174 2569 qui
1203 2516 1398 2557 bonum
1426 2516 1660 2569 faciunt,
1692 2532 1808 2560 esse

240 2584 380 2637 pios,
420 2587 469 2626 et
507 2599 559 2627 se
596 2585 796 2639 impios
835 2587 924 2639 qui
961 2587 1196 2629 nefanda
1234 2588 1606 2639 committunt3
1635 2604 1808 2643 neque

241 2656 378 2698 enim
427 2656 557 2698 fieri
608 2659 816 2711 potest,
868 2661 923 2700 ut
974 2659 1065 2711 qui
1105 2659 1160 2700 in
1202 2660 1447 2702 omnibus
1490 2661 1638 2703 vitae
1683 2676 1808 2704 suae

240 2727 553 2771 actionibus
590 2743 699 2771 non
738 2733 946 2782 errant,
985 2731 1037 2772 in
1075 2746 1272 2774 summa
1309 2734 1516 2784 errent,
1554 2732 1607 2774 id
1645 2735 1727 2774 est
1755 2733 1807 2774 in

238 2799 537 2853 religione,
569 2815 707 2854 quae
733 2817 910 2844 rerum
939 2803 1174 2844 omnium
1199 2806 1363 2858 caput
1393 2806 1488 2845 est.

290 2869 447 2913 XVIII.
479 2871 649 2914 Tertius
679 2873 774 2916 finis
805 2876 933 2927 atque
962 2875 1152 2927 ultimuS,
1183 2876 1249 2918 cui
1276 2876 1358 2918 duo
1383 2875 1681 2929 praecedentes
1708 2876 1806 2918 sub-

240 2942 502 2995 ordinantur,
542 2947 605 2986 est
645 2945 726 2987 Dei
765 2945 914 2999 gloria.
954 2945 1062 2988 Sunt
1102 2947 1213 2988 enim
1251 2946 1432 3000 regeniti
1462 2946 1505 2988 in
1535 2946 1617 2988 hoc
1645 2947 1803 2990 mundo

238 3027 286 3054 ac
317 3013 456 3055 medio
487 3015 673 3057 nationis
705 3031 862 3068 pravae
890 3031 915 3058 a
943 3016 1036 3058 Deo
1068 3017 1302 3069 constituti,
1331 3032 1418 3059 non
1449 3020 1617 3059 tantum
1646 3021 1693 3059 ut
1721 3018 1804 3071 ipsi
