1931 3224
565 100 628 142 DE
657 100 834 142 ANGEms
862 99 987 142 Boius
1016 114 1062 141 Ac
1091 98 1235 141 MAms.
1620 102 1671 141 99

169 224 263 267 XII.
290 224 408 267 Haec
437 224 487 266 de
515 224 782 281 Angelorum
810 224 1048 266 substantia
1078 239 1129 266 ex
1158 224 1288 266 Sacra
1314 223 1534 276 Scriptura
1560 224 1671 265 dicta

117 299 262 348 sunt03
296 297 386 350 jam
414 296 464 338 de
494 311 640 338 eorum
667 291 886 338 attributis
917 298 958 337 ot
986 295 1196 349 adjunctis
1224 295 1438 337 nonnullis
1468 296 1673 348 quaedam

94 367 299 409 ‘breviter
326 369 425 409 sunt
452 368 706 410 annotanda.

169 437 286 480 XIII.
328 439 518 493 Angelos
560 440 792 491 intellectu,
835 440 1054 481 volimtate
1093 442 1135 481 et
1174 438 1367 492 potentia
1404 438 1558 480 eximia
1587 454 1673 481 esse

115 511 344 564 praeditos,
389 525 533 553 omnes
574 511 767 564 ipsorum
807 511 995 553 actiones
1033 511 1137 552 satis
1175 511 1480 562 demonstrant,
1522 512 1563 551 et
1604 526 1674 552 ex-

115 597 258 636 presse
288 582 497 636 sapientia
526 583 610 624 illis
638 583 856 635 tribuitur,
886 583 910 623 2
935 582 1046 625 Sam.
1074 583 1135 634 14,
1162 584 1224 624 20.
1249 582 1441 624 Domin
1452 598 1509 624 us
1535 597 1676 624 meus

115 654 226 697 Rex
277 654 496 708 sapiens
543 657 641 706 est,
686 657 959 707 tamquam
1002 655 1280 707 sapientia
1322 654 1522 708 Angeli
1564 653 1674 695 Dei.

114 725 363 768 Voluntatis
400 726 558 767 interni
596 727 639 767 et
670 725 836 778 proprii
865 728 983 767 actus
1010 726 1094 767 illis
1122 726 1379 777 tribuuntur,
1409 725 1516 777 Dan,
1546 726 1583 776 4,
1615 725 1676 766 17.

115 795 192 838 Ex
231 796 454 838 decreto
491 795 737 849 Vigilum
775 796 994 838 verbum
1031 797 1153 848 hoc,
1194 800 1236 838 et
1275 798 1295 838 1
1336 797 1427 839 Pet.
1459 798 1492 849 1,
1528 795 1678 837 12.Ι11

116 882 251 920 quae
291 869 521 921 cupiunt
558 867 758 920 Angeli
798 867 1192 921 introspicere.
1222 867 1370 909 Robur
1399 882 1498 909 vero
1530 869 1571 908 et
1600 882 1677 920 po-

114 939 250 981 tentia
292 939 534 993 singularis,
577 940 646 981 Ps.
684 940 775 991 103,
814 939 877 980 20.
917 938 1248 982 Benedicite
1291 938 1536 981 Jehovae
1580 937 1678 978 An-

116 1011 228 1064 geli
257 1012 371 1064 ejus
401 1010 782 1053 valentissimi
811 1011 1034 1063 robore,
1067 1013 1108 1052 et
1138 1010 1295 1064 passim
1324 1010 1437 1052 alibi.

168 1082 284 1125 XIV.
323 1082 388 1124 De
423 1083 642 1124 intellectu
679 1082 890 1138 Angelico
920 1082 1056 1123 multa
1084 1082 1207 1123 valde
1238 1081 1400 1123 curiose
1431 1097 1454 1122 a
1484 1080 1679 1122 Scholas-

113 1155 211 1197 ticis
249 1154 544 1208 disputantur3
582 1168 660 1196 nos
685 1154 741 1205 μὴ
764 1152 1064 1204 ἐμβατεύοντες
1082 1152 1110 1194 ἃ
1128 1153 1184 1204 μὴ
1202 1152 1445 1205 ἑωράκαμεν,
1475 1154 1681 1205 quantum

114 1226 182 1268 vel
220 1241 271 1268 ex
307 1225 541 1279 Scriptura,
580 1225 649 1267 vel
685 1226 851 1267 ratione
887 1225 1009 1266 firma
1037 1238 1262 1278 possumus
1292 1224 1504 1278 colligere,
1535 1224 1680 1278 paucis

113 1298 404 1340 indicabimus.

169 1369 264 1411 XV.
295 1368 473 1411 Omnem
500 1369 764 1411 intellectum
792 1383 869 1422 per
899 1368 1089 1421 aliquam
1118 1367 1459 1421 conjunctionem
1488 1367 1549 1408 rei
1580 1382 1680 1420 cog-

116 1441 231 1483 nitae
274 1456 369 1483 cum
409 1440 613 1482 facultate
656 1441 939 1493 cognoscente
977 1439 1081 1491 fieri,
1120 1439 1232 1480 inter
1269 1438 1556 1491 Philosophos
1594 1438 1680 1479 fere

117 1515 303 1564 constat3
349 1512 592 1565 conjunctio
635 1514 777 1553 autem
817 1511 923 1552 haec
964 1510 1026 1561 fit,
1065 1510 1131 1552 vel
1169 1525 1244 1563 per
1283 1510 1508 1551 essentiam
1544 1510 1681 1562 ipsam

115 1599 269 1636 rerum,
309 1584 377 1625 vel
415 1599 492 1638 per
532 1598 677 1625 earum
704 1583 821 1625 ideas
849 1597 921 1624 seu
957 1581 1130 1635 species,
1164 1596 1271 1634 quae
1300 1581 1460 1634 species
1490 1581 1556 1622 vel
1584 1596 1679 1622 nas-

119 1656 272 1696 cuntur
321 1670 416 1697 cum
458 1655 690 1705 intellectu,
733 1653 800 1695 vel
847 1668 924 1707 per
967 1667 1112 1695 sensus
1156 1655 1197 1694 et
1241 1652 1615 1693 ratiocinationem
1658 1667 1681 1693 a

116 1726 242 1768 rebus
285 1726 603 1778 abstrahuntur,
645 1726 710 1767 vel
738 1740 812 1779 per
842 1725 1142 1767 revelationem
1173 1724 1359 1765 divinam
1388 1723 1541 1765 animis
1571 1724 1682 1765 inse-

115 1801 279 1840 runtur.

169 1868 284 1911 XVI.
322 1869 445 1918 Quod
472 1868 657 1922 primum
686 1868 945 1922 cognitionis
974 1868 1147 1910 moduni
1176 1868 1342 1918 attinet,
1370 1867 1513 1920 ipsum
1541 1865 1680 1908 Deum

117 1941 170 1983 ab
198 1941 378 1995 Angelis
408 1955 484 1994 per
512 1941 651 1994 ipsam
679 1941 768 1993 ejus
800 1940 1030 1982 essentiam
1059 1940 1271 1993 cognosci,
1302 1938 1574 1980 statuendum
1605 1940 1679 1989 est,

119 2012 476 2065 quemadmodum
511 2012 586 2053 lux
616 2011 668 2053 ab
699 2011 824 2053 oculo
854 2011 1126 2066 conspicitur.
1158 2009 1272 2052 Nam
1303 2009 1430 2052 Sacra
1460 2008 1680 2062 Scriptura

116 2086 301 2125 testatur
338 2098 426 2125 eos
463 2097 674 2136 semper
710 2082 898 2124 videre
927 2082 1125 2124 faciem
1153 2081 1357 2133 Patris,
1390 2080 1493 2122 Mat.
1524 2082 1587 2132 18,
1619 2082 1679 2121 10.

118 2158 160 2197 et
200 2155 283 2197 hoc
323 2155 407 2196 illis
450 2169 541 2196 cum
586 2155 723 2197 beatis
762 2155 959 2197 omnibus
1003 2168 1223 2196 commune
1266 2156 1341 2206 est,
1387 2153 1529 2205 quod
1568 2167 1681 2194 eum

118 2227 342 2268 videant
383 2226 549 2268 sicuti
587 2228 686 2278 est,
728 2226 749 2267 1
790 2225 891 2267 Joh.
929 2226 966 2276 3,
1004 2226 1041 2267 2.
1082 2240 1305 2277 eumque
1343 2227 1680 2279 cognoscant

119 2297 284 2339 sicuti
328 2298 543 2351 cogniti
580 2300 725 2349 sunt,
763 2298 784 2339 1
826 2297 919 2339 Cor.
959 2297 1021 2349 13,
1064 2298 1125 2338 12.
1165 2297 1218 2339 Se
1254 2297 1371 2350 ipsos
1401 2312 1570 2349 quoque
1599 2297 1680 2338 hoc

119 2371 245 2422 pacto
281 2371 460 2419 norunt3
498 2383 596 2410 nam
635 2369 669 2409 si
707 2368 891 2422 Spiritus
929 2368 1115 2409 hominis
1155 2369 1228 2420 qui
1258 2370 1321 2409 est
1350 2368 1395 2409 111
1425 2369 1531 2422 ipso,
1561 2368 1680 2409 novit

120 2455 228 2493 quae
266 2442 364 2480 sunt
400 2440 445 2480 in
481 2438 664 2491 homine,
704 2440 725 2480 1
765 2438 858 2481 Cor.
895 2440 932 2491 2,
964 2440 1025 2480 11.
1055 2439 1192 2481 multo
1226 2439 1362 2492 magis
1392 2439 1442 2481 de
1471 2439 1678 2492 Angelico

116 2512 336 2554 intellectu
357 2511 440 2552 hoc
469 2513 532 2552 est
559 2511 837 2553 sentiendum.

171 2581 309 2624 XVII.
348 2582 430 2624 Per
469 2583 628 2636 species
664 2597 763 2625 vero
802 2582 908 2635 ipsis
946 2582 1200 2623 naturaliter
1238 2597 1262 2623 a
1299 2582 1438 2635 prima
1467 2582 1678 2624 creatione

118 2654 281 2707 insitas,
321 2654 505 2708 plurima
544 2668 714 2707 quoque
750 2668 885 2706 nosse,
915 2667 1001 2695 non
1031 2656 1094 2695 est
1124 2653 1319 2703 dubium3
1349 2668 1448 2695 nam
1477 2653 1512 2694 si
1541 2653 1679 2707 prima

118 2726 329 2780 principia
363 2726 408 2768 in
445 2725 596 2767 animis
633 2725 860 2767 hominum
897 2740 921 2766 a
958 2725 1097 2778 primo
1138 2727 1234 2766 ortu
1267 2726 1508 2776 nascantur,
1537 2727 1585 2766 ut
1613 2739 1679 2767 sa-

118 2798 260 2839 niores
305 2796 561 2850 Philosophi
603 2798 859 2850 agnoscunt;
899 2798 941 2837 et
979 2795 1015 2836 si
1052 2795 1180 2848 primi
1219 2794 1404 2837 hominis
1443 2795 1679 2838 intellectui

119 2871 241 2910 tanta
268 2868 397 2910 fuerit
426 2868 652 2922 congenita
680 2868 757 2919 vis,
786 2869 835 2908 ut
864 2866 1055 2908 omnium
1084 2866 1364 2907 animantium
1387 2868 1559 2909 naturas
1582 2882 1678 2920 per-

120 2940 279 2993 spicere
316 2940 517 2994 potuerit,
556 2939 776 2981 fatendum
812 2938 936 2980 nobis
973 2938 1108 2979 multo
1147 2937 1296 2990 magis,
1337 2939 1526 2981 omnium
1565 2953 1678 2980 crea-
