1931 3224
559 141 622 182 DE
651 140 926 183 Efflssmosmis
955 155 1001 181 ET
1029 138 1218 181 JEJUNHS.
1587 137 1664 177 397

107 268 282 319 quartae
326 269 368 308 et
410 268 552 308 sextae
593 265 734 317 feriae,
776 265 964 316 itemque
1005 265 1104 316 post
1143 260 1369 316 (imprimis
1399 260 1443 301 in
1472 259 1666 301 Romana

106 337 315 390 Ecclesia)
355 336 585 386 Sabbathi;
626 334 911 378 annuatim
939 332 1295 388 Quadragesimae
1325 333 1366 373 et
1394 330 1666 383 Quinquage-

105 408 236 449 simae
278 407 395 461 (solis
438 422 591 461 nempe
633 406 820 459 Clericis)
864 409 961 448 ante
1002 404 1166 446 Pascha
1208 403 1433 456 imposito,
1479 402 1581 454 quin
1625 403 1667 442 et

106 481 340 531 quatuor
375 481 516 532 temp
530 493 585 520 or
599 493 625 519 u
640 493 682 519 m
696 511 704 524 ,
735 477 896 519 scilicet
925 491 1066 518 mense
1095 474 1264 526 Martio,
1296 473 1440 525 Junio,
1471 472 1667 526 Septem-

104 549 184 600 bri,
222 549 468 600 Decembri3
498 549 676 601 aliisque
707 564 833 602 quam
861 548 1067 602 plurimis,
1097 550 1145 589 ut
1173 546 1216 587 in
1245 545 1403 598 vigiliis
1434 543 1667 597 Apostolo-

104 635 198 662 rum
227 622 268 662 et
295 620 475 662 aliorum
505 620 756 662 Sanctorum
785 620 1085 662 solemniorum.

157 688 327 731 XLVII.
357 690 523 732 Horum
555 692 773 743 quaedam,
805 692 965 733 scilicet
994 688 1445 740 hebdomadaria,
1477 690 1519 729 et
1548 702 1612 740 qu
1624 701 1668 728 a-

104 764 227 802 tuor
276 763 420 815 temp
435 776 601 814 orum,
654 778 705 804 ex
756 762 936 803 Judaica
978 761 1292 813 consuetudine,
1337 774 1460 802 causa
1500 762 1668 800 tantum

103 835 278 884 mutata,
310 835 451 874 ortum
480 833 649 885 ducunt,
675 832 772 875 Luc.
796 834 859 883 18,
888 834 949 874 12.
975 832 1100 874 Zach.
1126 834 1160 874 7.
1188 830 1669 887 Quadragesimale

104 918 216 955 vero,
246 904 362 945 inani
392 907 433 946 et
461 905 609 958 inepta
641 904 863 959 κακοζηλίᾳ
905 904 1148 945 miraculosi
1174 903 1326 956 jejunii
1355 902 1525 954 Christi,
1557 901 1670 954 quod

104 975 342 1016 mirandum
379 975 521 1029 potius
560 990 686 1028 quam
719 975 984 1027 imitandum,
1014 975 1234 1016 inductum
1264 977 1339 1015 est.
1370 974 1492 1022 Quod
1521 987 1669 1025 quam-

104 1046 167 1088 vis
209 1046 261 1087 ab
303 1045 494 1088 Ecclesia
530 1046 707 1099 antiqua
742 1049 996 1099 usurpatum
1034 1046 1101 1098 sit,
1140 1046 1255 1087 varie
1283 1048 1427 1087 tamen
1457 1047 1498 1086 et
1526 1044 1670 1103 libere,

104 1117 165 1159 ita
205 1120 253 1159 ut
294 1133 450 1172 magna
488 1118 626 1171 hujus,
666 1120 707 1160 et
746 1119 789 1159 in
825 1121 1029 1173 tempore,
1070 1121 1112 1159 et
1140 1118 1184 1158 in
1215 1117 1511 1159 observatione
1541 1115 1672 1156 fuerit

105 1189 326 1232 diversitas
368 1192 409 1231 et
452 1190 764 1242 dissimilitudo,
804 1191 927 1231 unius
966 1189 1138 1241 scilicet,
1181 1189 1371 1240 duorum,
1411 1187 1600 1241 plurium
1629 1188 1670 1228 et

107 1261 390 1314 quadraginta
418 1261 591 1314 dierum,
622 1261 776 1303 Euseb.
799 1260 890 1303 Lib.
915 1262 951 1303 5.
969 1276 1059 1314 cap.
1077 1262 1139 1302 26.
1157 1260 1319 1303 Socrat.
1337 1259 1428 1301 Lib.
1445 1260 1481 1301 5.
1500 1274 1588 1313 cap.
1604 1259 1666 1300 21.

104 1332 286 1386 Niceph.
317 1333 406 1375 Lib.
438 1335 471 1375 1.
503 1349 592 1387 cap.
622 1334 685 1375 34.
715 1334 774 1375 At
803 1333 1018 1375 Pontificii
1042 1334 1130 1386 ejus
1156 1332 1500 1374 observationem
1525 1344 1670 1371 neces-

103 1405 261 1446 sariam
291 1407 331 1446 et
360 1405 405 1446 in
436 1405 693 1447 conscientia
723 1405 1026 1459 obligatoriam
1053 1404 1226 1446 faciunt.

156 1474 350 1517 XLVIII.
391 1475 664 1518 Consistit
693 1490 818 1517 vero
849 1476 902 1517 in
929 1475 1284 1517 fraudatione
1315 1475 1486 1528 genii,
1517 1477 1566 1515 et
1595 1488 1670 1515 so-

104 1547 208 1589 lito
252 1547 527 1589 severiore
570 1547 938 1598 continentia,
981 1561 1071 1588 seu
1115 1546 1458 1588 abstinentia
1499 1545 1671 1586 omnis

105 1619 317 1661 omnino
357 1619 488 1670 cibi,
528 1620 579 1660 et
615 1620 798 1671 potus,
838 1633 1004 1671 eaque
1036 1619 1186 1659 intra
1212 1618 1358 1659 vires
1386 1617 1668 1667 humanas,

105 1692 258 1743 puta,
288 1692 545 1732 consuete
576 1705 600 1731 a
627 1704 856 1743 vespera
883 1689 944 1731 ad
972 1704 1277 1743 vesperam,
1301 1689 1397 1731 Lev.
1425 1689 1487 1739 23,
1504 1689 1567 1729 32.
1584 1688 1669 1730 imo

106 1761 365 1803 continuo
396 1775 564 1813 usque
593 1761 654 1802 ad
684 1761 944 1813 triduum,
972 1761 1095 1803 Esth.
1123 1762 1161 1813 4,
1193 1762 1255 1803 16.
1286 1762 1353 1803 vel
1390 1776 1413 1802 a
1442 1775 1591 1802 mane
1620 1759 1671 1801 in

105 1847 232 1886 vesp
246 1847 384 1874 eram
398 1866 407 1884 ,
450 1833 633 1874 maxime
675 1832 719 1873 in
761 1832 947 1886 plurium
985 1833 1147 1874 dierum
1179 1832 1355 1885 jejunio,
1392 1835 1440 1873 ut
1469 1834 1669 1886 septem

106 1905 331 1956 dierum,
361 1905 383 1945 1
415 1903 526 1946 Sam.
556 1905 619 1956 31,
650 1905 712 1945 13.
739 1905 905 1946 trium
928 1904 1404 1955 hebdomadarum,
1429 1903 1538 1944 Dan.
1555 1903 1618 1954 10,
1634 1903 1671 1944 2.

106 1975 193 2018 Ubi
222 1990 395 2029 vespere
426 1975 567 2017 cibum
597 1976 831 2027 sumebant,
860 1976 932 2018 sed
961 1991 1087 2029 parce
1117 1991 1164 2018 ac
1192 1976 1389 2017 tenuiter.
1420 1974 1489 2017 Sic
1518 1973 1672 2015 Daniel

107 2061 131 2087 a
170 2060 294 2087 carne
329 2048 371 2088 et
398 2046 510 2099 vino,
542 2046 644 2100 quin
674 2049 715 2088 et
744 2061 769 2088 a
792 2062 903 2100 pane
933 2047 1146 2101 delicioso,
1177 2047 1248 2089 sed
1277 2046 1419 2098 libere,
1452 2045 1672 2097 abstinuit,

108 2115 215 2158 Dan.
246 2117 309 2169 10,
337 2117 374 2158 3.

160 2186 309 2230 XLIX.
350 2188 533 2231 Proinde
570 2188 765 2231 Pontis
769 2189 867 2231 icii
903 2190 1010 2232 nihil
1048 2190 1188 2232 minus
1228 2204 1354 2242 quam
1387 2190 1594 2243 jejunant,
1625 2191 1673 2230 ut

109 2259 182 2312 qui
222 2259 403 2302 Primo
443 2260 654 2313 jejunium
690 2276 777 2303 non
814 2264 904 2303 tam
943 2262 1149 2304 definiunt
1187 2261 1444 2304 abstinentia
1472 2261 1525 2303 ab
1557 2260 1673 2303 omni

109 2332 203 2374 cibo
248 2334 290 2373 et
332 2334 449 2385 potu,
491 2347 617 2385 quam
655 2332 800 2386 inepte
836 2333 1134 2387 superstitioso
1164 2333 1483 2375 discrimine
1514 2335 1564 2374 et
1594 2332 1673 2373 de-

108 2403 257 2444 lectu
286 2402 553 2455 ciborum,
583 2405 604 2446 1
635 2404 741 2446 Tim.
770 2405 809 2457 4,
840 2405 876 2446 1.
902 2406 939 2446 2.
971 2406 1008 2446 3.
1039 2420 1111 2447 seu
1143 2405 1300 2455 carnis3
1331 2407 1458 2457 atque
1488 2405 1531 2446 in
1560 2403 1674 2453 Qua-

110 2474 347 2527 dragesima
389 2475 589 2527 omnium,
633 2490 740 2528 quae
782 2491 806 2517 a
849 2491 973 2518 carne
1013 2476 1224 2532 originem
1261 2476 1433 2527 habent,
1463 2478 1511 2517 ut
1539 2475 1673 2527 lactis,

109 2546 268 2599 butyri,
307 2547 428 2599 casei,
469 2561 645 2589 ovorum
679 2547 850 2600 (quibus
879 2563 922 2590 se
950 2548 1043 2590 fieri
1073 2549 1312 2590 immundos
1340 2547 1512 2602 putant)
1543 2547 1674 2589 absti-

109 2617 276 2665 nentia;
319 2632 367 2659 ac
408 2621 556 2660 contra
591 2618 824 2672 piscium
862 2633 988 2673 saepe
1017 2619 1219 2661 aromatis
1249 2620 1355 2661 bene
1385 2619 1673 2670 conditorum3

110 2692 183 2730 aut
210 2689 487 2731 fructuum
516 2689 942 2741 deliciosissimorum,
972 2689 1016 2731 in
1042 2690 1194 2742 quibus
1218 2690 1427 2732 maximae
1453 2689 1674 2743 cupediae;

111 2762 185 2801 aut
221 2760 572 2813 leguminum,
612 2760 655 2801 in
695 2761 847 2813 quibus
882 2775 1039 2814 magna
1076 2760 1326 2812 fiatulentia,
1367 2761 1494 2803 etiam
1532 2761 1675 2815 copio-

111 2831 221 2873 siore
260 2846 358 2873 usu:
396 2846 482 2873 non
519 2832 623 2873 item
650 2832 761 2874 vini
792 2834 884 2873 aut
911 2834 1079 2885 potus
1108 2831 1468 2884 inebriantis,
1496 2832 1541 2873 in
1570 2846 1675 2885 quo-

112 2917 206 2944 rum
243 2903 429 2958 largiore
469 2918 548 2945 usu
585 2903 752 2945 luxuria
788 2905 864 2954 est,
899 2902 1173 2945 continentia.
1208 2902 1414 2945 Deinde
1442 2918 1578 2956 neque
1607 2918 1675 2945 ca-

113 2974 251 3016 rentia
293 2974 377 3016 cibi
422 2977 463 3016 et
500 2977 628 3027 potus
665 2977 758 3017 toto
789 2975 868 3027 die,
899 2975 970 3017 sed
999 2974 1166 3028 prandii
1196 2974 1397 3016 dilatione
1427 2975 1555 3018 semel
1582 2978 1676 3017 tan-
