1931 3224
286 166 364 207 612
469 175 471 177 “
798 200 801 203 ,
909 164 1150 206 D1spnm10
1178 164 1222 205 L.

287 292 372 331 cat
399 290 452 330 in
479 289 652 330 medio
683 286 936 341 Deorum,
967 289 1010 330 id
1038 291 1113 340 est,
1142 287 1473 341 Magistratuum
1501 288 1687 330 divinam
1714 287 1848 341 ipsius

285 362 552 413 maiestatem
581 362 709 416 atque
739 360 1038 402 auctoritatem
1066 361 1202 402 instar
1227 359 1482 401 vicariorum
1510 359 1644 412 ipsius
1672 359 1718 400 in
1741 358 1850 412 juris

286 431 655 474 administratione
678 432 1102 485 repraesentantium.
1121 431 1211 480 Quo
1227 431 1460 485 respiciens
1474 430 1566 485 ipsa
1582 429 1664 472 Dei
1682 430 1850 483 sapien-

284 504 357 556 tia,
384 518 458 545 seu
481 503 562 545 Dei
587 503 732 555 Filius,
759 504 818 545 ait
843 503 1045 545 Proverb.
1071 503 1108 555 8,
1126 503 1187 544 15.
1205 502 1306 544 Per
1330 517 1406 544 me
1431 516 1588 555 reges
1613 504 1849 555 reg-nant

288 578 336 616 et
376 575 750 618 dominatores
780 576 1084 618 decernunt
1109 575 1402 629 justitiam.
1433 574 1491 616 Et
1518 574 1611 617 Rex
1640 572 1852 627 Josaphat

285 647 435 700 populi
472 647 535 689 sui
575 647 811 700 Judicibus,
848 649 873 689 2
911 647 1064 690 Chron.
1105 649 1167 701 19,
1205 648 1241 690 6.
1279 647 1398 689 Non
1434 645 1673 689 hominis
1711 644 1850 698 judi-

287 720 423 760 cium
461 721 732 762 exercetis
771 720 858 762 sed
895 719 1151 762 Jehovae.
1179 718 1272 762 Nec
1299 733 1385 761 non
1413 707 1650 772 Apostolus
1679 717 1850 768 Paulus,

284 790 714 843 R0m.13,1.N0n
745 793 827 833 est
855 793 1106 845 potestas
1134 791 1243 832 nisi
1272 805 1296 831 a
1325 789 1459 841 Deo,
1490 791 1540 831 et
1566 804 1701 842 quae
1726 790 1852 831 sunt

284 864 619 914 potestates,
659 865 783 904 sunt
822 878 846 904 a
883 862 993 904 Deo
1032 862 1343 914 ordinatae,
1382 861 1569 913 itaque
1600 858 1851 912 quisquis

285 947 337 974 se
382 934 618 987 opponit
660 934 954 988 potestati,
999 933 1098 976 Dei
1136 932 1484 976 ordinationi
1520 930 1752 973 resistit.
1782 929 1853 971 Ad

284 1004 361 1045 has
404 1007 640 1056 potestates
684 1005 1045 1059 supereminentes
1088 1004 1204 1046 Deus
1245 1004 1440 1046 homines
1476 1002 1691 1044 interdum
1728 1002 1852 1043 vocat

285 1077 405 1116 extra
449 1076 652 1129 ordinem,
696 1080 769 1118 aut
809 1077 1066 1129 immediate,
1109 1079 1157 1118 ut
1194 1075 1370 1128 Mosem,
1401 1075 1653 1127 Gedeonem,
1682 1073 1852 1116 Samso-

286 1162 394 1199 nem,
435 1150 508 1189 aut
545 1148 740 1200 mediate,
780 1151 827 1190 ut
856 1147 1064 1190 Davidem
1094 1163 1170 1202 per
1199 1147 1449 1190 Samuelem.
1479 1147 1697 1189 Interdum
1724 1146 1850 1189 modo

289 1218 516 1270 ordinario,
567 1219 633 1261 vel
671 1220 792 1272 jussu
834 1220 987 1261 summi
1028 1219 1309 1272 Magistratus
1352 1234 1403 1262 ex
1440 1220 1535 1272 jure
1577 1218 1851 1262 successionis

287 1290 608 1343 haereditariae,
647 1293 695 1332 ut
731 1289 1001 1333 Salomonem
1035 1292 1161 1342 juxta
1198 1291 1444 1333 mandatum
1471 1291 1662 1342 Davidis,
1693 1292 1713 1332 1
1744 1289 1851 1343 Reg.

289 1364 324 1414 1,
362 1364 425 1404 32.
464 1363 529 1404 vel
568 1377 645 1415 per
682 1363 943 1411 electionem,
983 1362 1176 1404 adhibita
1214 1365 1341 1415 sorte,
1379 1366 1427 1404 ut
1456 1362 1637 1414 Saulem,
1667 1365 1741 1403 aut
1769 1361 1850 1403 alio

287 1435 373 1476 ritu
410 1450 459 1477 ex
499 1449 706 1477 consensu
744 1435 878 1476 totius
908 1435 1060 1488 populi
1090 1435 1319 1478 secundum
1349 1436 1551 1488 cujusque
1579 1436 1701 1489 regni
1728 1437 1853 1477 natu-

288 1519 380 1547 ram
409 1520 456 1547 ac
479 1506 841 1548 consuetudinem.

342 1575 478 1618 XVII.
517 1577 724 1627 Quocirca
763 1580 906 1619 errant
945 1578 1271 1632 Anabaptistae,
1310 1577 1385 1631 qui
1422 1577 1687 1620 functionem
1714 1577 1854 1631 Magi-

289 1650 447 1690 stratus
486 1649 611 1690 rebus
640 1649 763 1691 malis
794 1652 835 1691 et
863 1664 939 1703 per
973 1665 1016 1692 se
1036 1649 1197 1691 illicitis
1229 1652 1570 1701 annumerantes,
1601 1649 1651 1701 ei,
1681 1649 1854 1691 tametsi

287 1720 342 1760 sit
370 1719 519 1771 fidelis,
550 1720 692 1762 locum
720 1721 763 1762 in
793 1720 983 1762 Ecclesia
1008 1720 1249 1763 Christiana
1275 1721 1568 1774 denegandum
1595 1735 1684 1762 esse
1710 1719 1854 1762 existi-

286 1793 418 1832 mant.
460 1791 642 1834 Functio
688 1792 798 1834 enim
841 1792 1031 1846 politica,
1076 1808 1204 1845 quam
1245 1794 1338 1834 tota
1378 1791 1599 1846 Scriptura
1627 1792 1850 1844 utriusque

288 1862 550 1905 Testamenti
587 1863 668 1905 Dei
707 1863 967 1905 ordinationi
998 1864 1184 1915 ascribit,
1214 1879 1291 1917 per
1320 1878 1364 1905 se
1393 1865 1602 1917 perpetuo
1631 1862 1744 1904 bona
1775 1864 1851 1914 est,

288 1948 336 1975 ac
365 1934 544 1987 proinde
571 1949 657 1976 non
681 1934 819 1976 minus
846 1950 869 1976 a
893 1935 1052 1976 nostris
1076 1934 1279 1977 Ecclesiis
1305 1934 1537 1988 approbari
1563 1933 1700 1986 debet,
1726 1947 1853 1986 quam

289 2006 340 2046 ab
379 2005 651 2060 Apostolica:
691 2006 751 2047 ad*
782 2021 910 2059 quani
947 2005 1120 2048 admissi
1159 2008 1269 2057 sunt,
1307 2004 1589 2056 Nicodemus,
1618 2003 1718 2046 Joh.
1748 2004 1785 2055 3,
1816 2004 1853 2045 2.

288 2075 491 2129 Regulus,
545 2077 573 2119 J
576 2076 644 2118 oh.
694 2078 733 2128 4,
784 2077 848 2118 53.
901 2076 1116 2130 Josephus
1168 2076 1486 2128 Arimathaeus,
1538 2075 1567 2118 J
1570 2075 1637 2117 oh.
1684 2075 1746 2126 19,
1790 2074 1854 2115 38.

289 2146 506 2189 Cornelius
537 2146 751 2199 Centurio,
780 2148 877 2189 Act.
910 2149 972 2200 10,
1003 2149 1067 2190 34.
1098 2147 1271 2202 Sergius
1300 2148 1459 2190 Paulus
1488 2146 1737 2196 Proconsul,
1758 2145 1853 2187 Act.

290 2218 352 2270 13,
384 2219 445 2259 12.
476 2220 518 2260 et
546 2218 618 2260 alii
647 2217 928 2272 Magistratus
952 2218 995 2260 in
1026 2218 1241 2261 Christum
1271 2220 1500 2271 credentes
1523 2220 1569 2261 in
1599 2219 1752 2272 quibus
1775 2218 1855 2259 im-

287 2287 396 2340 pleri
424 2287 597 2341 incepit,
624 2289 738 2341 quod
763 2289 865 2331 olim
888 2289 1038 2332 Esaias
1064 2290 1114 2333 de
1148 2290 1415 2333 Christianae
1449 2290 1668 2333 Ecclesiae
1698 2288 1855 2331 Catho-

287 2358 392 2400 licae
420 2358 748 2415 Magistratibus
775 2361 1059 2414 praedixerat,
1090 2377 1123 2403 c.
1154 2363 1219 2415 49,
1251 2364 1314 2404 22.
1348 2365 1390 2405 et
1419 2377 1508 2418 cap.
1539 2363 1603 2412 60,
1631 2362 1667 2403 2.
1697 2361 1734 2402 3.
1767 2359 1855 2403 Su-

289 2443 385 2483 per
420 2432 471 2472 te
510 2431 722 2473 orietur
760 2432 983 2485 Jehova,
1023 2436 1075 2475 et
1104 2433 1286 2487 gloria
1324 2435 1438 2488 ejus
1468 2447 1628 2486 super
1655 2434 1708 2474 te
1737 2446 1856 2474 con—

290 2501 481 2555 spicua
523 2502 644 2555 erit,
686 2506 742 2544 ut
781 2504 1044 2547 accedant
1082 2507 1272 2558 gentes
1310 2506 1372 2547 ad
1400 2505 1574 2547 lucem
1608 2507 1764 2555 tuam,
1805 2504 1856 2545 et

289 2571 463 2626 Reges
509 2573 570 2615 ad
599 2574 947 2627 splendorem
991 2579 1238 2618 exortum
1280 2577 1398 2618 tibi.
1442 2575 1555 2618 Hinc
1592 2574 1731 2617 David
1769 2574 1856 2627 spi-

288 2643 375 2684 ritu
412 2646 531 2685 actus
569 2644 822 2698 prophetico
859 2646 956 2688 illos
994 2646 1194 2689 hortatur
1223 2649 1270 2689 ut
1300 2647 1457 2689 Filium
1485 2646 1567 2689 Dei
1598 2646 1852 2698 osculentur,
1899 2674 1903 2676 -

290 2713 447 2757 Psalm.
473 2716 496 2757 2
537 2715 599 2758 12.

342 2749 510 2828 XVIII.⁷
538 2786 575 2828 Ii
611 2791 833 2840 praeterea
863 2791 1018 2842 errant,
1049 2791 1123 2843 qui
1151 2789 1458 2843 Magistratum
1485 2788 1699 2831 infidelem
1727 2791 1854 2841 atque

290 2857 533 2910 improbum
562 2873 586 2899 a
615 2859 774 2914 populo
803 2859 884 2901 Dei
913 2875 999 2902 non
1029 2876 1119 2903 esse
1148 2861 1417 2903 tolerandum
1442 2859 1716 2902 arbitrantur.
1742 2859 1854 2901 Nam
1910 2876 1912 2878 ’

290 2929 480 2980 potestas
508 2927 800 2983 Magistratus,
832 2946 939 2984 quae
969 2935 1032 2974 est
1060 2933 1113 2974 ab
1139 2933 1233 2987 ipso
1260 2932 1365 2985 Deo,
1390 2932 1443 2974 ab
1467 2930 1729 2983 infidelitate,
1747 2945 1854 2983 quae

292 3012 316 3038 a
358 3013 487 3052 pravo
531 2999 812 3053 Magistratus
855 3004 996 3045 animo
1041 3004 1199 3057 existit,
1241 3007 1289 3045 ut
1329 3003 1448 3053 τάξις
1480 3002 1533 3043 ab
1566 3001 1737 3057 ἀταξίᾳ,
1781 3005 1855 3044 auf}
1890 3010 1891 3013 ’

1919 2606 1926 2616 <¹
1922 2322 1931 2582 -..Α-Αῌ.--...ι.,«--
1927 2305 1931 2310 i
1928 2279 1931 2296 i.
1923 2262 1931 2269 «ι
1927 2201 1931 2251 -..-
