1931 3224
267 91 342 131 150
855 88 1097 131 DISPUTATIO
1125 88 1260 132 XVII.

266 216 451 268 potest
490 228 605 255 esse
643 214 909 255 libertas?
948 214 1056 255 nisi
1099 216 1310 267 quando
1350 228 1462 256 eum
1490 232 1717 269 peccare
1744 218 1821 260 de-

266 285 458 335 lectat,
498 284 672 326 libere
711 285 853 326 enim
890 284 1063 326 servit
1092 286 1179 338 qui
1219 286 1300 327 sui
1339 286 1545 329 domini
1572 287 1819 330 volunta-

266 358 368 396 tem
404 354 645 396 libenter
682 354 832 396 facit.
871 354 944 396 Ac
983 370 1075 408 per
1103 356 1204 398 hoc
1233 357 1294 398 ad
1322 358 1651 410 peccandum
1678 359 1820 401 liber

267 429 365 478 est,
397 426 486 478 qui
515 425 730 479 peccati
760 439 946 466 servus
977 428 1076 467 est.

319 495 494 537 XXVII.
538 496 587 537 In
628 498 777 537 statu
819 498 960 537 autem
998 497 1213 549 gratiae
1253 500 1303 539 et
1340 499 1738 553 reparationis,
1775 501 1820 543 in

267 584 350 622 quo
375 568 504 610 homo
528 567 733 608 naturalis
760 570 801 609 et
826 567 1016 620 carnalis,
1042 568 1184 611 divina
1209 570 1359 623 gratia,
1384 570 1542 613 virtute
1568 574 1609 613 et
1633 571 1821 614 efficacia

265 639 450 693 Spiritus
488 639 632 682 Sancti
669 639 722 680 ab
761 638 833 681 illo
864 641 978 681 statu
1006 639 1256 693 vindicatur,
1286 644 1328 683 et
1355 641 1508 683 habitu
1535 658 1647 685 novo
1677 643 1817 686 infuso

264 713 504 762 renovatur,
535 725 583 751 ac
611 710 845 762 spiritualis
875 710 1070 764 efficitur,
1100 712 1143 753 in
1171 712 1260 754 vita
1289 713 1501 767 spirituali
1529 717 1818 767 promovetur,

265 785 393 834 atque
430 782 473 822 in
512 796 560 822 ea
589 784 872 834 conservatur,
903 781 1084 825 liberum
1112 784 1201 836 ejus
1230 785 1455 827 arbitrium
1482 800 1628 827 revera
1652 801 1820 828 servum

265 853 480 903 liberatur,
519 854 560 894 et
595 852 776 895 liberum
813 867 910 895 vere
949 854 1151 907 redditur,
1191 854 1289 897 Joh.
1328 857 1364 908 8,
1400 857 1464 898 36.
1494 855 1578 899 Sed
1606 857 1711 900 illud
1739 872 1818 911 pro

263 924 429 965 ratione
466 923 579 965 initii
615 924 667 965 ad
703 924 876 977 bonum,
915 926 1203 979 provectionis
1242 942 1289 969 ac
1322 942 1586 981 progressus,
1616 929 1820 983 perdura-

264 994 394 1037 tionis
424 997 465 1036 et
492 997 830 1050 perseverantiae
858 997 902 1038 in
931 997 1058 1050 bono,
1089 998 1212 1041 aliter
1241 1001 1373 1052 atque
1401 1000 1524 1042 aliter
1553 1015 1596 1042 se
1623 1000 1766 1042 habet.

317 1066 514 1108 XXVIII.
552 1066 766 1121 Respectu
804 1068 1018 1120 quidem
1054 1069 1209 1112 initii
1249 1071 1310 1112 ad
1342 1071 1558 1123 bonum,
1590 1086 1664 1114 seu
1691 1071 1820 1125 primi

265 1138 546 1191 reparationis
599 1141 730 1190 actus,
771 1139 951 1181 liberum
992 1141 1196 1182 naturalis
1237 1141 1423 1184 hominis
1462 1143 1698 1195 arbitrium,
1740 1158 1819 1197 pro

264 1212 416 1252 natura
454 1225 539 1262 sua,
581 1210 721 1263 quoad
759 1211 1001 1264 spirituales
1038 1211 1274 1265 facultateS,
1313 1228 1460 1256 revera
1490 1217 1704 1269 corrupta,
1734 1215 1820 1258 imo

265 1286 306 1324 et
333 1285 513 1334 mortua,
544 1298 690 1325 verum
719 1298 743 1324 a
771 1283 864 1325 Deo
897 1284 1157 1327 emendanda
1187 1288 1228 1327 et
1258 1286 1491 1338 excitanda,
1520 1300 1607 1328 non
1632 1292 1819 1340 συνεργεῖ,

265 1357 617 1408 cooperatur,
668 1354 773 1407 Deo,
818 1355 890 1397 sed
931 1355 1062 1398 habet
1102 1371 1146 1398 se
1186 1359 1381 1410 respectu
1422 1357 1504 1399 Dei
1546 1358 1725 1411 agentis,
1768 1359 1821 1401 ad

264 1426 434 1467 modum
475 1426 780 1478 quadamtenus
819 1429 997 1468 naturae
1034 1429 1075 1469 et
1103 1428 1295 1481 subjecti,
1324 1431 1559 1478 παθητικῶς,
1592 1430 1821 1484 passive.

315 1496 471 1538 XXIX.
514 1496 615 1539 Non
650 1499 793 1539 tamen
833 1512 876 1539 se
915 1497 1046 1540 habet
1082 1499 1153 1540 hic
1188 1499 1317 1541 homo
1354 1499 1488 1542 libero
1530 1514 1604 1542 suo
1642 1501 1819 1543 arbitrio

263 1569 440 1610 instar
477 1570 681 1611 trunci:
720 1570 811 1623 agit
849 1571 960 1613 enim
997 1570 1115 1613 Deus
1152 1572 1196 1613 in
1234 1572 1425 1625 subjecto
1461 1572 1635 1614 homine
1663 1572 1821 1615 intelli-

264 1641 390 1694 gendi
431 1642 684 1694 volendique
726 1642 929 1684 facultate
971 1643 1180 1696 praedito,
1224 1646 1266 1685 et
1309 1643 1478 1696 quidem
1516 1658 1593 1697 per
1629 1643 1819 1697 verbum,

264 1710 385 1753 Rom.
423 1712 485 1763 10,
525 1712 587 1753 17.
618 1712 716 1755 Joh.
747 1714 809 1766 17,
839 1715 903 1755 20.
934 1715 955 1755 1
988 1714 1081 1756 Cor.
1111 1715 1147 1767 1,
1178 1716 1241 1757 21.
1271 1714 1424 1768 Neque
1454 1715 1582 1757 etiam
1610 1716 1671 1757 ita
1701 1715 1821 1768 quasi

265 1783 453 1836 patiatur
481 1784 572 1837 ipse
600 1786 729 1828 homo
757 1786 963 1828 naturalis
992 1786 1131 1829 Deum
1160 1802 1296 1841 agere,
1327 1788 1401 1841 qui
1423 1789 1560 1831 bonae
1584 1788 1820 1830 voluntatis

266 1858 383 1897 actus
423 1859 504 1907 est;
543 1872 673 1910 quum
711 1860 865 1899 natura
902 1857 994 1900 Deo
1035 1859 1219 1901 exterius
1255 1859 1385 1902 verbo
1416 1875 1505 1912 5110,
1537 1859 1820 1913 promissione

266 1930 306 1969 et
335 1928 677 1980 comminatione,
707 1929 883 1982 aliisque
911 1930 1191 1983 persuasoriis
1219 1930 1368 1983 utenti,
1399 1931 1568 1973 resistat
1592 1946 1641 1974 ac
1664 1931 1820 1974 refrac-

263 2000 397 2041 tarius
436 2000 503 2052 sit,
542 2000 644 2042 Mat.
684 2001 747 2052 23,
784 2001 849 2042 37.
888 2000 983 2042 Αο1.
1023 2002 1058 2052 7,
1096 2002 1159 2043 51.
1198 2001 1280 2044 Sed
1308 2005 1357 2043 ut
1384 2002 1432 2054 is,
1463 2003 1535 2055 qui
1562 2005 1680 2045 totus
1708 2003 1820 2045 mala

265 2072 468 2125 qualitate
510 2075 551 2114 et
592 2072 743 2114 habitu
786 2072 961 2114 affectus
1003 2072 1306 2126 devinctusque
1349 2076 1423 2126 est,
1462 2074 1574 2128 Eph.
1607 2075 1644 2127 2,
1682 2074 1717 2116 1.
1754 2075 1818 2116 23.

265 2143 347 2185 Τ11.
375 2145 412 2195 3,
442 2144 479 2185 3.

317 2214 451 2257 XXX.
476 2215 583 2269 Agit
606 2218 748 2258 autem
770 2216 840 2259 1110
864 2216 979 2259 Deus
1004 2216 1190 2259 divino
1215 2218 1389 2270 modo,
1416 2221 1457 2261 et
1482 2217 1651 2272 quidem
1668 2219 1817 2272 gratia,

264 2286 456 2340 potentia
493 2289 535 2327 et
565 2287 751 2329 efficacia
779 2288 857 2330 tali
885 2304 933 2330 ac
961 2291 1096 2341 tanta,
1125 2291 1174 2330 ut
1204 2303 1299 2330 cum
1329 2290 1480 2332 effectu
1510 2290 1768 2343 pravitatem
1795 2306 1820 2332 a

264 2357 481 2399 voluntate
519 2360 723 2412 amoveat,
764 2362 806 2401 et
842 2360 1142 2401 rectitudinem
1179 2361 1350 2413 inserat,
1388 2364 1436 2403 ut
1472 2362 1534 2403 ita
1568 2377 1618 2404 ex
1647 2362 1819 2405 nolente

263 2428 419 2481 volens,
458 2444 508 2471 ex
548 2429 783 2472 reluctante
820 2430 912 2473 Deo
944 2431 1143 2473 obediens
1172 2432 1395 2485 reddatur3
1426 2449 1533 2487 quae
1564 2449 1664 2477 sane
1690 2433 1819 2476 solius

264 2498 345 2541 Dei
370 2499 688 2558 Omnipotentis
714 2505 778 2544 est
800 2502 925 2554 actio,
950 2505 998 2544 ut
1024 2504 1192 2556 quaein
1208 2504 1452 2560 Scripturae
1468 2505 1641 2548 vocibus
1656 2521 1820 2548 recrea-

264 2570 405 2624 tionis,
437 2574 783 2626 regenerationis,
814 2575 1150 2618 resuscitationis
1181 2591 1202 2617 e
1230 2576 1409 2618 mortuis
1439 2579 1481 2618 et
1510 2576 1719 2619 similibus
1749 2592 1819 2620 ex—

265 2641 476 2695 primitur,
517 2643 628 2697 Eph.
667 2646 703 2697 2,
744 2647 805 2687 10.
843 2644 942 2688 Joh.
981 2648 1018 2697 3,
1056 2648 1093 2689 3.
1132 2646 1216 2690 Tit.
1245 2649 1283 2699 3,
1313 2650 1351 2691 5.
1380 2648 1491 2702 Eph.
1521 2650 1559 2700 1,
1592 2649 1653 2691 19.
1683 2650 1746 2691 20.
1777 2652 1820 2692 01

265 2712 300 2763 2,
331 2714 366 2753 5.
398 2713 484 2756 Col.
515 2716 552 2767 2,
583 2717 644 2758 12.
679 2718 740 2760 13.

318 2783 471 2825 XXXI.
514 2786 697 2830 Proinde
739 2789 791 2831 ad
833 2789 943 2832 hanc
986 2791 1169 2844 gratiam
1212 2807 1336 2835 nemo
1378 2793 1604 2846 quicquam
1642 2793 1818 2845 confert,

265 2850 350 2894 imo
387 2869 439 2896 ne
476 2857 541 2898 vel
578 2858 689 2900 bono
730 2862 944 2913 gratiae
983 2863 1341 2916 universalis,
1380 2864 1570 2916 lucisque
1600 2864 1818 2915 naturalis,

265 2924 329 2965 vel
359 2925 520 2977 gratiae
551 2930 928 2984 specialioris,
959 2932 1066 2985 legis
1097 2933 1266 2985 scilicet,
1299 2933 1426 2986 (quae
1456 2934 1619 2987 gratiae
1647 2935 1819 2976 nomine
