1931 3224
642 127 706 170 DE
735 125 869 168 CULTU
895 125 1182 168 INvocA‘rIoNIS.
1610 129 1688 170 373

127 251 363 304 missiones,
397 266 576 304 quarum
610 251 788 305 κολοφών
826 250 1068 292 continetur
1102 249 1147 291 in
1176 249 1289 292 dicto
1319 251 1535 305 Apostoli,
1564 252 1688 295 Rom.

129 322 192 374 10,
232 321 293 363 13.
334 321 593 375 Quisquis
632 322 979 364 invocaverit
1017 336 1206 363 nomen
1235 322 1473 375 Domini,
1504 324 1687 367 salvus

129 392 247 434 erit.
278 392 444 434 Docent
474 396 691 446 postremo
723 392 864 435 omnia
893 393 1087 446 exempla
1116 392 1369 436 Sanctorum
1398 394 1442 435 in
1470 394 1617 437 Veteri
1640 410 1689 437 ac

127 463 252 506 Novo
282 464 568 517 Testamento,
599 479 779 517 quorum
807 479 931 506 nemo
960 479 1147 517 unquam
1175 479 1319 519 preces
1351 480 1446 506 suas
1477 466 1529 507 ad
1559 466 1689 508 alium

128 551 254 589 quam
284 536 338 577 ad
367 551 512 578 verum
542 535 680 578 Deum
711 535 877 577 direxit.
910 535 1274 585 Quemadmodum
1304 538 1345 577 et
1373 536 1465 589 ipse
1495 535 1687 578 Christus

127 606 356 660 discipulos
385 621 483 648 suos
515 621 583 648 eas
611 621 697 648 non
727 606 809 648 alio
840 606 1023 660 dirigere
1053 607 1209 659 docuit,
1240 622 1368 659 quam
1397 608 1449 649 ad
1473 608 1688 650 Patrem

125 679 372 719 nostrum
403 677 492 730 qui
523 679 603 719 est
631 677 684 718 in
715 677 908 729 coelis,
937 677 1060 719 Matt.
1092 678 1129 729 6,
1160 678 1195 719 9.

179 748 231 791 V.
270 748 577 791 Demonstrant
614 748 657 790 id
697 749 836 803 ipsum
878 762 1047 801 quoque
1090 749 1367 801 conditiones,
1411 765 1518 802 quae
1555 751 1599 791 in
1638 766 1686 793 eo

127 820 201 874 qui
236 820 496 862 invocandus
534 823 609 872 est,
649 820 936 872 requiruntur.
966 819 1080 861 Nam
1110 822 1152 861 et
1181 820 1370 862 cordium
1408 824 1688 864 scrutatorem

126 904 215 932 esse
253 893 437 944 oportet,
476 893 522 931 ut
559 890 603 931 in
633 889 797 944 Spiritu
827 894 868 933 et
896 890 1076 932 veritate
1108 891 1333 932 adorantes
1363 892 1416 933 ab
1447 892 1686 946 hypocritis

124 961 261 1016 possit
290 962 558 1016 dignoscere3
591 962 705 1015 quod
733 962 813 1004 soli
842 961 934 1004 Deo
962 962 1007 1003 in
1035 961 1304 1004 invocatione
1335 967 1575 1018 competere
1602 967 1686 1007 tes-

123 1036 241 1075 tatur
283 1032 467 1085 Salonio,
512 1033 533 1074 1
576 1032 681 1086 Reg.
724 1033 761 1085 8,
804 1034 867 1075 39.
912 1035 953 1074 et
991 1033 1147 1074 Paulus
1184 1032 1307 1074 Rom.
1346 1033 1383 1085 8,
1425 1035 1488 1076 27.
1524 1034 1687 1077 Deinde

124 1107 296 1159 oportet
324 1120 419 1147 eum
448 1120 538 1147 esse
566 1105 695 1147 talem
725 1105 792 1146 cui
819 1104 973 1146 fiducia
1002 1106 1162 1156 nostra,
1192 1119 1279 1145 non
1307 1104 1444 1146 solum
1468 1107 1688 1158 tamquam

122 1176 322 1219 munifico
363 1191 410 1218 ac
447 1176 654 1219 benevolo
692 1176 825 1228 Patri,
865 1176 937 1218 sed
974 1176 1102 1218 etiam
1141 1178 1362 1229 tamquam
1391 1176 1687 1231 Omnipotenti

122 1264 264 1290 rerum
292 1247 478 1290 Domino
508 1248 634 1289 inniti
663 1248 822 1301 possit;
854 1263 981 1301 quam
1009 1248 1207 1290 fiduciam
1234 1248 1278 1290 in
1308 1249 1398 1290 solo
1428 1248 1519 1291 Deo
1545 1250 1687 1292 locan-

123 1319 220 1361 dam
254 1334 343 1361 esse
373 1319 495 1361 docet
524 1318 745 1372 Propheta
773 1318 859 1361 Jer.
894 1320 954 1372 14,
987 1320 1022 1361 7.
1054 1322 1095 1361 et
1124 1320 1236 1361 idem
1265 1320 1500 1374 Apostolus
1530 1322 1687 1365 Paulus

128 1390 251 1433 Rom.
291 1391 353 1443 10,
393 1391 455 1432 14.
493 1390 687 1443 Denique
726 1393 899 1445 oportet
939 1406 1034 1433 eum
1071 1391 1343 1434 necessitates
1375 1408 1616 1436 communes
1646 1398 1688 1437 et

126 1462 372 1516 singulares,
415 1464 504 1503 tam
545 1462 733 1504 internas
779 1477 906 1515 quam
949 1465 1156 1515 externas,
1202 1464 1391 1506 omnium
1430 1480 1576 1508 eorum
1615 1469 1687 1520 qui

120 1535 266 1589 ipsum
296 1549 372 1588 per
400 1537 542 1576 totum
570 1534 773 1576 mundum
801 1535 1014 1587 invocant,
1049 1549 1324 1588 cognoscere3
1353 1537 1466 1589 quod
1490 1538 1570 1579 soli
1597 1553 1686 1580 om-

121 1606 253 1648 niscio
283 1621 331 1648 ac
360 1606 693 1660 omnipraesenti
721 1606 812 1648 Deo
845 1607 1055 1658 convenit,
1087 1610 1134 1648 ut
1163 1607 1305 1649 videre
1336 1610 1399 1650 est
1429 1607 1497 1650 Ps.
1530 1609 1617 1662 139,
1648 1611 1683 1651 2.

121 1677 245 1719 Matt.
276 1677 312 1729 6,
342 1678 405 1718 32.
434 1676 569 1719 Hebr.
598 1678 637 1729 4,
669 1678 729 1719 13.
761 1680 839 1720 etc.

174 1747 248 1789 VI.
288 1748 464 1790 Duabus
501 1748 650 1802 primis
690 1749 1006 1791 conditionibus
1043 1749 1153 1791 nihil
1182 1750 1309 1804 plane
1337 1754 1482 1805 potest
1512 1753 1684 1806 opponi.

124 1819 247 1868 Quod
284 1834 384 1861 vero
423 1820 577 1861 tertiae
616 1819 833 1862 Pontificii
872 1823 1098 1874 opponunt
1127 1822 1346 1874 speculum
1377 1823 1612 1877 Trinitatis,
1642 1825 1684 1866 in

122 1905 206 1944 quo
247 1891 389 1933 omnia
427 1891 531 1933 haec
568 1890 771 1933 inferiora
808 1892 1072 1945 splendeant,
1112 1892 1307 1946 ineptum
1346 1897 1409 1936 est
1446 1895 1568 1936 etad
1596 1911 1683 1937 rem

121 1978 208 2005 non
244 1962 367 2013 facit3
404 1965 496 2004 tum
535 1963 634 2015 quia
669 1963 712 2004 id
741 1966 859 2005 extra
890 1962 1154 2017 Scripturam
1183 1965 1396 2016 asseritur,
1429 1981 1476 2007 ac
1505 1967 1684 2019 proinde

120 2037 209 2076 tam
237 2034 360 2076 facile
389 2034 579 2088 rejicitur
608 2049 734 2087 quam
765 2034 1023 2086 affirmatur;
1048 2037 1141 2077 tum
1166 2036 1266 2088 quia
1291 2037 1493 2079 scientiae
1519 2038 1685 2080 divinae

122 2106 288 2159 objecta
325 2105 463 2147 beatis
502 2105 868 2148 communicantur
905 2122 982 2160 per
1012 2108 1154 2148 actum
1183 2108 1471 2150 voluntarium
1502 2111 1543 2151 et
1572 2110 1685 2151 arbi-

121 2178 311 2230 trarium,
351 2193 437 2220 non
466 2192 543 2231 per
571 2178 808 2220 naturalem
841 2181 916 2220 aut
943 2180 1240 2221 necessarium.
1269 2179 1383 2221 Nam
1414 2183 1455 2222 et
1484 2180 1684 2235 Angeli

123 2250 213 2303 qui
254 2264 464 2303 semper
502 2249 690 2291 vident
728 2250 926 2292 faciem
955 2250 1161 2303 Patris,
1192 2251 1315 2293 Matt.
1347 2253 1409 2304 18,
1441 2253 1504 2294 20.
1533 2254 1683 2307 igno-

121 2324 246 2363 rant
282 2323 427 2362 tamen
466 2321 605 2362 diem
639 2321 860 2374 judicii,
901 2321 1030 2364 Marc.
1073 2323 1133 2376 13,
1175 2324 1239 2365 32.
1279 2325 1320 2365 et
1348 2324 1597 2378 imperiis
1628 2340 1684 2366 ac

121 2392 506 2447 potestatibus
536 2393 750 2445 quaein
780 2394 951 2435 coelis
981 2396 1126 2452 sunt,
1160 2395 1440 2443 πολυποίκιλος
1466 2396 1563 2437 illa
1587 2396 1683 2438 Dei

122 2464 403 2518 sapientia
446 2478 540 2517 per
581 2463 887 2507 Ecclesiam
928 2466 1259 2519 innotescit,
1301 2466 1413 2520 Eph.
1456 2468 1493 2519 3,
1539 2468 1600 2508 10.
1641 2470 1682 2508 et

121 2551 271 2579 nemo
310 2551 481 2590 neque
519 2536 572 2578 in
602 2535 780 2588 00010,
810 2551 983 2589 neque
1012 2537 1065 2579 in
1093 2540 1262 2589 terra,
1292 2552 1464 2590 neque
1493 2538 1682 2580 subter

121 2610 324 2650 terram
358 2607 547 2662 potuit
575 2607 793 2661 aperire
822 2608 1021 2650 librum
1051 2609 1237 2659 (divinae
1266 2607 1426 2650 scilicet
1454 2609 1682 2662 providen-

121 2679 206 2721 tiae
244 2680 355 2722 circa
391 2679 644 2732 Ecclesiam)
682 2694 852 2733 neque
892 2695 1003 2722 eum
1033 2680 1334 2734 inspicere,
1363 2681 1472 2723 nisi
1501 2681 1682 2726 victor

121 2751 220 2793 ille
247 2750 349 2794 Leo
379 2751 438 2793 de
467 2750 618 2793 tribu
646 2750 820 2793 Judae
851 2754 901 2793 et
930 2751 1105 2805 stirps
1135 2752 1383 2805 Davidis,
1414 2752 1549 2807 Apoc.
1579 2753 1614 2804 5,
1642 2755 1680 2796 2.

174 2821 268 2865 VII.
308 2822 429 2872 Quod
457 2838 556 2865 vero
587 2822 659 2865 alii
688 2823 917 2877 excipiunt,
947 2823 1052 2865 haec
1082 2823 1134 2865 iis
1164 2823 1340 2865 revelari
1370 2839 1447 2878 per
1475 2825 1679 2879 Angelos,

121 2896 195 2936 aut
229 2894 373 2937 fideles
410 2894 510 2937 hinc
547 2895 591 2936 in
621 2895 786 2937 coelum
817 2894 1075 2947 decedentes,
1105 2909 1200 2936 cum
1228 2895 1420 2948 ipsorum
1448 2895 1679 2950 hypothesi

120 2980 207 3007 non
250 2966 457 3008 convenit.
502 2966 610 3016 Quia
650 2966 795 3009 fideles
839 2967 937 3008 hinc
979 2966 1239 3009 discedentes
1281 2966 1371 3020 igni
1412 2967 1677 3021 purgatorio,
