1931 3224
477 124 540 165 DE
570 124 610 167 S.
640 125 794 167 SCRIPT.
825 123 966 165 Pmsp.
995 139 1042 165 ΕΤ
1072 123 1254 166 INTERPR.
1588 125 1639 165 47

82 248 227 289 multis
263 247 380 299 locis,
420 249 462 288 et
500 249 594 301 ipsa
631 262 798 301 quoque
829 249 1092 302 experientia
1117 250 1320 298 testatur;
1349 261 1467 288 nam
1494 246 1644 288 labia

84 318 399 362 Sacerdotis
440 319 758 362 custodient
798 320 1106 372 scientiam,
1139 321 1189 361 et
1217 319 1302 361 lex
1329 322 1556 372 petetur
1585 334 1644 360 ex

85 405 172 432 ore
210 392 347 444 ejus,
389 391 513 443 quia
552 394 632 433 est
671 391 898 444 angelus
937 390 1177 433 Jehovae
1208 391 1566 441 exercituum,
1597 391 1644 430 ut

83 461 198 503 Deus
226 462 318 515 ipse
347 461 572 504 Malach.
602 464 638 504 2.
665 463 799 515 docet,
825 465 866 504 et
896 462 995 504 Tit.
1022 463 1057 514 1,
1079 463 1116 504 9.
1142 462 1328 516 exigitur
1353 477 1377 503 a
1400 461 1643 515 pastoribus

84 533 280 575 omnibus
317 536 374 574 ut
411 534 523 575 sint
559 536 781 576 tenaces
820 534 1009 575 fidelis
1048 533 1204 575 illius
1234 534 1524 585 sermonis,
1556 533 1645 585 qui

84 605 144 646 ad
182 605 488 647 doctrinam
517 605 678 657 facit,
710 607 763 646 ut
792 606 1013 658 possint
1041 608 1092 647 et
1122 605 1409 647 exhortari
1439 604 1645 647 doctri-

83 692 146 718 na
176 692 287 728 sua,
319 679 368 718 et
398 677 848 718 contradicentes
879 678 1216 719 convincere.

135 747 333 790 XXXVI.
375 748 615 801 Utrumque
652 751 795 790 tamen
831 748 914 790 hoc
951 749 1119 800 donum,
1159 752 1200 790 61
1236 747 1545 802 interpretandi
1581 746 1645 788 fa-

84 820 228 872 cultas,
282 820 427 862 subest
476 819 559 861 Dei
606 820 751 872 verbo,
804 822 846 860 et
897 819 1078 873 Spiritui
1125 820 1165 862 S.
1216 820 1261 861 in
1312 819 1532 873 Scriptura
1582 818 1645 859 lo-

84 892 252 945 quenti;
296 906 395 933 nam
437 892 511 944 qui
551 891 724 944 publico
766 892 1077 944 interpretandi
1119 894 1161 932 et
1203 891 1490 945 prophetandi
1534 891 1644 932 dono

84 963 224 1004 ornati
266 965 375 1015 sunt,
417 962 622 1015 judicium
665 977 787 1004 31111111
829 977 880 1004 ex
923 962 1051 1004 Sacra
1089 962 1309 1016 Scriptura
1339 963 1574 1013 efformant,
1606 964 1647 1003 et

83 1035 177 1077 aliis
215 1034 410 1076 fidelibus
448 1033 722 1076 fundamenta
757 1049 807 1075 ex
837 1033 876 1076 S.
908 1033 1129 1088 Scriptura
1159 1034 1400 1086 ostendunt,
1430 1049 1479 1076 ac
1506 1033 1647 1087 profe-

83 1108 193 1158 runt,
239 1121 346 1159 quae
388 1122 413 1148 a
455 1107 634 1160 singulis
671 1106 865 1148 fidelibus
903 1122 982 1160 pro
1022 1107 1148 1148 certis
1178 1108 1220 1149 et
1248 1107 1357 1148 veris
1386 1120 1462 1159 per
1491 1105 1648 1146 donum

82 1177 188 1219 1111111
220 1178 448 1231 διακρίσεως
481 1181 523 1219 61
554 1178 798 1229 δοκιμασίαις
830 1178 978 1220 deinde
1004 1180 1314 1231 agnoscuntur;
1340 1178 1407 1219 vel
1431 1177 1467 1218 si
1491 1176 1647 1218 afalsis

83 1249 344 1292 Doctoribus
384 1266 471 1293 non
513 1251 617 1292 satis
659 1250 840 1292 fideliter
877 1264 927 1291 ex
966 1248 1006 1291 S.
1046 1249 1269 1302 Scriptura
1299 1249 1522 1302 depromta
1550 1248 1646 1298 sint,

84 1325 157 1364 aut
193 1323 238 1364 in
276 1323 460 1365 alienum
499 1337 668 1364 sensum
706 1321 885 1373 detorta,
925 1321 1176 1374 rejiciuntur
1206 1323 1248 1362 et
1276 1320 1570 1374 reprobantur,
1600 1321 1649 1359 111

86 1393 215 1436 Τ11631
243 1394 294 1436 29
324 1409 348 1436 3
375 1394 499 1436 1101013
531 1396 594 1436 631
622 1393 864 1447 probatum.

139 1464 356 1508 XXXVII.
392 1465 485 1507 Nec
522 1468 666 1507 tamen
702 1465 797 1506 ideo
839 1465 1042 1518 cujusque
1073 1465 1288 1517 privatum
1317 1463 1516 1516 spiritum
1543 1461 1647 1504 faci-

86 1552 192 1590 mus,
232 1537 498 1591 singulorum
534 1537 645 1588 fidei,
675 1537 811 1578 multo
843 1537 982 1578 minus
1012 1537 1145 1577 totius
1176 1535 1404 1586 Ecclesiae,
1435 1549 1646 1575 summum

83 1609 281 1663 judicem,
323 1609 396 1651 sed
432 1609 570 1651 solum
606 1608 689 1650 Dei
726 1608 905 1650 verbum
936 1610 978 1649 et
1007 1607 1216 1661 Spiritum
1246 1606 1460 1657 Sanctum,
1491 1605 1564 1658 qui
1598 1620 1649 1646 ex

85 1680 217 1723 Sacra
257 1681 479 1736 Scriptura
515 1681 691 1723 eandem
720 1681 858 1732 fidem,
889 1680 1040 1722 saltem
1069 1680 1113 1721 in
1143 1679 1356 1732 dogmatis
1386 1677 1647 1729 necessariis,

86 1753 171 1794 toti
209 1767 333 1794 verae
372 1752 601 1805 Ecclesiae,
633 1755 674 1794 et
704 1752 883 1806 singulis
913 1752 1024 1793 veris
1055 1751 1145 1803 ejus
1174 1749 1390 1801 membris,
1421 1764 1471 1790 ex
1499 1748 1650 1789 iisdem

87 1823 377 1866 fundamentis
410 1824 623 1877 obsignat.

140 1895 380 1938 XXXVIII.
415 1895 506 1945 Quo
536 1898 664 1949 pacto
698 1910 798 1937 vero
830 1895 1157 1945 controversiae,
1190 1908 1297 1946 quae
1329 1892 1379 1933 de
1409 1892 1514 1945 ipsis
1545 1891 1649 1944 dog-

87 1967 214 2009 matis
241 1967 340 2009 fidei
368 1981 689 2020 nonnumquam
718 1967 762 2008 in
791 1966 983 2008 Ecclesia
1012 1964 1171 2007 Christi
1196 1964 1402 2015 oriuntur,
1430 1977 1480 2004 ex
1504 1962 1650 2003 eadem

88 2037 322 2091 Scriptura,
362 2053 439 2092 per
485 2038 664 2080 eundem
703 2037 888 2090 Spiritus
923 2037 964 2079 S.
994 2037 1167 2078 ductum
1196 2034 1513 2088 componendae
1551 2034 1648 2084 sint,

88 2125 175 2151 non
205 2112 269 2151 est
297 2109 423 2162 hujus
452 2109 536 2151 loci
565 2109 741 2162 proprie
772 2110 969 2160 tractare,
1002 2107 1075 2149 sed
1104 2121 1181 2160 per
1209 2106 1291 2147 Dei
1321 2105 1505 2159 gratiam
1535 2106 1646 2145 trac-

87 2181 262 2233 tabitur,
289 2196 383 2222 cum
409 2181 461 2222 ad
484 2181 626 2222 locum
650 2181 700 2222 de
726 2179 923 2222 Consiliis
950 2181 992 2220 et
1016 2178 1277 2233 Magistratu
1302 2178 1383 2218 erit
1412 2176 1649 2218 deventum.

142 2251 297 2293 XXIX.
336 2251 433 2294 Hoc
470 2253 640 2293 tantum
677 2251 748 2293 hic
787 2250 1069 2293 conclusionis
1106 2249 1201 2291 loco
1240 2262 1481 2290 monemus:
1512 2246 1651 2287 Deum

90 2338 167 2378 per
205 2323 415 2377 Spiritum
453 2326 495 2365 et
533 2323 710 2365 verbum
747 2338 880 2375 suum,
910 2323 972 2364 ita
1000 2323 1209 2375 perpetuo
1240 2321 1385 2362 adesse
1414 2332 1538 2360 verae
1568 2317 1650 2358 Ec-

91 2396 242 2438 clesiae
279 2409 391 2447 suae,
432 2409 539 2448 quae
578 2397 643 2436 est
683 2394 832 2436 domus
872 2395 974 2446 ejus,
1006 2395 1054 2434 ut
1082 2407 1160 2434 nec
1190 2393 1297 2445 ipsa,
1328 2406 1407 2432 nec
1436 2390 1532 2432 viva
1561 2390 1649 2441 ejus

89 2468 281 2509 membra
318 2468 362 2508 in
399 2466 686 2508 fundamentis
724 2466 874 2508 saltem
913 2465 1012 2506 fidei
1041 2467 1083 2506 et
1111 2479 1277 2506 morum
1306 2462 1567 2511 necessariis,
1599 2459 1650 2500 ad

91 2537 324 2592 perniciem
360 2553 480 2580 suam
518 2540 679 2588 errent3
719 2537 823 2579 alias
863 2537 975 2578 enim
1013 2536 1206 2578 Ecclesia
1243 2549 1342 2576 vera
1371 2533 1529 2574 Christi
1560 2546 1649 2573 esse

92 2611 314 2663 desineret,
354 2612 503 2652 contra
542 2609 871 2662 promissionem
901 2608 1058 2650 Christi
1087 2606 1241 2648 Matth.
1268 2607 1329 2656 16,
1356 2606 1418 2646 18.
1448 2604 1649 2646 Ρο1·136

90 2681 393 2724 inferorum
423 2681 684 2722 adversus
715 2695 824 2721 eam
847 2694 951 2721 non
975 2677 1390 2732 praevalebunt.
1414 2675 1471 2716 Et
1494 2674 1650 2716 Johan.

92 2753 154 2805 10,
185 2753 221 2794 5.
254 2751 388 2795 Oves
419 2751 628 2794 Christi
657 2751 892 2793 alienum
920 2763 1257 2803 nequaquam
1287 2748 1601 2799 sequentur.
