1931 3224
267 126 346 168 470
850 126 1094 168 DlsPUTATIO
1123 126 1250 169 XLII.

269 252 342 292 aut
382 251 428 291 in
470 251 583 302 ovili,
627 250 719 303 lupi
764 250 1025 302 Pastoribus,
1072 253 1145 292 aut
1187 251 1233 291 in
1275 265 1454 305 corpore
1493 253 1623 306 aegri,
1664 252 1837 295 sanitati

268 322 453 374 morbus,
486 324 527 363 et
556 321 668 363 vitae
699 336 813 363 mors
846 321 1044 363 succedit.

324 392 410 434 LII.
440 392 489 433 In
517 392 671 434 horum
699 393 1057 435 mercenariorum
1086 393 1291 447 principe,
1323 393 1397 446 qui
1425 409 1469 436 se
1501 394 1698 445 Apostoli
1718 396 1837 438 Petri

269 478 553 505 successorem
581 464 787 516 nominat,
817 464 980 506 nullum
1003 464 1281 507 successionis
1305 464 1350 506 in
1375 465 1682 519 Apostolatum
1704 467 1837 522 ipsius

269 536 496 589 vestigium
526 538 716 590 apparet.

322 606 429 648 LIII.
459 606 578 648 Petri
607 607 718 648 enim
748 607 915 649 vocatio
944 607 1026 649 fuit
1058 608 1396 650 extraordinaria
1427 609 1543 651 omni
1573 624 1718 652 carens
1744 625 1838 653 suc-

270 678 466 720 cessione.
507 677 620 719 Nam
658 677 761 719 nulli
792 677 1062 720 Provinciam
1093 693 1141 720 ac
1170 693 1314 721 curam
1344 680 1521 722 docendi
1552 695 1698 723 omnes
1728 680 1838 723 Gren-

268 752 343 799 103,
384 751 481 790 ante
512 748 677 789 obitum
706 763 831 789 suum
860 748 1084 803 delegavit.
1116 749 1176 790 At
1205 749 1390 793 Romani
1418 750 1641 794 Pontificis
1669 753 1837 795 vocatio

269 821 331 860 est
370 819 595 871 ordinaria,
635 819 906 872 ejusdemque
943 820 1219 881 Monarchiae
1260 821 1538 876 continuatio,
1581 838 1664 876 qua
1702 839 1838 866 novus

268 891 388 944 Papa
415 891 459 932 in
489 892 646 944 prioris
678 891 889 933 demortui
921 891 1177 933 Cathedram
1207 891 1528 936 Monarchicam
1556 895 1755 937 succedit.

320 962 428 1005 LIV.
468 963 634 1014 Petrus,
670 966 718 1004 ut
757 977 903 1005 omnes
943 961 1099 1004 Gentes
1139 963 1367 1005 secundum
1405 963 1563 1007 Christi
1591 966 1841 1008 mandatum

270 1037 453 1086 doceret,
496 1035 635 1076 varias
679 1034 876 1088 regiones
919 1049 1170 1088 peragrasse
1212 1034 1383 1088 legitur,
1422 1034 1519 1078 Act.
1559 1036 1620 1078 10.
1651 1038 1693 1078 et
1722 1051 1838 1090 seqq.

271 1107 473 1149 Pontifex
511 1109 654 1148 autem
689 1106 908 1148 Romanus
947 1105 1027 1148 soli
1065 1105 1300 1148 Cathedrae
1340 1109 1470 1160 atque
1497 1107 1592 1149 urbi
1621 1107 1840 1151 Romanae

271 1179 486 1232 alligatus,
512 1193 732 1231 nunquam
758 1193 808 1220 ex
833 1193 881 1220 ea
908 1178 961 1219 ad
987 1180 1152 1219 exteras
1172 1178 1367 1220 nationes
1385 1179 1594 1221 docendas
1610 1180 1839 1234 egreditur.

324 1250 410 1292 LV.
441 1250 595 1292 Petrus
626 1250 679 1291 ab
707 1251 802 1304 ipso
835 1249 1003 1291 Christo
1033 1250 1350 1303 Episcoporum
1373 1249 1574 1303 Principe
1598 1249 1840 1292 immediate

271 1321 324 1363 ad
362 1336 514 1363 munus
546 1336 667 1363 suum
695 1321 777 1362 fuit
806 1323 1004 1363 vocatus:
1035 1320 1253 1363 Romanus
1283 1335 1383 1363 vero
1411 1320 1614 1363 Pontifex
1643 1336 1667 1363 a
1696 1320 1841 1363 Cardi-

271 1393 440 1434 nalibus
471 1392 551 1434 sibi
581 1392 868 1434 subordinatis
900 1392 952 1433 ad
981 1407 1103 1433 suum
1133 1392 1437 1435 Pontificatum
1465 1395 1752 1446 promovetur.

326 1464 434 1506 LVI.
478 1464 631 1505 Petrus
674 1463 770 1504 viva
813 1478 924 1505 voce·
959 1462 1244 1518 Evangelium
1288 1464 1522 1507 Salvatoris
1564 1465 1701 1506 nostri
1738 1465 1842 1508 Jesu

273 1535 429 1577 Christi
467 1535 560 1576 aliis
591 1534 876 1576 annunciavit.
906 1535 988 1577 Hic
1018 1536 1154 1577 instar
1184 1538 1350 1577 statuae
1380 1535 1562 1589 elinguis
1591 1538 1720 1590 atque
1747 1537 1841 1579 inu-

271 1608 358 1649 tilis
389 1607 442 1649 ad
471 1607 718 1658 docendum,
743 1609 791 1648 ut
822 1607 951 1661 κωφὸν
983 1607 1197 1660 πρόσωπον,
1234 1607 1376 1650 sedem
1405 1622 1524 1650 suam
1547 1607 1842 1651 Pontificalem

274 1680 465 1732 occupat.

324 1750 456 1792 LVII.
497 1750 863 1799 Quemadmodum
901 1749 1053 1791 Petrus
1092 1765 1245 1791 munus
1283 1765 1405 1791 suum
1433 1749 1733 1804 Apostolicum
1762 1751 1843 1793 sibi

273 1823 443 1875 suisque
481 1822 758 1876 coapostolis,
788 1822 847 1863 sic
874 1836 1027 1863 munus
1057 1837 1180 1863 suum
1211 1821 1471 1875 Episcopale
1491 1821 1647 1864 ‘eadem
1675 1823 1843 1865 ratione

272 1910 354 1947 qua
380 1894 536 1935 Paulus
560 1893 656 1936 Act.
682 1894 746 1945 20,
771 1894 835 1945 28,
860 1893 941 1935 sibi
965 1894 1201 1946 ceterisque
1223 1893 1438 1935 Ecclesiae
1461 1893 1843 1946 Pastoribusssom-

272 1966 457 2008 muniter
484 1965 694 2016 attribuit,
722 1965 821 2007 dum
845 1980 916 2008 eos
944 1980 1043 2008 suos
1067 1965 1440 2018 συμπρεσβυτέρους
1473 1965 1677 2019 appellat,
1703 1966 1724 2007 1
1750 1965 1842 2008 Pet.

272 2041 309 2090 5,
349 2040 383 2080 1.
414 2037 495 2080 Sed
524 2037 725 2079 Pontifex
754 2037 974 2079 Romanus
1003 2052 1215 2079 summum
1245 2037 1557 2090 Episcopatum
1586 2037 1667 2078 sibi
1697 2037 1843 2091 singu-

271 2110 418 2151 lariter
447 2110 686 2162 vendicans,
717 2124 760 2150 se
787 2109 1101 2163 Episcoporum
1133 2123 1181 2150 ac
1211 2108 1438 2150 Pastorum
1468 2109 1513 2150 in
1543 2108 1734 2150 Ecclesia
1768 2108 1842 2150 do-

277 2181 462 2222 centium
493 2181 639 2222 ordine
666 2195 840 2234 prorsus
872 2180 1070 2222 excludit.

327 2251 477 2293 LVIII.
519 2251 564 2294 Si
603 2252 698 2305 quis
737 2252 946 2305 reliquam
971 2250 1334 2303 Patriarcharum,
1363 2250 1666 2302 Cardinalium,
1690 2250 1846 2293 Archi-

274 2324 574 2377 episcoporum
612 2326 653 2365 et
693 2323 1003 2365 Canonicorum
1034 2323 1362 2365 Pontificiorum
1392 2322 1677 2365 hierarchiam
1710 2321 1846 2364 eonsi-

275 2395 404 2446 deret,
441 2410 527 2436 non
564 2395 772 2437 minorem
810 2394 1093 2436 differentiam
1132 2394 1243 2437 inter
1283 2409 1353 2437 eos
1385 2397 1427 2436 et
1456 2394 1682 2448 Evangelii
1712 2393 1846 2436 admi-

274 2466 431 2508 nistros
475 2482 500 2508 a
544 2466 677 2508 Paulo
722 2467 833 2521 Eph.
862 2467 911 2508 4.
958 2469 1240 2518 enumeratos,
1280 2481 1408 2519 quam
1444 2466 1555 2508 inter
1592 2465 1847 2508 Pontificem
1906 2482 1909 2486 ·

275 2538 517 2581 Romanum
547 2541 589 2581 et
613 2537 800 2589 Petrum,
818 2537 1137 2580 animadvertet.
1152 2536 1266 2579 Nam
1281 2537 1406 2579 sicuti
1421 2537 1483 2578 illi
1498 2552 1551 2579 ne
1565 2537 1736 2579 nomine
1753 2536 1846 2590 qui-

274 2611 368 2653 dem
407 2614 530 2653 tenus
569 2611 612 2652 in
643 2609 764 2652 Pauli
795 2610 992 2663 catalogo
1022 2610 1302 2664 reperiuntur,
1333 2609 1393 2651 sic
1420 2624 1558 2662 neque
1589 2609 1847 2662 dignitatum

276 2685 405 2736 atque
445 2682 713 2728 auctoritatis
750 2682 1048 2735 inaequalitas,
1090 2697 1173 2735 qua
1202 2682 1469 2735 superiorum
1498 2681 1748 2723 clericorum
1779 2695 1847 2722 or-

277 2754 439 2796 dinatio
482 2754 535 2795 ab
576 2754 828 2796 inferiorum
866 2753 1133 2795 ordinatione
1177 2753 1466 2806 distinguitur,
1506 2752 1594 2795 ullo
1624 2755 1698 2795 aut
1724 2752 1844 2806 Apo-

278 2826 498 2878 stolorum,
530 2828 603 2868 aut
631 2826 892 2879 reliquorum
921 2824 1148 2878 Evangelii
1176 2839 1436 2878 praeconum
1462 2824 1655 2877 exemplo
1680 2823 1844 2877 nititur,

274 2899 322 2938 ut
353 2912 482 2951 supra
511 2897 636 2939 Thes.
668 2898 732 2939 29.
764 2899 805 2939 et
834 2911 919 2950 seq.
952 2896 1346 2939 demonstravimus.
1376 2896 1444 2939 Ex
1471 2895 1624 2949 quibus
1651 2895 1847 2937 omnibus

286 2969 554 3010 vocationem
578 2969 807 3011 Pastorum
832 2968 1048 3010 Ecclesiae
1073 2967 1232 3010 Christi
1254 2968 1510 3010 reformatae
1526 2967 1849 3010 inservientium
