<?xml version="1.0" encoding="UTF-8"?>
<!DOCTYPE html PUBLIC "-//W3C//DTD XHTML 1.0 Transitional//EN"
    "http://www.w3.org/TR/xhtml1/DTD/xhtml1-transitional.dtd">
<html xmlns="http://www.w3.org/1999/xhtml" xml:lang="en" lang="en">
 <head>
  <title>
</title>
<meta http-equiv="Content-Type" content="text/html;charset=utf-8" />
  <meta name='ocr-system' content='tesseract 3.04.00' />
  <meta name='ocr-capabilities' content='ocr_page ocr_carea ocr_par ocr_line ocrx_word'/>
</head>
<body>
  <div class='ocr_page' id='page_1' title='image "./synopsispurioris00poly_0476.png"; bbox 0 0 1931 3224; ppageno 0'>
   <div class='ocr_carea' id='block_1_1' title="bbox 269 120 1241 165">
    <p class='ocr_par' dir='ltr' id='par_1_1' title="bbox 269 120 1241 165">
     <span class='ocr_line' id='line_1_1' title="bbox 269 120 1241 165; baseline 0 -1"><span class='ocrx_word' id='word_1_1' title='bbox 269 124 348 165; x_wconf 81' lang='lat'>456</span> <span class='ocrx_word' id='word_1_2' title='bbox 864 120 1106 163; x_wconf 83' lang='lat' dir='ltr'>DISPUTATIO</span> <span class='ocrx_word' id='word_1_3' title='bbox 1133 121 1241 164; x_wconf 83' lang='lat' dir='ltr'>XLI.</span> 
     </span>
    </p>
   </div>
   <div class='ocr_carea' id='block_1_2' title="bbox 268 244 1878 3011">
    <p class='ocr_par' dir='ltr' id='par_1_2' title="bbox 270 244 1835 655">
     <span class='ocr_line' id='line_1_2' title="bbox 324 244 1834 298; baseline -0.001 -9"><span class='ocrx_word' id='word_1_4' title='bbox 324 246 521 289; x_wconf 86' lang='lat' dir='ltr'>XXXVI.</span> <span class='ocrx_word' id='word_1_5' title='bbox 560 246 987 287; x_wconf 85' lang='lat' dir='ltr'>Fundamentum</span> <span class='ocrx_word' id='word_1_6' title='bbox 1024 259 1154 298; x_wconf 88' lang='lat' dir='ltr'>porro</span> <span class='ocrx_word' id='word_1_7' title='bbox 1193 244 1474 288; x_wconf 78' lang='lat' dir='ltr'>Ecclesiae</span> <span class='ocrx_word' id='word_1_8' title='bbox 1512 245 1834 289; x_wconf 69' lang='lat' dir='ltr'>Catholicae</span> 
     </span>
     <span class='ocr_line' id='line_1_3' title="bbox 270 315 1835 371; baseline -0.002 -10"><span class='ocrx_word' id='word_1_9' title='bbox 270 321 369 362; x_wconf 87' lang='lat' dir='ltr'>dum</span> <span class='ocrx_word' id='word_1_10' title='bbox 409 333 498 360; x_wconf 87' lang='lat' dir='ltr'>sese</span> <span class='ocrx_word' id='word_1_11' title='bbox 531 318 716 371; x_wconf 87' lang='lat' dir='ltr'>jactitat,</span> <span class='ocrx_word' id='word_1_12' title='bbox 749 315 940 369; x_wconf 86' lang='lat' dir='ltr'>quamvis</span> <span class='ocrx_word' id='word_1_13' title='bbox 968 315 1293 358; x_wconf 84' lang='lat' dir='ltr'>fundamentum</span> <span class='ocrx_word' id='word_1_14' title='bbox 1320 317 1365 358; x_wconf 88' lang='lat' dir='ltr'>in</span> <span class='ocrx_word' id='word_1_15' title='bbox 1393 317 1670 359; x_wconf 88' lang='lat' dir='ltr'>fundamento</span> <span class='ocrx_word' id='word_1_16' title='bbox 1701 319 1742 358; x_wconf 92' lang='lat' dir='ltr'>et</span> <span class='ocrx_word' id='word_1_17' title='bbox 1770 331 1835 358; x_wconf 92' lang='lat' dir='ltr'>se-</span> 
     </span>
     <span class='ocr_line' id='line_1_4' title="bbox 271 387 1833 442; baseline -0.001 -10"><span class='ocrx_word' id='word_1_18' title='bbox 271 391 517 432; x_wconf 84' lang='lat' dir='ltr'>cundarium</span> <span class='ocrx_word' id='word_1_19' title='bbox 558 388 879 430; x_wconf 89' lang='lat' dir='ltr'>fundamentum</span> <span class='ocrx_word' id='word_1_20' title='bbox 923 387 1047 439; x_wconf 86' lang='lat' dir='ltr'>dicat,</span> <span class='ocrx_word' id='word_1_21' title='bbox 1092 388 1194 440; x_wconf 84' lang='lat' dir='ltr'>quid</span> <span class='ocrx_word' id='word_1_22' title='bbox 1237 388 1351 430; x_wconf 85' lang='lat' dir='ltr'>aliud</span> <span class='ocrx_word' id='word_1_23' title='bbox 1389 404 1518 442; x_wconf 88' lang='lat' dir='ltr'>quam</span> <span class='ocrx_word' id='word_1_24' title='bbox 1556 403 1692 442; x_wconf 82' lang='lat' dir='ltr'>nugas</span> <span class='ocrx_word' id='word_1_25' title='bbox 1731 389 1833 442; x_wconf 86' lang='lat' dir='ltr'>agit,</span> 
     </span>
     <span class='ocr_line' id='line_1_5' title="bbox 271 458 1834 513; baseline -0.001 -10"><span class='ocrx_word' id='word_1_26' title='bbox 271 460 600 503; x_wconf 87' lang='lat' dir='ltr'>contradictoria</span> <span class='ocrx_word' id='word_1_27' title='bbox 626 460 671 500; x_wconf 90' lang='grc'>111</span> <span class='ocrx_word' id='word_1_28' title='bbox 700 460 865 511; x_wconf 84' lang='lat' dir='ltr'>adjecto</span> <span class='ocrx_word' id='word_1_29' title='bbox 895 461 1079 500; x_wconf 86' lang='lat' dir='ltr'>nectens.</span> <span class='ocrx_word' id='word_1_30' title='bbox 1110 458 1210 500; x_wconf 90' lang='lat' dir='ltr'>Non</span> <span class='ocrx_word' id='word_1_31' title='bbox 1241 459 1353 500; x_wconf 89' lang='lat' dir='ltr'>enim</span> <span class='ocrx_word' id='word_1_32' title='bbox 1381 459 1556 513; x_wconf 81' lang='lat' dir='ltr'>proprie</span> <span class='ocrx_word' id='word_1_33' title='bbox 1586 459 1834 501; x_wconf 87' lang='lat' dir='ltr'>fundamen-</span> 
     </span>
     <span class='ocr_line' id='line_1_6' title="bbox 270 530 1835 584; baseline -0.001 -11"><span class='ocrx_word' id='word_1_34' title='bbox 270 535 361 574; x_wconf 87' lang='lat' dir='ltr'>tum</span> <span class='ocrx_word' id='word_1_35' title='bbox 401 532 629 584; x_wconf 84' lang='lat' dir='ltr'>quicquam</span> <span class='ocrx_word' id='word_1_36' title='bbox 668 533 743 582; x_wconf 89' lang='lat' dir='ltr'>est,</span> <span class='ocrx_word' id='word_1_37' title='bbox 784 545 913 583; x_wconf 88' lang='lat' dir='ltr'>quam</span> <span class='ocrx_word' id='word_1_38' title='bbox 950 545 1094 581; x_wconf 87' lang='lat' dir='ltr'>unum,</span> <span class='ocrx_word' id='word_1_39' title='bbox 1124 532 1166 572; x_wconf 88' lang='lat' dir='ltr'>et</span> <span class='ocrx_word' id='word_1_40' title='bbox 1195 530 1261 572; x_wconf 92' lang='lat' dir='ltr'>cui</span> <span class='ocrx_word' id='word_1_41' title='bbox 1290 530 1455 583; x_wconf 86' lang='lat' dir='ltr'>reliqua</span> <span class='ocrx_word' id='word_1_42' title='bbox 1483 531 1615 573; x_wconf 91' lang='lat' dir='ltr'>moles</span> <span class='ocrx_word' id='word_1_43' title='bbox 1645 531 1835 572; x_wconf 88' lang='lat' dir='ltr'>inaedifi-</span> 
     </span>
     <span class='ocr_line' id='line_1_7' title="bbox 270 601 1346 655; baseline -0.001 -10"><span class='ocrx_word' id='word_1_44' title='bbox 270 606 400 654; x_wconf 87' lang='lat' dir='ltr'>catur,</span> <span class='ocrx_word' id='word_1_45' title='bbox 433 603 546 655; x_wconf 86' lang='lat' dir='ltr'>quod</span> <span class='ocrx_word' id='word_1_46' title='bbox 570 602 684 644; x_wconf 90' lang='lat' dir='ltr'>solus</span> <span class='ocrx_word' id='word_1_47' title='bbox 711 601 905 643; x_wconf 84' lang='lat' dir='ltr'>Christus</span> <span class='ocrx_word' id='word_1_48' title='bbox 935 603 1010 653; x_wconf 91' lang='lat' dir='ltr'>est,</span> <span class='ocrx_word' id='word_1_49' title='bbox 1042 602 1063 643; x_wconf 93' lang='lat'>1</span> <span class='ocrx_word' id='word_1_50' title='bbox 1094 601 1187 644; x_wconf 81' lang='lat' dir='ltr'>Cor.</span> <span class='ocrx_word' id='word_1_51' title='bbox 1215 602 1252 654; x_wconf 83' lang='lat'>3,</span> <span class='ocrx_word' id='word_1_52' title='bbox 1284 602 1346 644; x_wconf 92' lang='lat'>11.</span> 
     </span>
    </p>

    <p class='ocr_par' dir='ltr' id='par_1_3' title="bbox 269 672 1837 1865">
     <span class='ocr_line' id='line_1_8' title="bbox 322 672 1835 722; baseline 0 -7"><span class='ocrx_word' id='word_1_53' title='bbox 322 672 542 715; x_wconf 84' lang='lat' dir='ltr'>XXXVII.</span> <span class='ocrx_word' id='word_1_54' title='bbox 583 672 705 722; x_wconf 78' lang='lat' dir='ltr'>Quod</span> <span class='ocrx_word' id='word_1_55' title='bbox 741 687 841 714; x_wconf 85' lang='lat' dir='ltr'>vero</span> <span class='ocrx_word' id='word_1_56' title='bbox 877 672 1099 714; x_wconf 83' lang='lat' dir='ltr'>duodecim</span> <span class='ocrx_word' id='word_1_57' title='bbox 1136 672 1412 715; x_wconf 87' lang='lat' dir='ltr'>fundamenta</span> <span class='ocrx_word' id='word_1_58' title='bbox 1442 673 1635 715; x_wconf 89' lang='lat' dir='ltr'>coelestis</span> <span class='ocrx_word' id='word_1_59' title='bbox 1663 673 1835 715; x_wconf 84' lang='lat' dir='ltr'>Jerusa-</span> 
     </span>
     <span class='ocr_line' id='line_1_9' title="bbox 269 744 1834 798; baseline 0 -11"><span class='ocrx_word' id='word_1_60' title='bbox 269 747 352 788; x_wconf 82' lang='lat' dir='ltr'>lem</span> <span class='ocrx_word' id='word_1_61' title='bbox 395 745 602 796; x_wconf 87' lang='lat' dir='ltr'>dicuntur,</span> <span class='ocrx_word' id='word_1_62' title='bbox 642 744 796 796; x_wconf 88' lang='lat' dir='ltr'>quibus</span> <span class='ocrx_word' id='word_1_63' title='bbox 832 744 1039 798; x_wconf 85' lang='lat' dir='ltr'>inscripta</span> <span class='ocrx_word' id='word_1_64' title='bbox 1076 745 1384 787; x_wconf 59' lang='lat' dir='ltr'>sunt‘nomina</span> <span class='ocrx_word' id='word_1_65' title='bbox 1418 745 1481 786; x_wconf 89' lang='lat'>12.</span> <span class='ocrx_word' id='word_1_66' title='bbox 1511 745 1834 798; x_wconf 88' lang='lat' dir='ltr'>Apostolorum,</span> 
     </span>
     <span class='ocr_line' id='line_1_10' title="bbox 270 815 1835 870; baseline 0 -12"><span class='ocrx_word' id='word_1_67' title='bbox 270 816 592 870; x_wconf 82' lang='lat' dir='ltr'>intelligendum</span> <span class='ocrx_word' id='word_1_68' title='bbox 630 818 693 856; x_wconf 86' lang='lat' dir='ltr'>est</span> <span class='ocrx_word' id='word_1_69' title='bbox 732 815 984 857; x_wconf 83' lang='lat' dir='ltr'>vocabulum</span> <span class='ocrx_word' id='word_1_70' title='bbox 1020 816 1395 858; x_wconf 65' lang='lat' dir='ltr'>fundamentorum</span> <span class='ocrx_word' id='word_1_71' title='bbox 1433 817 1661 859; x_wconf 88' lang='lat' dir='ltr'>secundum</span> <span class='ocrx_word' id='word_1_72' title='bbox 1690 819 1835 858; x_wconf 83' lang='lat' dir='ltr'>exten-</span> 
     </span>
     <span class='ocr_line' id='line_1_11' title="bbox 270 887 1834 941; baseline -0.001 -10"><span class='ocrx_word' id='word_1_73' title='bbox 270 890 430 931; x_wconf 82' lang='lat' dir='ltr'>sionem</span> <span class='ocrx_word' id='word_1_74' title='bbox 455 903 528 929; x_wconf 90' lang='lat' dir='ltr'>seu</span> <span class='ocrx_word' id='word_1_75' title='bbox 553 887 897 928; x_wconf 87' lang='lat' dir='ltr'>distributionem</span> <span class='ocrx_word' id='word_1_76' title='bbox 922 887 1111 940; x_wconf 90' lang='lat' dir='ltr'>partium</span> <span class='ocrx_word' id='word_1_77' title='bbox 1130 887 1255 929; x_wconf 86' lang='lat' dir='ltr'>unius</span> <span class='ocrx_word' id='word_1_78' title='bbox 1272 888 1542 941; x_wconf 85' lang='lat' dir='ltr'>ejusdemque</span> <span class='ocrx_word' id='word_1_79' title='bbox 1557 888 1834 931; x_wconf 70' lang='lat' dir='ltr'>fundamenti.</span> 
     </span>
     <span class='ocr_line' id='line_1_12' title="bbox 269 958 1834 1012; baseline -0.001 -9"><span class='ocrx_word' id='word_1_80' title='bbox 269 961 337 1003; x_wconf 82' lang='lat' dir='ltr'>Sic</span> <span class='ocrx_word' id='word_1_81' title='bbox 364 960 688 1001; x_wconf 85' lang='lat' dir='ltr'>fundamentum</span> <span class='ocrx_word' id='word_1_82' title='bbox 718 960 759 1000; x_wconf 89' lang='lat' dir='ltr'>et</span> <span class='ocrx_word' id='word_1_83' title='bbox 787 958 1065 1000; x_wconf 86' lang='lat' dir='ltr'>fundamenta</span> <span class='ocrx_word' id='word_1_84' title='bbox 1094 959 1245 1012; x_wconf 89' lang='lat' dir='ltr'>templi</span> <span class='ocrx_word' id='word_1_85' title='bbox 1276 958 1484 1011; x_wconf 85' lang='lat' dir='ltr'>dicuntur,</span> <span class='ocrx_word' id='word_1_86' title='bbox 1515 959 1537 1000; x_wconf 96' lang='lat'>1</span> <span class='ocrx_word' id='word_1_87' title='bbox 1568 958 1673 1012; x_wconf 82' lang='lat' dir='ltr'>Reg.</span> <span class='ocrx_word' id='word_1_88' title='bbox 1704 959 1741 1011; x_wconf 84' lang='lat'>5,</span> <span class='ocrx_word' id='word_1_89' title='bbox 1772 959 1834 1001; x_wconf 85' lang='lat'>17.</span> 
     </span>
     <span class='ocr_line' id='line_1_13' title="bbox 270 1029 1836 1083; baseline -0.001 -9"><span class='ocrx_word' id='word_1_90' title='bbox 270 1035 311 1074; x_wconf 85' lang='lat' dir='ltr'>et</span> <span class='ocrx_word' id='word_1_91' title='bbox 340 1033 359 1073; x_wconf 93' lang='lat'>1</span> <span class='ocrx_word' id='word_1_92' title='bbox 394 1032 547 1073; x_wconf 84' lang='lat' dir='ltr'>Chron.</span> <span class='ocrx_word' id='word_1_93' title='bbox 577 1032 613 1082; x_wconf 82' lang='grc'>3,</span> <span class='ocrx_word' id='word_1_94' title='bbox 644 1031 680 1071; x_wconf 81' lang='grc'>3.</span> <span class='ocrx_word' id='word_1_95' title='bbox 719 1030 851 1072; x_wconf 87' lang='lat' dir='ltr'>Hebr.</span> <span class='ocrx_word' id='word_1_96' title='bbox 883 1030 945 1081; x_wconf 90' lang='lat'>11,</span> <span class='ocrx_word' id='word_1_97' title='bbox 977 1031 1038 1071; x_wconf 84' lang='lat'>10.</span> <span class='ocrx_word' id='word_1_98' title='bbox 1063 1029 1130 1071; x_wconf 90' lang='lat' dir='ltr'>Ita</span> <span class='ocrx_word' id='word_1_99' title='bbox 1154 1045 1301 1072; x_wconf 86' lang='lat' dir='ltr'>revera</span> <span class='ocrx_word' id='word_1_100' title='bbox 1323 1044 1456 1072; x_wconf 90' lang='lat' dir='ltr'>unum</span> <span class='ocrx_word' id='word_1_101' title='bbox 1478 1030 1674 1083; x_wconf 82' lang='lat' dir='ltr'>idemque</span> <span class='ocrx_word' id='word_1_102' title='bbox 1689 1030 1836 1073; x_wconf 89' lang='lat' dir='ltr'>Eccle-</span> 
     </span>
     <span class='ocr_line' id='line_1_14' title="bbox 271 1102 1835 1155; baseline -0.001 -10"><span class='ocrx_word' id='word_1_103' title='bbox 271 1104 357 1145; x_wconf 84' lang='lat' dir='ltr'>siae</span> <span class='ocrx_word' id='word_1_104' title='bbox 385 1103 719 1153; x_wconf 85' lang='lat' dir='ltr'>fundamentum,</span> <span class='ocrx_word' id='word_1_105' title='bbox 746 1102 975 1143; x_wconf 88' lang='lat' dir='ltr'>secundum</span> <span class='ocrx_word' id='word_1_106' title='bbox 1001 1103 1188 1155; x_wconf 87' lang='lat' dir='ltr'>ejusdem</span> <span class='ocrx_word' id='word_1_107' title='bbox 1211 1102 1256 1143; x_wconf 89' lang='lat' dir='ltr'>in</span> <span class='ocrx_word' id='word_1_108' title='bbox 1281 1102 1610 1155; x_wconf 81' lang='lat' dir='ltr'>particularibus</span> <span class='ocrx_word' id='word_1_109' title='bbox 1634 1102 1835 1144; x_wconf 90' lang='lat' dir='ltr'>Ecclesiis</span> 
     </span>
     <span class='ocr_line' id='line_1_15' title="bbox 270 1173 1836 1228; baseline -0.002 -11"><span class='ocrx_word' id='word_1_110' title='bbox 270 1175 587 1228; x_wconf 67' lang='lat' dir='ltr'>repositionem,</span> <span class='ocrx_word' id='word_1_111' title='bbox 617 1173 893 1215; x_wconf 85' lang='lat' dir='ltr'>fundamenta</span> <span class='ocrx_word' id='word_1_112' title='bbox 917 1173 1200 1227; x_wconf 82' lang='lat' dir='ltr'>appellantur,</span> <span class='ocrx_word' id='word_1_113' title='bbox 1233 1176 1361 1226; x_wconf 90' lang='lat' dir='ltr'>atque</span> <span class='ocrx_word' id='word_1_114' title='bbox 1385 1173 1428 1214; x_wconf 90' lang='lat' dir='ltr'>in</span> <span class='ocrx_word' id='word_1_115' title='bbox 1452 1173 1504 1215; x_wconf 90' lang='lat' dir='ltr'>iis</span> <span class='ocrx_word' id='word_1_116' title='bbox 1528 1173 1735 1227; x_wconf 87' lang='lat' dir='ltr'>inscripta</span> <span class='ocrx_word' id='word_1_117' title='bbox 1758 1188 1836 1215; x_wconf 90' lang='grc'><strong>110-</strong></span> 
     </span>
     <span class='ocr_line' id='line_1_16' title="bbox 271 1244 1834 1299; baseline -0.001 -12"><span class='ocrx_word' id='word_1_118' title='bbox 271 1247 385 1287; x_wconf 87' lang='lat' dir='ltr'>mina</span> <span class='ocrx_word' id='word_1_119' title='bbox 413 1245 734 1299; x_wconf 80' lang='lat' dir='ltr'>Apostolorum,</span> <span class='ocrx_word' id='word_1_120' title='bbox 761 1247 808 1286; x_wconf 89' lang='lat' dir='ltr'>ut</span> <span class='ocrx_word' id='word_1_121' title='bbox 834 1244 907 1297; x_wconf 84' lang='lat' dir='ltr'>qui</span> <span class='ocrx_word' id='word_1_122' title='bbox 932 1244 1089 1297; x_wconf 79' lang='lat' dir='ltr'>singuli</span> <span class='ocrx_word' id='word_1_123' title='bbox 1114 1244 1343 1286; x_wconf 88' lang='lat' dir='ltr'>secundum</span> <span class='ocrx_word' id='word_1_124' title='bbox 1368 1247 1510 1299; x_wconf 90' lang='lat' dir='ltr'>partes</span> <span class='ocrx_word' id='word_1_125' title='bbox 1536 1244 1834 1298; x_wconf 89' lang='lat' dir='ltr'>Ecclesiarum,</span> 
     </span>
     <span class='ocr_line' id='line_1_17' title="bbox 271 1314 1835 1370; baseline 0 -12"><span class='ocrx_word' id='word_1_126' title='bbox 271 1332 428 1369; x_wconf 85' lang='lat' dir='ltr'>eorum,</span> <span class='ocrx_word' id='word_1_127' title='bbox 467 1318 515 1357; x_wconf 92' lang='lat' dir='ltr'>ut</span> <span class='ocrx_word' id='word_1_128' title='bbox 553 1316 784 1367; x_wconf 87' lang='lat' dir='ltr'>architecti,</span> <span class='ocrx_word' id='word_1_129' title='bbox 824 1316 1034 1369; x_wconf 90' lang='lat' dir='ltr'>positores</span> <span class='ocrx_word' id='word_1_130' title='bbox 1073 1315 1257 1357; x_wconf 85' lang='lat' dir='ltr'>fuerunt.</span> <span class='ocrx_word' id='word_1_131' title='bbox 1296 1314 1366 1357; x_wconf 82' lang='lat' dir='ltr'>Sic</span> <span class='ocrx_word' id='word_1_132' title='bbox 1403 1315 1589 1358; x_wconf 90' lang='lat' dir='ltr'>civitatis</span> <span class='ocrx_word' id='word_1_133' title='bbox 1617 1316 1744 1370; x_wconf 86' lang='lat' dir='ltr'>hujus</span> <span class='ocrx_word' id='word_1_134' title='bbox 1773 1317 1835 1358; x_wconf 91' lang='lat'>12.</span> 
     </span>
     <span class='ocr_line' id='line_1_18' title="bbox 270 1386 1837 1442; baseline 0 -13"><span class='ocrx_word' id='word_1_135' title='bbox 270 1391 420 1442; x_wconf 89' lang='lat' dir='ltr'>portae</span> <span class='ocrx_word' id='word_1_136' title='bbox 451 1388 734 1441; x_wconf 81' lang='lat' dir='ltr'>assignantur,</span> <span class='ocrx_word' id='word_1_137' title='bbox 767 1390 808 1428; x_wconf 90' lang='lat' dir='ltr'>et</span> <span class='ocrx_word' id='word_1_138' title='bbox 836 1387 880 1427; x_wconf 89' lang='lat' dir='ltr'>in</span> <span class='ocrx_word' id='word_1_139' title='bbox 907 1387 959 1428; x_wconf 87' lang='lat' dir='ltr'>iis</span> <span class='ocrx_word' id='word_1_140' title='bbox 991 1387 1052 1428; x_wconf 90' lang='lat'>12.</span> <span class='ocrx_word' id='word_1_141' title='bbox 1079 1386 1236 1439; x_wconf 83' lang='lat' dir='ltr'>Angeli</span> <span class='ocrx_word' id='word_1_142' title='bbox 1258 1389 1306 1428; x_wconf 89' lang='lat' dir='ltr'>ut</span> <span class='ocrx_word' id='word_1_143' title='bbox 1333 1387 1538 1438; x_wconf 78' lang='lat' dir='ltr'>custodes,</span> <span class='ocrx_word' id='word_1_144' title='bbox 1565 1389 1606 1428; x_wconf 93' lang='lat' dir='ltr'>et</span> <span class='ocrx_word' id='word_1_145' title='bbox 1628 1387 1837 1441; x_wconf 87' lang='lat' dir='ltr'>inscripta</span> 
     </span>
     <span class='ocr_line' id='line_1_19' title="bbox 269 1456 1835 1513; baseline -0.001 -13"><span class='ocrx_word' id='word_1_146' title='bbox 269 1459 442 1500; x_wconf 86' lang='lat' dir='ltr'>nomina</span> <span class='ocrx_word' id='word_1_147' title='bbox 484 1459 545 1499; x_wconf 92' lang='grc'><strong>12.</strong></span> <span class='ocrx_word' id='word_1_148' title='bbox 588 1457 946 1498; x_wconf 85' lang='lat' dir='ltr'>Patriarcharum.</span> <span class='ocrx_word' id='word_1_149' title='bbox 991 1456 1096 1498; x_wconf 85' lang='lat' dir='ltr'>Cum</span> <span class='ocrx_word' id='word_1_150' title='bbox 1140 1460 1283 1498; x_wconf 88' lang='lat' dir='ltr'>autem</span> <span class='ocrx_word' id='word_1_151' title='bbox 1323 1472 1407 1498; x_wconf 90' lang='lat' dir='ltr'>una</span> <span class='ocrx_word' id='word_1_152' title='bbox 1450 1457 1506 1498; x_wconf 93' lang='lat' dir='ltr'>sit</span> <span class='ocrx_word' id='word_1_153' title='bbox 1543 1460 1670 1510; x_wconf 90' lang='lat' dir='ltr'>porta</span> <span class='ocrx_word' id='word_1_154' title='bbox 1706 1458 1835 1513; x_wconf 76' lang='lat' dir='ltr'>illius,</span> 
     </span>
     <span class='ocr_line' id='line_1_20' title="bbox 271 1528 1835 1583; baseline 0 -12"><span class='ocrx_word' id='word_1_155' title='bbox 271 1544 423 1583; x_wconf 87' lang='lat' dir='ltr'>nempe</span> <span class='ocrx_word' id='word_1_156' title='bbox 455 1528 660 1580; x_wconf 84' lang='lat' dir='ltr'>Christus,</span> <span class='ocrx_word' id='word_1_157' title='bbox 691 1528 788 1570; x_wconf 84' lang='lat' dir='ltr'>Joh.</span> <span class='ocrx_word' id='word_1_158' title='bbox 820 1529 882 1569; x_wconf 86' lang='lat'>10.</span> <span class='ocrx_word' id='word_1_159' title='bbox 913 1528 1107 1570; x_wconf 84' lang='lat' dir='ltr'>similiter</span> <span class='ocrx_word' id='word_1_160' title='bbox 1137 1529 1189 1570; x_wconf 86' lang='lat' dir='ltr'>ad</span> <span class='ocrx_word' id='word_1_161' title='bbox 1218 1528 1329 1582; x_wconf 87' lang='lat' dir='ltr'>Eph.</span> <span class='ocrx_word' id='word_1_162' title='bbox 1354 1530 1390 1581; x_wconf 88' lang='lat'>2,</span> <span class='ocrx_word' id='word_1_163' title='bbox 1417 1530 1481 1571; x_wconf 84' lang='lat'>20.</span> <span class='ocrx_word' id='word_1_164' title='bbox 1505 1529 1698 1571; x_wconf 87' lang='lat' dir='ltr'>Ecclesia</span> <span class='ocrx_word' id='word_1_165' title='bbox 1722 1529 1835 1571; x_wconf 90' lang='lat' dir='ltr'>aedi-</span> 
     </span>
     <span class='ocr_line' id='line_1_21' title="bbox 269 1598 1834 1655; baseline 0 -14"><span class='ocrx_word' id='word_1_166' title='bbox 269 1601 396 1641; x_wconf 89' lang='lat' dir='ltr'>ficata</span> <span class='ocrx_word' id='word_1_167' title='bbox 425 1599 579 1640; x_wconf 88' lang='lat' dir='ltr'>dicitur</span> <span class='ocrx_word' id='word_1_168' title='bbox 608 1613 734 1652; x_wconf 90' lang='lat' dir='ltr'>super</span> <span class='ocrx_word' id='word_1_169' title='bbox 758 1598 1083 1641; x_wconf 87' lang='lat' dir='ltr'>fundamentum</span> <span class='ocrx_word' id='word_1_170' title='bbox 1106 1599 1420 1652; x_wconf 90' lang='lat' dir='ltr'>Apostolorum</span> <span class='ocrx_word' id='word_1_171' title='bbox 1444 1602 1485 1642; x_wconf 93' lang='lat' dir='ltr'>et</span> <span class='ocrx_word' id='word_1_172' title='bbox 1508 1599 1834 1655; x_wconf 88' lang='lat' dir='ltr'>Prophetarum,</span> 
     </span>
     <span class='ocr_line' id='line_1_22' title="bbox 270 1669 1834 1724; baseline 0.001 -13"><span class='ocrx_word' id='word_1_173' title='bbox 270 1671 430 1712; x_wconf 89' lang='lat' dir='ltr'>scilicet</span> <span class='ocrx_word' id='word_1_174' title='bbox 460 1670 573 1722; x_wconf 89' lang='lat' dir='ltr'>quod</span> <span class='ocrx_word' id='word_1_175' title='bbox 602 1669 663 1710; x_wconf 90' lang='lat' dir='ltr'>illi</span> <span class='ocrx_word' id='word_1_176' title='bbox 693 1672 939 1724; x_wconf 85' lang='lat' dir='ltr'>posuerunt.</span> <span class='ocrx_word' id='word_1_177' title='bbox 980 1670 1072 1719; x_wconf 77' lang='lat' dir='ltr'>Quo</span> <span class='ocrx_word' id='word_1_178' title='bbox 1110 1685 1236 1713; x_wconf 89' lang='lat' dir='ltr'>sensu</span> <span class='ocrx_word' id='word_1_179' title='bbox 1264 1671 1502 1724; x_wconf 83' lang='lat' dir='ltr'>Apostolus</span> <span class='ocrx_word' id='word_1_180' title='bbox 1531 1672 1717 1714; x_wconf 87' lang='lat' dir='ltr'>alienum</span> <span class='ocrx_word' id='word_1_181' title='bbox 1738 1671 1834 1713; x_wconf 86' lang='lat' dir='ltr'>fun-</span> 
     </span>
     <span class='ocr_line' id='line_1_23' title="bbox 270 1740 1834 1796; baseline 0.001 -14"><span class='ocrx_word' id='word_1_182' title='bbox 270 1743 515 1783; x_wconf 81' lang='lat' dir='ltr'>damentum</span> <span class='ocrx_word' id='word_1_183' title='bbox 540 1756 615 1783; x_wconf 91' lang='lat' dir='ltr'>suo</span> <span class='ocrx_word' id='word_1_184' title='bbox 641 1742 836 1795; x_wconf 90' lang='lat' dir='ltr'>opponit,</span> <span class='ocrx_word' id='word_1_185' title='bbox 862 1740 986 1783; x_wconf 82' lang='lat' dir='ltr'>Rom.</span> <span class='ocrx_word' id='word_1_186' title='bbox 1014 1741 1077 1795; x_wconf 86' lang='lat'>15,</span> <span class='ocrx_word' id='word_1_187' title='bbox 1103 1742 1167 1783; x_wconf 89' lang='grc'><strong>20.</strong></span> <span class='ocrx_word' id='word_1_188' title='bbox 1191 1742 1259 1784; x_wconf 84' lang='lat' dir='ltr'>vel</span> <span class='ocrx_word' id='word_1_189' title='bbox 1282 1742 1566 1796; x_wconf 85' lang='lat' dir='ltr'>metonymice</span> <span class='ocrx_word' id='word_1_190' title='bbox 1593 1757 1719 1796; x_wconf 90' lang='lat' dir='ltr'>super</span> <span class='ocrx_word' id='word_1_191' title='bbox 1735 1742 1834 1784; x_wconf 88' lang='lat' dir='ltr'>doc-</span> 
     </span>
     <span class='ocr_line' id='line_1_24' title="bbox 270 1812 1172 1865; baseline -0.001 -10"><span class='ocrx_word' id='word_1_192' title='bbox 270 1815 383 1855; x_wconf 84' lang='lat' dir='ltr'>trina</span> <span class='ocrx_word' id='word_1_193' title='bbox 412 1813 464 1854; x_wconf 91' lang='lat' dir='ltr'>ab</span> <span class='ocrx_word' id='word_1_194' title='bbox 494 1813 578 1854; x_wconf 86' lang='lat' dir='ltr'>illis</span> <span class='ocrx_word' id='word_1_195' title='bbox 608 1813 877 1865; x_wconf 88' lang='lat' dir='ltr'>annunciata,</span> <span class='ocrx_word' id='word_1_196' title='bbox 907 1812 1038 1855; x_wconf 89' lang='lat' dir='ltr'>Hebr.</span> <span class='ocrx_word' id='word_1_197' title='bbox 1069 1814 1106 1865; x_wconf 83' lang='lat'>6,</span> <span class='ocrx_word' id='word_1_198' title='bbox 1136 1814 1172 1854; x_wconf 91' lang='lat'>2.</span> 
     </span>
    </p>

    <p class='ocr_par' dir='ltr' id='par_1_4' title="bbox 268 1883 1878 2437">
     <span class='ocr_line' id='line_1_25' title="bbox 322 1883 1878 1938; baseline 0.001 -13"><span class='ocrx_word' id='word_1_199' title='bbox 322 1883 564 1926; x_wconf 87' lang='lat' dir='ltr'>XXXVIII.</span> <span class='ocrx_word' id='word_1_200' title='bbox 593 1883 867 1926; x_wconf 88' lang='lat' dir='ltr'>Vicarium</span> <span class='ocrx_word' id='word_1_201' title='bbox 891 1899 1020 1938; x_wconf 86' lang='lat' dir='ltr'>porro</span> <span class='ocrx_word' id='word_1_202' title='bbox 1045 1884 1144 1926; x_wconf 88' lang='lat' dir='ltr'>Dei</span> <span class='ocrx_word' id='word_1_203' title='bbox 1169 1887 1211 1926; x_wconf 90' lang='lat' dir='ltr'>et</span> <span class='ocrx_word' id='word_1_204' title='bbox 1236 1884 1446 1926; x_wconf 86' lang='lat' dir='ltr'>Christi</span> <span class='ocrx_word' id='word_1_205' title='bbox 1465 1883 1835 1926; x_wconf 83' lang='lat' dir='ltr'>universalem</span> <span class='ocrx_word' id='word_1_206' title='bbox 1874 1899 1878 1902; x_wconf 78' lang='grc'><strong>’</strong></span> 
     </span>
     <span class='ocr_line' id='line_1_26' title="bbox 268 1955 1834 2010; baseline 0 -13"><span class='ocrx_word' id='word_1_207' title='bbox 268 1957 322 1997; x_wconf 91' lang='grc'>111</span> <span class='ocrx_word' id='word_1_208' title='bbox 349 1956 540 2008; x_wconf 89' lang='lat' dir='ltr'>terris,</span> <span class='ocrx_word' id='word_1_209' title='bbox 573 1956 671 1997; x_wconf 87' lang='lat' dir='ltr'>dum</span> <span class='ocrx_word' id='word_1_210' title='bbox 699 1970 803 2010; x_wconf 93' lang='lat' dir='ltr'>prae</span> <span class='ocrx_word' id='word_1_211' title='bbox 831 1970 874 1997; x_wconf 91' lang='lat' dir='ltr'>se</span> <span class='ocrx_word' id='word_1_212' title='bbox 902 1955 997 2007; x_wconf 80' lang='lat' dir='ltr'>fert,</span> <span class='ocrx_word' id='word_1_213' title='bbox 1029 1956 1131 2009; x_wconf 87' lang='lat' dir='ltr'>quid</span> <span class='ocrx_word' id='word_1_214' title='bbox 1155 1956 1280 2008; x_wconf 89' lang='lat' dir='ltr'>aliud,</span> <span class='ocrx_word' id='word_1_215' title='bbox 1307 1971 1433 2009; x_wconf 89' lang='lat' dir='ltr'>quam</span> <span class='ocrx_word' id='word_1_216' title='bbox 1461 1956 1626 2010; x_wconf 80' lang='lat' dir='ltr'>origine</span> <span class='ocrx_word' id='word_1_217' title='bbox 1652 1956 1834 2009; x_wconf 85' lang='lat' dir='ltr'>quidem,</span> 
     </span>
     <span class='ocr_line' id='line_1_27' title="bbox 268 2027 1835 2082; baseline 0.001 -14"><span class='ocrx_word' id='word_1_218' title='bbox 268 2042 355 2069; x_wconf 86' lang='grc'><strong>11011</strong></span> <span class='ocrx_word' id='word_1_219' title='bbox 392 2030 536 2068; x_wconf 85' lang='lat' dir='ltr'>tamen</span> <span class='ocrx_word' id='word_1_220' title='bbox 576 2027 787 2080; x_wconf 87' lang='lat' dir='ltr'>sapientia</span> <span class='ocrx_word' id='word_1_221' title='bbox 825 2030 866 2069; x_wconf 91' lang='lat' dir='ltr'>et</span> <span class='ocrx_word' id='word_1_222' title='bbox 903 2027 1098 2082; x_wconf 85' lang='lat' dir='ltr'>potentia</span> <span class='ocrx_word' id='word_1_223' title='bbox 1135 2042 1183 2069; x_wconf 89' lang='lat' dir='ltr'>ac</span> <span class='ocrx_word' id='word_1_224' title='bbox 1221 2030 1437 2081; x_wconf 89' lang='lat' dir='ltr'>potestate</span> <span class='ocrx_word' id='word_1_225' title='bbox 1474 2042 1518 2070; x_wconf 90' lang='lat' dir='ltr'>se</span> <span class='ocrx_word' id='word_1_226' title='bbox 1559 2027 1772 2070; x_wconf 84' lang='lat' dir='ltr'>diversum</span> <span class='ocrx_word' id='word_1_227' title='bbox 1811 2043 1835 2069; x_wconf 90' lang='lat' dir='ltr'>a</span> 
     </span>
     <span class='ocr_line' id='line_1_28' title="bbox 270 2098 1835 2153; baseline 0 -13"><span class='ocrx_word' id='word_1_228' title='bbox 270 2098 440 2140; x_wconf 82' lang='lat' dir='ltr'>Christo</span> <span class='ocrx_word' id='word_1_229' title='bbox 478 2099 612 2140; x_wconf 70' lang='lat' dir='ltr'>facit?</span> <span class='ocrx_word' id='word_1_230' title='bbox 649 2098 891 2151; x_wconf 88' lang='lat' dir='ltr'>Utrumque</span> <span class='ocrx_word' id='word_1_231' title='bbox 931 2101 1073 2140; x_wconf 87' lang='lat' dir='ltr'>autem</span> <span class='ocrx_word' id='word_1_232' title='bbox 1111 2099 1193 2140; x_wconf 90' lang='lat' dir='ltr'>sibi</span> <span class='ocrx_word' id='word_1_233' title='bbox 1230 2102 1417 2152; x_wconf 84' lang='lat' dir='ltr'>arrogat,</span> <span class='ocrx_word' id='word_1_234' title='bbox 1458 2099 1559 2141; x_wconf 86' lang='lat' dir='ltr'>dum</span> <span class='ocrx_word' id='word_1_235' title='bbox 1591 2100 1765 2153; x_wconf 85' lang='lat' dir='ltr'>jactitat</span> <span class='ocrx_word' id='word_1_236' title='bbox 1792 2114 1835 2141; x_wconf 92' lang='lat' dir='ltr'>se</span> 
     </span>
     <span class='ocr_line' id='line_1_29' title="bbox 269 2169 1835 2224; baseline 0.001 -14"><span class='ocrx_word' id='word_1_237' title='bbox 269 2169 426 2211; x_wconf 87' lang='lat' dir='ltr'>habere</span> <span class='ocrx_word' id='word_1_238' title='bbox 468 2169 609 2211; x_wconf 88' lang='lat' dir='ltr'>omnia</span> <span class='ocrx_word' id='word_1_239' title='bbox 633 2171 731 2222; x_wconf 85' lang='lat' dir='ltr'>jura</span> <span class='ocrx_word' id='word_1_240' title='bbox 760 2170 805 2210; x_wconf 91' lang='lat' dir='ltr'>in</span> <span class='ocrx_word' id='word_1_241' title='bbox 834 2169 988 2212; x_wconf 89' lang='lat' dir='ltr'>scrinio</span> <span class='ocrx_word' id='word_1_242' title='bbox 1018 2171 1204 2223; x_wconf 86' lang='lat' dir='ltr'>pectoris</span> <span class='ocrx_word' id='word_1_243' title='bbox 1233 2170 1311 2223; x_wconf 88' lang='lat' dir='ltr'>sui,</span> <span class='ocrx_word' id='word_1_244' title='bbox 1342 2186 1480 2213; x_wconf 89' lang='lat' dir='ltr'>errare</span> <span class='ocrx_word' id='word_1_245' title='bbox 1508 2185 1595 2212; x_wconf 92' lang='lat' dir='ltr'>non</span> <span class='ocrx_word' id='word_1_246' title='bbox 1623 2185 1761 2224; x_wconf 92' lang='lat' dir='ltr'>posse,</span> <span class='ocrx_word' id='word_1_247' title='bbox 1793 2173 1835 2213; x_wconf 88' lang='lat' dir='ltr'>et</span> 
     </span>
     <span class='ocr_line' id='line_1_30' title="bbox 269 2238 1835 2295; baseline 0.002 -14"><span class='ocrx_word' id='word_1_248' title='bbox 269 2238 409 2294; x_wconf 32' lang='lat' dir='ltr'>agere*</span> <span class='ocrx_word' id='word_1_249' title='bbox 435 2255 485 2281; x_wconf 84' lang='lat' dir='ltr'>ex</span> <span class='ocrx_word' id='word_1_250' title='bbox 523 2241 787 2294; x_wconf 89' lang='lat' dir='ltr'>plenitudine</span> <span class='ocrx_word' id='word_1_251' title='bbox 825 2242 1066 2294; x_wconf 88' lang='lat' dir='ltr'>potestatis.</span> <span class='ocrx_word' id='word_1_252' title='bbox 1095 2241 1156 2283; x_wconf 90' lang='lat' dir='ltr'>At</span> <span class='ocrx_word' id='word_1_253' title='bbox 1185 2256 1284 2283; x_wconf 85' lang='lat' dir='ltr'>vero</span> <span class='ocrx_word' id='word_1_254' title='bbox 1314 2242 1395 2284; x_wconf 91' lang='lat' dir='ltr'>hoc</span> <span class='ocrx_word' id='word_1_255' title='bbox 1424 2242 1581 2284; x_wconf 86' lang='lat' dir='ltr'>vicario</span> <span class='ocrx_word' id='word_1_256' title='bbox 1614 2256 1721 2295; x_wconf 87' lang='lat' dir='ltr'>opus</span> <span class='ocrx_word' id='word_1_257' title='bbox 1749 2256 1835 2285; x_wconf 89' lang='lat' dir='ltr'>non</span> 
     </span>
     <span class='ocr_line' id='line_1_31' title="bbox 270 2311 1835 2367; baseline 0 -13"><span class='ocrx_word' id='word_1_258' title='bbox 270 2315 344 2364; x_wconf 89' lang='lat' dir='ltr'>est,</span> <span class='ocrx_word' id='word_1_259' title='bbox 389 2327 483 2353; x_wconf 88' lang='lat' dir='ltr'>cum</span> <span class='ocrx_word' id='word_1_260' title='bbox 526 2311 642 2353; x_wconf 90' lang='lat' dir='ltr'>Deus</span> <span class='ocrx_word' id='word_1_261' title='bbox 684 2312 728 2353; x_wconf 87' lang='lat' dir='ltr'>in</span> <span class='ocrx_word' id='word_1_262' title='bbox 767 2311 950 2364; x_wconf 86' lang='lat' dir='ltr'>Christo,</span> <span class='ocrx_word' id='word_1_263' title='bbox 990 2327 1065 2366; x_wconf 89' lang='lat' dir='ltr'>per</span> <span class='ocrx_word' id='word_1_264' title='bbox 1102 2312 1311 2366; x_wconf 81' lang='lat' dir='ltr'>Spiritum</span> <span class='ocrx_word' id='word_1_265' title='bbox 1348 2312 1552 2356; x_wconf 81' lang='lat' dir='ltr'>Sanctum</span> <span class='ocrx_word' id='word_1_266' title='bbox 1590 2327 1756 2367; x_wconf 84' lang='lat' dir='ltr'>semper</span> <span class='ocrx_word' id='word_1_267' title='bbox 1793 2315 1835 2355; x_wconf 87' lang='lat' dir='ltr'>et</span> 
     </span>
     <span class='ocr_line' id='line_1_32' title="bbox 268 2383 1794 2437; baseline 0.001 -13"><span class='ocrx_word' id='word_1_268' title='bbox 268 2383 426 2436; x_wconf 89' lang='lat' dir='ltr'>ubique</span> <span class='ocrx_word' id='word_1_269' title='bbox 454 2383 670 2425; x_wconf 86' lang='lat' dir='ltr'>Ecclesiae</span> <span class='ocrx_word' id='word_1_270' title='bbox 700 2398 799 2425; x_wconf 88' lang='lat' dir='ltr'>suae</span> <span class='ocrx_word' id='word_1_271' title='bbox 828 2398 1028 2437; x_wconf 86' lang='lat' dir='ltr'>praesens</span> <span class='ocrx_word' id='word_1_272' title='bbox 1054 2384 1175 2426; x_wconf 89' lang='lat' dir='ltr'>adsit.</span> <span class='ocrx_word' id='word_1_273' title='bbox 1204 2384 1263 2426; x_wconf 92' lang='lat' dir='ltr'>At</span> <span class='ocrx_word' id='word_1_274' title='bbox 1292 2384 1479 2426; x_wconf 89' lang='lat' dir='ltr'>absentis</span> <span class='ocrx_word' id='word_1_275' title='bbox 1508 2384 1690 2426; x_wconf 86' lang='lat' dir='ltr'>vicarius</span> <span class='ocrx_word' id='word_1_276' title='bbox 1720 2386 1794 2426; x_wconf 87' lang='lat' dir='ltr'>est.</span> 
     </span>
    </p>

    <p class='ocr_par' dir='ltr' id='par_1_5' title="bbox 269 2454 1835 3011">
     <span class='ocr_line' id='line_1_33' title="bbox 322 2454 1835 2510; baseline 0.001 -14"><span class='ocrx_word' id='word_1_277' title='bbox 322 2454 521 2496; x_wconf 85' lang='lat' dir='ltr'>XXXIX.</span> <span class='ocrx_word' id='word_1_278' title='bbox 576 2454 857 2497; x_wconf 85' lang='lat' dir='ltr'>Pastorem</span> <span class='ocrx_word' id='word_1_279' title='bbox 908 2456 1088 2509; x_wconf 89' lang='lat' dir='ltr'>denique</span> <span class='ocrx_word' id='word_1_280' title='bbox 1139 2456 1449 2508; x_wconf 88' lang='lat' dir='ltr'>Pastorum,</span> <span class='ocrx_word' id='word_1_281' title='bbox 1502 2456 1835 2510; x_wconf 88' lang='lat' dir='ltr'>Episcopum</span> 
     </span>
     <span class='ocr_line' id='line_1_34' title="bbox 269 2527 1834 2584; baseline 0 -16"><span class='ocrx_word' id='word_1_282' title='bbox 269 2527 690 2580; x_wconf 85' lang='lat' dir='ltr'>Episcoporum,</span> <span class='ocrx_word' id='word_1_283' title='bbox 732 2529 782 2568; x_wconf 88' lang='lat' dir='ltr'>et</span> <span class='ocrx_word' id='word_1_284' title='bbox 820 2527 1234 2571; x_wconf 89' lang='lat' dir='ltr'>Oecumenicum</span> <span class='ocrx_word' id='word_1_285' title='bbox 1270 2529 1624 2584; x_wconf 88' lang='lat' dir='ltr'>Episcopum,</span> <span class='ocrx_word' id='word_1_286' title='bbox 1665 2531 1716 2571; x_wconf 90' lang='lat' dir='ltr'>et</span> <span class='ocrx_word' id='word_1_287' title='bbox 1745 2528 1834 2569; x_wconf 89' lang='lat' dir='ltr'>Pa—</span> 
     </span>
     <span class='ocr_line' id='line_1_35' title="bbox 269 2597 1834 2654; baseline 0.003 -15"><span class='ocrx_word' id='word_1_288' title='bbox 269 2601 405 2640; x_wconf 87' lang='lat' dir='ltr'>trem</span> <span class='ocrx_word' id='word_1_289' title='bbox 434 2597 603 2639; x_wconf 88' lang='lat' dir='ltr'>Patru</span> <span class='ocrx_word' id='word_1_290' title='bbox 614 2614 678 2651; x_wconf 91' lang='lat' dir='ltr'>m,</span> <span class='ocrx_word' id='word_1_291' title='bbox 709 2599 808 2640; x_wconf 89' lang='lat' dir='ltr'>dum</span> <span class='ocrx_word' id='word_1_292' title='bbox 838 2614 882 2641; x_wconf 92' lang='lat' dir='ltr'>se</span> <span class='ocrx_word' id='word_1_293' title='bbox 913 2603 1135 2653; x_wconf 83' lang='lat' dir='ltr'>asseverat,</span> <span class='ocrx_word' id='word_1_294' title='bbox 1159 2600 1269 2642; x_wconf 90' lang='lat' dir='ltr'>nihil</span> <span class='ocrx_word' id='word_1_295' title='bbox 1296 2600 1424 2653; x_wconf 90' lang='lat' dir='ltr'>aliud,</span> <span class='ocrx_word' id='word_1_296' title='bbox 1451 2615 1579 2654; x_wconf 87' lang='lat' dir='ltr'>quam</span> <span class='ocrx_word' id='word_1_297' title='bbox 1602 2601 1834 2643; x_wconf 87' lang='lat' dir='ltr'>ambitione</span> 
     </span>
     <span class='ocr_line' id='line_1_36' title="bbox 271 2669 1834 2729; baseline 0.003 -19"><span class='ocrx_word' id='word_1_298' title='bbox 271 2684 318 2711; x_wconf 88' lang='lat' dir='ltr'>ac</span> <span class='ocrx_word' id='word_1_299' title='bbox 355 2669 514 2723; x_wconf 80' lang='lat' dir='ltr'>insigni</span> <span class='ocrx_word' id='word_1_300' title='bbox 554 2670 754 2729; x_wconf 89' lang='lat' dir='ltr'>superbia</span> <span class='ocrx_word' id='word_1_301' title='bbox 792 2686 868 2713; x_wconf 88' lang='lat' dir='ltr'>sua</span> <span class='ocrx_word' id='word_1_302' title='bbox 906 2672 1221 2715; x_wconf 90' lang='lat' dir='ltr'>Antichristum</span> <span class='ocrx_word' id='word_1_303' title='bbox 1260 2687 1350 2715; x_wconf 88' lang='lat' dir='ltr'>sese</span> <span class='ocrx_word' id='word_1_304' title='bbox 1380 2672 1565 2714; x_wconf 84' lang='lat' dir='ltr'>exhibet.</span> <span class='ocrx_word' id='word_1_305' title='bbox 1594 2672 1834 2727; x_wconf 90' lang='lat' dir='ltr'>Episcopus</span> 
     </span>
     <span class='ocr_line' id='line_1_37' title="bbox 271 2743 1834 2797; baseline 0.003 -16"><span class='ocrx_word' id='word_1_306' title='bbox 271 2755 480 2794; x_wconf 87' lang='lat' dir='ltr'>nusquam</span> <span class='ocrx_word' id='word_1_307' title='bbox 521 2743 602 2783; x_wconf 89' lang='lat' dir='ltr'>nisi</span> <span class='ocrx_word' id='word_1_308' title='bbox 640 2744 836 2796; x_wconf 86' lang='lat' dir='ltr'>respectu</span> <span class='ocrx_word' id='word_1_309' title='bbox 877 2743 1105 2796; x_wconf 90' lang='lat' dir='ltr'>Ecclesiae,</span> <span class='ocrx_word' id='word_1_310' title='bbox 1147 2759 1233 2786; x_wconf 86' lang='lat' dir='ltr'>non</span> <span class='ocrx_word' id='word_1_311' title='bbox 1272 2745 1401 2786; x_wconf 89' lang='lat' dir='ltr'>etiam</span> <span class='ocrx_word' id='word_1_312' title='bbox 1440 2744 1619 2786; x_wconf 89' lang='lat' dir='ltr'>aliorum</span> <span class='ocrx_word' id='word_1_313' title='bbox 1655 2743 1834 2797; x_wconf 89' lang='lat' dir='ltr'>Episco-</span> 
     </span>
     <span class='ocr_line' id='line_1_38' title="bbox 272 2803 1834 2869; baseline 0.004 -18"><span class='ocrx_word' id='word_1_314' title='bbox 272 2825 435 2863; x_wconf 88' lang='lat' dir='ltr'>porum,</span> <span class='ocrx_word' id='word_1_315' title='bbox 476 2803 706 2867; x_wconf 84' lang='lat' dir='ltr'>usurpatur</span> <span class='ocrx_word' id='word_1_316' title='bbox 743 2814 787 2855; x_wconf 87' lang='lat' dir='ltr'>in</span> <span class='ocrx_word' id='word_1_317' title='bbox 825 2813 975 2864; x_wconf 84' lang='lat' dir='ltr'>Sacris,</span> <span class='ocrx_word' id='word_1_318' title='bbox 1004 2815 1192 2867; x_wconf 74' lang='lat' dir='ltr'>Act.·20,</span> <span class='ocrx_word' id='word_1_319' title='bbox 1221 2817 1284 2858; x_wconf 85' lang='lat'>28.</span> <span class='ocrx_word' id='word_1_320' title='bbox 1314 2815 1466 2869; x_wconf 88' lang='lat' dir='ltr'>Neque</span> <span class='ocrx_word' id='word_1_321' title='bbox 1494 2815 1619 2868; x_wconf 87' lang='lat' dir='ltr'>hujus</span> <span class='ocrx_word' id='word_1_322' title='bbox 1647 2815 1834 2858; x_wconf 89' lang='lat' dir='ltr'>muneris</span> 
     </span>
     <span class='ocr_line' id='line_1_39' title="bbox 270 2881 1833 2940; baseline 0.004 -19"><span class='ocrx_word' id='word_1_323' title='bbox 270 2881 381 2923; x_wconf 83' lang='lat' dir='ltr'>inter</span> <span class='ocrx_word' id='word_1_324' title='bbox 409 2898 583 2925; x_wconf 89' lang='lat' dir='ltr'>munera</span> <span class='ocrx_word' id='word_1_325' title='bbox 611 2885 911 2928; x_wconf 87' lang='lat' dir='ltr'>Ecclesiastica</span> <span class='ocrx_word' id='word_1_326' title='bbox 938 2887 988 2928; x_wconf 90' lang='lat' dir='ltr'>fit</span> <span class='ocrx_word' id='word_1_327' title='bbox 1015 2887 1188 2940; x_wconf 89' lang='lat' dir='ltr'>mentio,</span> <span class='ocrx_word' id='word_1_328' title='bbox 1219 2888 1240 2929; x_wconf 95' lang='lat'>1</span> <span class='ocrx_word' id='word_1_329' title='bbox 1268 2887 1360 2930; x_wconf 86' lang='lat' dir='ltr'>Cor.</span> <span class='ocrx_word' id='word_1_330' title='bbox 1386 2888 1447 2940; x_wconf 92' lang='lat'>12,</span> <span class='ocrx_word' id='word_1_331' title='bbox 1472 2887 1534 2929; x_wconf 85' lang='lat'>28.</span> <span class='ocrx_word' id='word_1_332' title='bbox 1559 2886 1682 2929; x_wconf 86' lang='lat' dir='ltr'>Rom.</span> <span class='ocrx_word' id='word_1_333' title='bbox 1709 2885 1771 2938; x_wconf 89' lang='lat'>12,</span> <span class='ocrx_word' id='word_1_334' title='bbox 1796 2887 1833 2928; x_wconf 85' lang='lat'>8.</span> 
     </span>
     <span class='ocr_line' id='line_1_40' title="bbox 276 2951 1834 3011; baseline 0.004 -19"><span class='ocrx_word' id='word_1_335' title='bbox 276 2951 387 3005; x_wconf 87' lang='lat' dir='ltr'>Eph.</span> <span class='ocrx_word' id='word_1_336' title='bbox 425 2954 462 3004; x_wconf 81' lang='lat'>4,</span> <span class='ocrx_word' id='word_1_337' title='bbox 494 2955 554 2996; x_wconf 89' lang='lat'>11.</span> <span class='ocrx_word' id='word_1_338' title='bbox 588 2956 608 2996; x_wconf 95' lang='lat'>1</span> <span class='ocrx_word' id='word_1_339' title='bbox 641 2956 748 2998; x_wconf 87' lang='lat' dir='ltr'>Tim.</span> <span class='ocrx_word' id='word_1_340' title='bbox 778 2958 814 2998; x_wconf 83' lang='lat'>3.</span> <span class='ocrx_word' id='word_1_341' title='bbox 847 2958 969 3007; x_wconf 76' lang='lat' dir='ltr'>Quod</span> <span class='ocrx_word' id='word_1_342' title='bbox 997 2958 1089 3000; x_wconf 83' lang='lat' dir='ltr'>fieri</span> <span class='ocrx_word' id='word_1_343' title='bbox 1118 2958 1331 3001; x_wconf 85' lang='lat' dir='ltr'>debuisset</span> <span class='ocrx_word' id='word_1_344' title='bbox 1359 2959 1403 3000; x_wconf 92' lang='lat' dir='ltr'>in</span> <span class='ocrx_word' id='word_1_345' title='bbox 1431 2973 1488 3011; x_wconf 89' lang='lat' dir='ltr'>re,</span> <span class='ocrx_word' id='word_1_346' title='bbox 1520 2973 1647 3011; x_wconf 88' lang='lat' dir='ltr'>quam</span> <span class='ocrx_word' id='word_1_347' title='bbox 1674 2957 1834 3000; x_wconf 87' lang='lat' dir='ltr'>faciunt</span> 
     </span>
    </p>
   </div>
  </div>
 </body>
</html>
