1931 3224
259 177 284 218 2
880 167 1124 209 DisPUTATIO
1152 164 1185 206 I.

259 298 350 340 Deo
376 312 466 340 cum
495 294 696 338 creaturis
720 291 1002 345 intelligentia
1026 288 1241 344 praeditis,
1268 289 1341 328 aut
1362 285 1404 327 in
1429 285 1512 327 hoc
1535 284 1673 327 seculo
1699 298 1812 326 com-

259 369 483 419 municata,
514 370 586 409 aut
614 367 657 407 in
684 365 827 407 futuro
855 360 1213 410 communicanda,
1239 357 1311 399 illa
1334 359 1398 399 est
1423 358 1586 411 ectypa.
1612 354 1812 409 Haecque
1833 398 1843 401 ‚i

260 457 283 483 a
312 440 402 482 Deo
433 443 651 491 tamquam
685 451 735 479 ex
763 435 995 488 archetypo
1025 431 1152 474 variis
1182 427 1576 473 communicationis
1604 426 1741 469 modis
1765 440 1814 468 ac

260 512 460 566 gradibus
497 509 760 563 exprimitur,
789 506 988 548 nimirum
1016 504 1059 545 in
1087 501 1331 544 hominibus
1359 499 1403 541 in
1434 499 1516 542 hoc
1539 499 1696 541 mundo
1720 513 1813 540 ver-

259 583 448 625 santibus
483 596 558 636 per
596 579 778 633 gratiam
806 576 1085 625 revelationis,
1115 574 1156 615 in
1186 571 1363 626 Angelis
1393 585 1492 612 vero
1523 573 1564 612 et
1591 570 1812 612 beatorum

259 653 489 707 Spiritibus
525 652 569 693 in
607 650 771 693 coelum
800 647 981 702 receptis
1009 661 1085 700 per
1113 644 1297 699 gratiam
1325 642 1511 694 visionis,
1541 643 1657 695 cujus
1686 642 1814 683 bene-

259 725 354 767 ficio
383 739 460 766 nos
484 737 652 776 quoque
677 736 771 763 eum
793 720 933 774 ipsum
957 720 1055 772 post
1078 705 1188 758 lianc
1210 715 1343 757 vitam
1367 714 1417 756 de
1440 713 1548 755 facie
1573 714 1627 755 ad
1649 713 1814 765 faciem,

259 796 303 838 id
332 799 405 846 est,
437 809 578 837 coram
608 807 656 835 ac
679 791 872 846 proxime
897 787 1279 841 contemplabimur
1304 784 1428 827 sicuti
1454 786 1529 834 est,
1554 785 1576 825 1
1601 782 1630 825 J
1633 782 1703 825 oh.
1722 784 1760 835 3,
1775 783 1814 825 2.

313 866 364 908 V.
394 865 497 908 Cum
526 864 694 906 Christo
725 862 964 914 Θεκνθρώπῳ
991 860 1096 901 haec
1123 856 1361 911 Theologia
1388 855 1469 897 fuit
1497 870 1521 897 a
1549 853 1641 897 Deo
1670 854 1815 908 singu-

258 938 337 980 lari
365 941 407 980 et
436 937 590 980 eximia
614 936 778 977 ratione
803 931 1123 982 communicata,
1145 944 1222 982 per
1246 927 1430 982 gratiam
1452 926 1612 969 scilicet
1635 925 1815 979 unionis,

261 1025 310 1052 ex
348 1025 431 1063 qua
466 1012 587 1051 tanta
619 1007 663 1048 in
701 1006 885 1048 animam
912 1003 1045 1057 ipsius
1073 1000 1306 1056 sapientiae
1334 999 1553 1053 plenitudo
1582 996 1816 1050 resultavit,

261 1084 419 1134 quanta
455 1080 508 1122 ad
543 1078 894 1133 perfectissimam
924 1074 1053 1117 officii
1076 1073 1210 1127 ipsius
1240 1071 1553 1114 exsecutionem
1583 1068 1818 1112 necessaria

261 1156 335 1205 est,
366 1152 482 1205 cujus
509 1149 784 1204 plenitudinis
811 1149 1006 1201 respectu
1039 1145 1180 1187 Deus
1209 1144 1385 1197 ipsum
1411 1142 1635 1184 unxisse
1663 1141 1817 1184 dicitur

261 1224 378 1266 oleo
408 1222 663 1265 laetitiae
687 1235 814 1274 prae
839 1220 954 1272 ejus
980 1215 1353 1264 consortibus,
1377 1213 1522 1256 Psalm
1544 1212 1609 1266 45,
1633 1213 1670 1265 8,
1695 1212 1817 1265 eique

261 1295 528 1349 Spiritum
565 1293 776 1336 dedisse
816 1291 930 1332 sine
966 1303 1237 1339 mensura,
1276 1285 1375 1328 Joh.
1412 1286 1451 1338 3,
1480 1284 1544 1337 34,
1571 1286 1620 1326 ut
1649 1298 1701 1325 ex
1729 1284 1818 1337 ejus

260 1365 523 1419 plenitudine
564 1378 708 1406 omnes
743 1363 787 1404 in
825 1377 920 1404 eum
958 1360 1173 1403 credentes
1212 1360 1374 1401 certum
1411 1356 1598 1410 ejusdem
1634 1354 1818 1411 Spiritus

261 1438 504 1480 demensum
540 1435 792 1488 acciperent,
824 1432 922 1475 Joh.
953 1432 989 1484 1,
1018 1432 1082 1473 16.
1110 1430 1234 1473 Unde
1263 1432 1305 1472 et
1333 1443 1479 1472 omnes
1508 1426 1742 1481 sapientiae
1770 1440 1819 1469 ac

261 1507 516 1563 cognitionis
541 1506 731 1549 thesauri
756 1505 801 1546 in
828 1504 922 1558 ipso
953 1502 1191 1545 absconditi
1219 1501 1428 1553 dicimtur,
1457 1499 1544 1542 Col.
1571 1500 1609 1551 2,
1638 1500 1676 1542 3.

313 1578 387 1622 VI.
414 1578 507 1621 Nos
536 1577 817 1630 Theologiam
843 1576 926 1618 hoc
953 1576 1046 1617 loco
1077 1574 1130 1616 ad
1154 1573 1265 1616 solos
1289 1572 1483 1614 homines
1505 1571 1551 1613 in
1574 1570 1658 1614 hoc
1680 1569 1817 1612 stadio

260 1666 334 1707 per
375 1650 502 1693 fidem
543 1649 781 1692 incedentes
822 1647 1130 1701 restringimus,
1168 1660 1309 1699 quam,
1348 1642 1631 1687 distinctionis
1669 1641 1818 1697 gratia,

261 1721 622 1775 Theologiam
650 1718 1020 1761 revelationis
1049 1717 1353 1773 appellamus..

313 1793 409 1837 VII.
436 1792 655 1835 Revelatio
683 1790 811 1833 latius
838 1792 1020 1844 sumpta,
1048 1789 1092 1830 in
1118 1788 1356 1831 naturalem
1386 1790 1428 1829 et
1456 1784 1820 1842 supernaturalem

261 1864 458 1907 distribui
484 1865 638 1917 potest.

314 1934 430 1978 VIII.
467 1934 719 1977 Naturalem
754 1947 965 1983 vocamus,
1003 1946 1111 1985 quae
1138 1931 1193 1973 sit
1221 1931 1289 1973 vel
1315 1930 1581 1981 intrinsecus,
1609 1943 1687 1983 per
1714 1927 1820 1970 veri-

261 2009 394 2050 tatem
425 2008 465 2048 et
492 2005 631 2059 legem
658 2006 836 2046 naturae
865 2003 1053 2045 omnium
1080 2002 1301 2044 hominum
1329 2001 1525 2044 cordibus
1556 2000 1818 2053 inscriptam,

263 2078 313 2120 de
342 2092 425 2131 qua
454 2075 620 2118 disserit
649 2074 895 2134 Apostolus,
922 2073 1034 2115 Rom
1065 2073 1100 2125 1,
1130 2073 1193 2125 19,
1223 2075 1264 2114 et
1292 2074 1329 2125 2,
1360 2073 1422 2125 15,
1450 2073 1518 2115 vel
1547 2072 1818 2123 extrinsecus,

262 2163 338 2202 per
365 2162 507 2190 rerum
534 2162 558 2188 a
585 2145 678 2188 Deo
707 2147 943 2187 creatarum
973 2144 1386 2198 contemplationem,
1417 2144 1468 2186 de
1493 2158 1577 2196 qua
1599 2143 1712 2184 idem
1736 2141 1819 2184 dis-

262 2221 400 2273 putat,
424 2218 547 2260 Rom.
573 2219 609 2269 1,
633 2218 696 2259 20.
723 2216 1097 2271 Supernaturalem
1120 2216 1400 2267 nominamus,
1426 2229 1554 2268 quam
1577 2212 1820 2268 Prophetae

264 2293 306 2333 et
333 2289 533 2344 Apostoli
560 2288 803 2330 immediate
832 2304 856 2330 a
884 2288 1049 2342 Spiritu
1072 2288 1265 2330 veritatis
1292 2289 1390 2329 sunt
1413 2285 1570 2339 adepti,
1599 2287 1648 2326 ut
1671 2284 1820 2339 genui-

262 2375 361 2403 nam
386 2360 500 2402 illius
527 2359 708 2401 formam
734 2359 892 2414 partim
919 2359 1015 2400 viva
1042 2373 1157 2411 voce,
1185 2358 1345 2412 partim
1374 2356 1542 2411 scriptis
1565 2355 1651 2398 suis
1675 2355 1821 2398 Eccle-

263 2432 349 2475 siae
393 2431 474 2473 Dei
516 2431 774 2486 explicarent
816 2433 858 2472 et
900 2430 1218 2472 custodiendam
1259 2429 1487 2471 traderent.
1532 2426 1738 2476 Quocirca
1778 2425 1820 2468 S.
1858 2446 1861 2448 ·

263 2503 525 2558 Theologiae
561 2502 766 2545 revelatio
805 2517 830 2544 a
865 2500 957 2544 Deo
993 2500 1224 2555 Prophetis
1262 2503 1303 2543 et
1340 2499 1560 2553 Apostolis
1598 2498 1724 2550 facta,
1757 2499 1821 2540 est

262 2574 527 2626 immediata3
567 2589 674 2627 quae
709 2575 851 2616 autem
888 2587 964 2627 per
991 2572 1069 2615 lios
1097 2572 1312 2615 Ecclesiae
1339 2571 1421 2613 Dei
1447 2570 1717 2613 manifestata
1744 2569 1820 2620 est,

263 2646 446 2688 mediata
475 2647 550 2688 est.

316 2717 387 2760 IX.
426 2716 518 2759 Nos
558 2716 641 2759 hoc
680 2715 774 2758 loco
817 2716 867 2758 de
907 2715 1163 2758 revelatione
1204 2713 1516 2769 supernaturali
1556 2712 1819 2763 disserentes,

264 2788 543 2842 Theologiam
581 2787 812 2837 definimus,
851 2786 1071 2828 scientiam
1108 2787 1174 2828 vel
1202 2786 1455 2840 sapientiam
1488 2798 1630 2826 rerum
1659 2782 1819 2825 divina-

264 2875 371 2912 rum,
409 2875 433 2901 a
469 2859 560 2901 Deo
597 2875 674 2914 per
710 2858 830 2901 verbi
866 2858 998 2912 ipsius
1035 2858 1317 2911 administros,
1355 2857 1519 2912 Spiritu
1559 2854 1818 2908 Prophetico

264 2929 444 2982 afflatos,
481 2929 724 2972 hominibus
760 2930 805 2971 in
842 2929 924 2972 hoc
953 2930 1110 2972 mundo
1139 2931 1380 2982 revelatam,
1410 2931 1538 2982 atque
1567 2927 1619 2970 ad
1648 2929 1820 2980 captum

265 3016 410 3043 eorum
439 3003 776 3056 attemperatam,
801 3003 849 3042 ut
874 3015 945 3043 eos
970 3001 1014 3042 in
1039 3001 1326 3055 cognitionem
1349 3000 1592 3042 introducat
1614 2998 1820 3051 veritatis,
