1931 3224
607 289 1085 338 DISPUTATIO
1129 289 1192 336 II.

873 405 918 427 DE

142 489 205 557 S.
260 490 625 578 Scripturae
673 488 1071 557 Necessitate
1120 493 1185 556 et
1235 488 1657 557 Auctoritate.

442 642 639 685 Praeside
680 642 732 684 D.
775 641 1038 685 ANTONIO
1082 641 1348 685 WALAEO.

496 751 770 802 Respondente
804 751 1059 810 JOHANNE
1090 751 1293 791 ORUOIO.

766 864 957 907 THESIS
996 865 1028 907 I.

137 984 140 987 '
271 989 369 1015 uun
399 973 449 1014 de
473 975 627 1014 natura
651 971 911 1026 Theologiae
936 973 1202 1015 antecedenti
1227 974 1514 1027 disputatione
1535 978 1675 1017 actum

155 982 252 1115 Q
270 1044 345 1094 sit3
377 1043 568 1096 sequitur
587 1044 688 1096 jam,
713 1045 762 1084 ut
786 1043 836 1085 de
861 1044 1131 1085 revelationis
1157 1045 1247 1097 ejus
1267 1045 1497 1099 praecipuo
1518 1047 1675 1089 instru-

112 1119 269 1167 mento,
307 1129 459 1168 nempe
487 1114 528 1156 S.
558 1113 790 1168 Scriptura,
821 1129 1017 1168 agamus;
1051 1129 1158 1167 quae
1187 1117 1251 1156 est
1280 1116 1469 1157 omnium
1498 1115 1675 1158 Christi—

113 1202 291 1229 anorum
321 1186 569 1240 dogmatum
597 1184 854 1240 principium
883 1187 925 1227 et
952 1185 1287 1228 fundamentum.

163 1257 216 1300 II.
255 1257 338 1300 Per
370 1257 411 1300 S.
442 1256 707 1310 Scripturam
735 1256 804 1298 hic
831 1256 1122 1310 intelligimus,
1151 1272 1237 1299 non
1265 1257 1381 1311 ipsos
1411 1257 1674 1301 characteres

112 1332 320 1382 externos,
353 1329 425 1371 sed
452 1329 629 1371 verbum
656 1329 708 1371 iis
737 1328 1051 1371 characteribus
1080 1344 1127 1371 ac
1155 1330 1289 1372 literis
1319 1330 1607 1384 significatum
1633 1334 1674 1372 et

113 1401 476 1455 comprehensum.
515 1400 736 1454 Scriptura
773 1401 885 1443 enim
923 1401 1060 1443 omnis
1098 1404 1161 1444 est
1199 1402 1441 1456 symbolum
1479 1404 1520 1444 et
1547 1402 1673 1444 index

111 1472 250 1523 verbi3
277 1473 452 1515 verbum
476 1487 576 1515 vero
603 1473 844 1526 symbolum
869 1475 910 1515 et
933 1473 1059 1515 index
1086 1474 1398 1527 cogitationum
1421 1489 1468 1516 ac
1494 1489 1673 1529 concep-

110 1547 233 1586 tuum
260 1544 426 1587 mentis.

164 1615 237 1658 ΙΠ.
267 1615 389 1658 Hanc
413 1619 554 1658 autem
580 1616 846 1670 Scripturam
872 1616 1105 1668 definimus,
1121 1616 1457 1660 Instrumentum
1471 1618 1672 1671 divinum,

113 1702 197 1740 quo
226 1687 419 1729 doctrina
447 1687 644 1729 salutaris
669 1703 694 1729 a
717 1686 810 1729 Deo
836 1702 913 1741 per
936 1687 1188 1741 Prophetas,
1214 1688 1447 1742 Apostolos
1468 1692 1509 1731 et
1531 1689 1673 1731 Evan-

112 1758 297 1811 gelistaS,
334 1760 555 1812 tamquam
592 1758 673 1800 Dei
710 1759 934 1810 actuarios,
963 1759 1006 1800 in
1035 1759 1154 1801 libris
1185 1759 1405 1802 Canonicis
1434 1760 1602 1802 Veteris
1632 1763 1673 1803 et

111 1827 225 1871 Novi
254 1828 515 1870 Testamenti
543 1830 606 1870 est
633 1829 803 1870 tradita.

162 1898 236 1942 IV.
277 1899 373 1941 Etsi
413 1915 512 1942 vero
551 1899 668 1942 Deus
704 1902 802 1942 ante
841 1900 1002 1943 exitum
1038 1900 1327 1944 Israelitarum
1366 1918 1417 1945 ex
1455 1903 1671 1958 Aegypto,

108 1986 185 2025 per
209 1970 346 2013 solum
365 1971 541 2013 verbum
561 1971 888 2023 enunciativum,
915 1976 1145 2026 πολυμερῶς
1167 1973 1238 2015 mal
1258 1975 1513 2028 πολυτρόπως
1538 1976 1671 2029 patri-

108 2042 245 2084 archis
272 2044 641 2095 communicatum,
669 2045 710 2085 et
735 2059 811 2097 per
834 2044 1109 2086 traditionem
1137 2045 1509 2099 πατροπαράδοτον,
1526 2047 1672 2090 Eccle-

109 2114 214 2156 siam
248 2129 368 2156 suam
404 2115 612 2165 instituit3
652 2129 747 2157 cum
784 2118 928 2157 tamen
967 2118 1009 2158 et
1045 2116 1308 2170 longaevitas
1339 2118 1560 2160 hominum
1582 2121 1672 2172 jam

107 2186 381 2239 minueretur,
412 2189 453 2229 et
481 2187 698 2241 corruptio
729 2187 919 2240 quotidie
948 2191 1188 2241 augeretur,
1219 2191 1260 2230 et
1289 2188 1466 2231 Satanas
1491 2191 1672 2233 oraculis

108 2257 193 2299 suis
230 2260 359 2311 atque
396 2257 737 2313 apparitionibus
775 2258 1095 2312 deceptricibus,
1135 2259 1289 2311 quibus
1326 2259 1465 2302 Deum
1503 2263 1544 2303 et
1583 2263 1671 2315 ejus

108 2327 303 2381 ὄροὶμοοτοι
361 2329 622 2382 imitabatur,
670 2329 892 2371 hominum
939 2331 1085 2386 generi
1123 2332 1213 2383 jam
1255 2331 1413 2384 passim
1454 2332 1669 2384 illuderet,

107 2398 268 2451 placuit
302 2398 407 2451 Deo,
448 2415 531 2453 quo
571 2400 711 2442 divina
747 2401 903 2443 veritas
940 2402 1105 2443 fidelius
1133 2403 1384 2456 conservari,
1414 2404 1542 2446 latius
1570 2420 1670 2458 pro-

106 2470 270 2523 pagari,
295 2472 337 2512 et
361 2471 546 2525 collapsa
570 2472 734 2514 facilius
757 2472 1153 2527 instaurariposset,
1179 2475 1307 2517 etiam
1331 2491 1408 2529 per
1428 2475 1670 2530 Scripturas

106 2539 340 2583 Ecclesiam
369 2557 488 2585 suam
516 2544 712 2598 deinceps
741 2560 874 2598 usque
904 2546 957 2587 ad
986 2546 1113 2588 finem
1141 2547 1287 2588 mundi
1314 2546 1548 2589 instituere.

160 2612 211 2655 V.
243 2612 527 2662 Quamobrem
556 2618 598 2658 et
624 2616 715 2670 ipse
738 2616 854 2659 Deus
879 2617 1074 2670 exemplo
1099 2632 1174 2659 suo
1199 2618 1430 2672 Prophetis
1454 2619 1522 2660 hic
1546 2634 1668 2673 prae-

105 2685 204 2728 ivit:
235 2700 330 2727 cum
359 2687 509 2740 legem,
535 2701 662 2740 quam
686 2690 810 2730 antea
834 2703 977 2730 coram
1001 2691 1094 2731 toto
1120 2690 1282 2744 populo
1308 2705 1359 2732 ex
1382 2693 1526 2733 monte
1551 2690 1668 2734 Sinai

105 2757 468 2811 pronuntiaverat,
496 2759 673 2813 lapideis
699 2761 857 2803 tabulis
884 2761 1113 2815 inscripsit,
1142 2761 1229 2803 Ex.
1259 2762 1323 2814 24,
1353 2762 1413 2804 12.
1445 2765 1487 2804 et
1513 2763 1578 2816 34,
1602 2763 1666 2805 28.

107 2830 149 2870 et
175 2827 287 2870 Mosi
315 2844 362 2871 ac
389 2830 563 2884 reliquis
591 2830 820 2886 Prophetis
848 2835 976 2886 atque
1004 2832 1235 2888 ApostoliS,
1259 2834 1418 2886 partim
1441 2835 1665 2878 manifesto

105 2900 318 2952 mandato,
361 2904 410 2943 ut
449 2903 561 2944 idem
602 2903 801 2956 facerent,
844 2904 1082 2957 imperavit,
1127 2907 1174 2946 ut
1217 2904 1376 2947 Exod.
1420 2907 1480 2956 17,
1520 2907 1582 2949 14.
1622 2910 1663 2949 et

105 2971 169 3022 34,
216 2972 279 3013 27.
325 2971 431 3015 Jer.
469 2974 533 3026 36,
562 2975 601 3017 2.
640 2977 683 3016 et
718 2975 781 3017 28.
818 2974 980 3027 Apoc.
1022 2976 1057 3027 1,
1088 2976 1150 3018 19.
1189 2976 1347 3029 partim
1385 2992 1555 3030 quoque
1593 2993 1663 3020 oc-
