1931 3224
236 127 300 168 DE
329 126 614 168 MINISTRORUM
642 125 1030 168 EchEsmsTmORUM
1059 125 1207 167 VocAT.
1237 140 1283 166 ET
1312 124 1460 167 FUNcT.
1565 127 1643 183 465

78 254 252 296 tributis
303 255 344 294 et
396 252 567 303 effectis,
620 265 727 304 quae
777 250 1012 303 Apostolus
1057 250 1210 292 Petrus
1253 251 1339 292 suis
1389 249 1640 304 praescribit

78 323 452 377 συμπρεσβυτέροις,
491 324 513 364 1
552 321 642 364 Pet.
680 321 717 373 5,
757 321 792 362 1.
831 322 867 362 2.
906 321 943 362 3.
982 320 1052 363 Sic
1091 323 1135 364 in
1163 323 1362 377 Epistola
1391 323 1442 364 ad
1472 322 1641 376 Philip-

78 411 229 450 penses
268 411 300 438 c.
332 397 367 448 1,
399 396 433 437 1.
476 394 552 435 sub
589 393 760 434 nomine
797 391 1111 446 Episcoporum
1150 394 1302 445 quibus
1341 393 1525 448 gratiam
1564 392 1646 434 Dei

81 469 385 520 comprecatur,
425 480 496 507 eos
534 464 739 518 intelligit
769 464 841 516 qui
870 463 1084 518 Philippis
1113 464 1243 506 verbo
1275 468 1316 506 et
1345 465 1645 518 gubernationi

78 540 315 591 praeerant,
370 550 525 589 eosque
568 550 592 577 a
632 534 834 577 Diaconis
877 535 1030 576 aerarii
1071 535 1359 578 Ecclesiastici
1405 536 1646 578 oeconomis

81 607 316 661 distinguit.
346 606 403 648 Et
433 606 516 648 Tit.
547 607 582 647 1.
614 620 720 659 quos
748 621 785 647 v.
816 606 852 647 5.
883 604 1162 659 Presbyteros
1178 607 1483 659 nominaverat,
1500 622 1593 649 vers
1610 608 1645 649 7.

79 679 318 732 Episcopos
356 678 560 732 appellat,
599 692 685 719 non
715 677 923 720 correlate
954 678 1006 719 ad
1036 676 1316 730 Presbyteros
1345 679 1564 730 tamquam
1593 677 1645 718 ad

78 749 347 791 secundarios
390 749 555 801 sibique
599 748 899 790 subordinatos
942 748 1171 802 praesules,
1212 747 1283 789 sed
1323 747 1375 788 ad
1413 747 1645 789 Ecclesiam

77 820 276 874 vigilanti
303 821 495 874 ipsorum
527 834 650 861 curae
680 822 807 872 atque
835 819 1090 873 inspectioni
1122 818 1403 860 commissam.
1421 816 1519 859 Non
1536 818 1647 859 enim

78 892 255 944 alicujus
285 892 329 933 in
359 891 466 933 alios
495 891 653 933 Christi
683 890 904 932 Ministros
935 891 1218 941 auctoritatis,
1244 892 1317 931 aut
1343 889 1520 941 alicujus
1546 905 1648 942 prae

79 963 172 1004 aliis
219 962 556 1017 praerogativae,
605 962 677 1004 sed
715 962 847 1004 solius
886 962 1010 1003 istius
1050 976 1173 1003 curae
1212 976 1259 1003 ac
1295 960 1544 1014 vigilantiae
1582 976 1648 1003 re-

79 1037 238 1089 spectu,
268 1034 581 1089 Episcoporum
608 1033 736 1075 titulo
765 1033 808 1073 in
839 1033 967 1074 sacris
999 1032 1134 1074 literis
1165 1033 1468 1085 insigniuntur.

130 1104 264 1146 XXX.
303 1103 404 1147 Non
444 1119 545 1158 ergo
586 1119 636 1145 ex
676 1104 832 1155 divino,
861 1104 934 1144 sed
965 1118 1015 1144 ex
1044 1103 1233 1144 humano
1263 1104 1462 1145 instituto
1493 1103 1646 1156 aliquis

78 1178 178 1229 post
214 1175 525 1229 Apostolorum
564 1177 771 1228 tempora,
802 1174 895 1215 aliis
925 1188 976 1215 ex
1006 1173 1152 1215 ordine
1182 1174 1537 1227 Presbyterorum
1567 1173 1648 1215 fuit

78 1247 334 1289 auctoritate
385 1246 664 1299 Praepositus
717 1248 843 1298 atque
885 1244 1125 1298 Episcopus
1169 1245 1305 1287 dictus
1349 1260 1398 1287 ex
1442 1246 1647 1300 singulari

78 1319 391 1373 praerogativa,
431 1318 557 1360 sicuti
595 1320 694 1371 post
732 1317 1044 1370 Hieronymum
1073 1316 1267 1358 nonnulli
1299 1331 1468 1370 quoque
1498 1317 1647 1359 Ponti-

79 1390 163 1432 ficii
201 1391 468 1442 confitentur,
508 1389 773 1440 nominatim,
813 1387 1170 1439 Lombardus,
1211 1387 1527 1440 Gratianus,
1559 1388 1648 1430 Ou-

80 1477 262 1514 sanus,
302 1465 344 1504 et
374 1462 457 1514 alii,
487 1461 632 1503 Hier.
663 1461 716 1502 in
745 1459 844 1501 Tit.
875 1475 983 1513 cap.
1015 1460 1050 1500 1.
1081 1462 1131 1501 et
1161 1460 1221 1501 ad
1251 1460 1441 1514 Evagr.
1473 1460 1644 1502 Lomb.

84 1532 198 1574 Lib.
243 1533 281 1574 4.
325 1533 448 1574 dist.
492 1533 555 1574 24.
600 1531 743 1573 Grat.
788 1531 910 1572 dist.
953 1532 1014 1572 93.
1060 1545 1093 1572 c.
1138 1530 1385 1583 legimus.
1430 1533 1480 1572 et
1523 1530 1647 1572 dist.

78 1604 142 1645 25.
196 1618 228 1645 c.
282 1603 422 1645 olim.
475 1603 717 1663 Cusan‘us
770 1602 829 1644 de
880 1601 1289 1644 Concordantia
1333 1601 1647 1654 Catholica,

78 1673 186 1715 Lib.
215 1675 251 1716 2.
284 1689 392 1728 cap.
424 1674 486 1716 13.

130 1744 287 1786 XXXI.
339 1745 409 1787 Ad
458 1745 697 1799 legitimam
738 1745 967 1786 Pastorum
1013 1744 1324 1786 ordinariorum
1367 1745 1647 1797 vocationem,

79 1816 161 1858 duo
200 1817 472 1870 potissimum
507 1817 646 1859 media
686 1818 784 1857 sunt
813 1816 1063 1868 adhibenda,
1096 1817 1380 1858 vocandorum
1411 1816 1575 1869 electio,
1607 1819 1648 1858 et

80 1887 311 1930 electorum
342 1888 568 1930 ordinatio.

130 1958 306 2001 XXXII.
337 1959 417 2002 Jus
444 1959 645 2001 Pastores
672 1959 869 2012 eligendi.
895 1961 959 2001 est
984 1973 1114 2012 penes
1140 1958 1389 2010 Ecclesiam,
1407 1973 1455 2000 ac
1471 1958 1648 2012 proinde

78 2030 194 2084 plebi
232 2046 453 2073 commune
493 2046 588 2073 cum
626 2030 916 2084 Presbyteris3
944 2031 1012 2083 jus
1045 2044 1116 2071 eos
1147 2029 1381 2081 ordinandi,
1413 2029 1492 2071 soli
1522 2029 1645 2071 Pres-

78 2101 246 2155 byterio
279 2105 342 2144 est
370 2103 606 2156 proprium.

132 2172 330 2216 XXXIII.
374 2173 474 2215 Ideo
518 2174 748 2215 Pastorum
791 2173 940 2215 electio
986 2172 1086 2214 olim
1125 2172 1255 2214 fiebat
1294 2187 1370 2225 per
1408 2172 1650 2225 χειροτονίαν

79 2247 208 2298 atque
245 2245 594 2288 acclamationem
631 2245 765 2287 totius
805 2245 953 2299 plebis,
984 2259 1091 2297 quae
1121 2245 1266 2286 audito
1295 2244 1467 2286 nomine
1496 2244 1648 2286 Pasto-

79 2317 137 2358 ris
181 2316 376 2370 eligendi,
418 2332 542 2359 suum
584 2316 835 2372 suffragium
879 2315 1136 2370 presbyterii
1180 2315 1384 2369 suffragio
1426 2319 1647 2358 consenta-

78 2402 205 2429 neum
236 2387 414 2429 sublatis
443 2388 639 2431 manibus
667 2387 897 2439 indicabat,
928 2387 1023 2429 Act.
1054 2387 1116 2439 14,
1146 2389 1209 2429 23.
1240 2386 1462 2429 Ordinatio
1493 2390 1647 2440 autem,

81 2472 188 2510 quae
226 2457 352 2500 hodie
391 2459 656 2501 confirmatio
687 2461 973 2513 nuncupatur,
1002 2459 1131 2501 fiebat
1161 2459 1214 2501 ab
1245 2459 1387 2512 aliquo
1418 2475 1468 2502 ex
1498 2459 1650 2502 Pasto-

79 2526 209 2579 ribus,
261 2528 431 2570 nomine
472 2530 606 2571 totius
648 2530 925 2584 Presbyterii,
970 2545 1113 2572 coram
1153 2531 1260 2572 facie
1303 2531 1531 2584 Ecclesiae,
1574 2547 1650 2585 per

81 2598 351 2653 χειροθεσίαν,
383 2616 456 2643 seu
485 2616 687 2643 :manuum
717 2602 1050 2655 impositionem,
1082 2602 1103 2642 1
1137 2601 1245 2642 Tim.
1276 2601 1314 2653 5,
1343 2602 1406 2642 22.

133 2671 332 2714 XXXIV.
372 2672 450 2715 Jus
490 2673 596 2714 illud
635 2673 837 2715 Pastores
870 2673 1067 2727 eligendi,
1098 2687 1260 2724 suoque
1290 2672 1493 2726 suffragio
1524 2672 1649 2715 Pres-

79 2741 237 2796 byterii
281 2743 330 2785 de
369 2743 621 2786 Pastoribus
661 2744 868 2798 eligendis
904 2744 1122 2798 judicium,
1162 2746 1235 2785 aut
1266 2743 1544 2797 approbandi,
1575 2747 1649 2786 aut

79 2813 363 2867 improbandi,
415 2815 607 2857 Ecclesia
657 2815 876 2869 primitiva
932 2813 1179 2868 aliquandiu
1234 2814 1287 2855 ab
1339 2813 1650 2867 Apostolorum

80 2887 220 2927 aetate
248 2886 438 2938 retinuit,
467 2889 516 2928 ut
545 2888 665 2940 patet
696 2901 746 2928 ex
770 2886 852 2928 hoc
869 2886 1073 2940 Cypriani
1088 2886 1337 2930 testimonio
1353 2887 1444 2930 Lib.
1462 2888 1593 2942 1.Ep.
1611 2889 1648 2930 4.

24 2996 27 2999 ,
80 2952 241 2997 Plebs
278 2956 505 2998 maxime
544 2956 710 2999 habet
749 2960 1111 3011 potestatem,
1151 2958 1236 2999 vel
1266 2957 1512 3011 eligendi
1541 2959 1649 3012 dig-

1471 3032 1508 3057 30
