1931 3224
279 124 358 165 482
877 120 1120 162 DISPUTATIO
1148 118 1300 161 XLIII.

279 249 414 299 atur,
454 259 549 287 nec
585 245 779 286 debere
820 243 1035 286 excludi
1074 257 1284 285 sensum
1319 241 1587 294 audiendi,
1622 256 1734 283 cum
1763 255 1843 283 ex-

280 316 685 360 cellentissima
724 315 958 357 omnium
997 314 1276 368 signorum
1315 313 1437 365 sint,
1476 328 1533 355 ea
1572 327 1706 365 quae
1742 312 1846 354 hoc

279 403 434 431 sensu
485 387 889 442 percipiuntur.
934 385 1017 436 Qui
1062 386 1181 427 litem
1222 384 1391 427 Christo
1434 384 1647 426 intentare
1686 383 1844 435 debuit,

280 460 447 512 quando
469 459 514 500 in
540 458 905 500 excellentissimis
930 457 1214 500 Sacramentis
1239 457 1453 511 Baptismi
1477 459 1519 498 et
1533 455 1844 508 Eucharistiae,

275 530 507 584 ignobilius
547 530 767 583 signorum
807 544 939 584 genus
979 529 1111 583 eligit,
1153 543 1307 582 nempe
1336 528 1515 579 visibile,
1543 528 1689 581 potius
1719 541 1846 580 quam

279 601 392 654 quod
430 601 577 642 auditu
614 601 869 656 percipitur3
910 601 996 642 imo
1028 599 1215 642 Concilio
1247 614 1322 641 suo
1351 598 1516 641 Niceno
1546 598 1743 650 secundo,
1774 597 1847 651 qui

275 672 404 714 toties
445 672 552 714 illud
593 672 842 726 ingeminat,
882 671 1068 726 Imago
1107 671 1301 714 melior
1340 673 1421 713 est
1451 685 1603 723 quam
1643 668 1845 711 oratio:

275 744 378 786 illud
406 744 535 786 etiam
565 744 723 786 Poetae
752 759 975 798 usurpans,
1005 743 1238 797 Segnius
1265 742 1505 784 irritant
1533 741 1742 783 animos
1768 740 1847 782 de-

276 816 440 857 missa
478 831 573 869 per
611 830 674 857 au
686 830 782 865 res,
814 818 892 857 etc.
922 830 1090 857 sensum
1118 817 1263 856 tamen
1292 813 1461 855 auditus
1490 813 1534 854 in
1563 812 1848 855 Sacramentis

274 902 361 929 non
391 887 663 939 excludimus,
691 888 763 929 sed
785 888 915 929 verba
941 888 1095 940 quibus
1121 887 1290 928 auditus
1315 886 1575 928 necessarius
1601 887 1674 937 est,
1701 884 1847 926 visibi-

274 959 385 1001 libus
417 960 635 1001 elementis
666 959 822 1011 addita,
855 958 1178 1001 Sacramentum
1208 958 1466 1001 constituere
1496 957 1771 1000 ostendimus.

330 1030 422 1073 XX.
465 1031 592 1073 Actio
637 1033 700 1072 est
742 1031 849 1072 ritus
892 1046 916 1072 a
958 1031 1050 1073 Deo
1093 1031 1328 1083 institutus,
1367 1032 1460 1071 tum
1489 1045 1514 1071 a
1540 1028 1738 1070 Ministro
1767 1028 1849 1070 Dei

278 1103 389 1144 vices
419 1105 584 1156 agente,
608 1104 701 1143 tum
730 1117 753 1143 a
778 1102 892 1144 fideli
911 1103 1175 1155 percipiente
1200 1101 1506 1151 observandus;
1534 1114 1642 1153 quae
1665 1102 1713 1141 ut
1737 1099 1850 1152 signi

277 1176 443 1229 partem
471 1174 587 1226 facit,
617 1177 791 1216 externa
820 1176 989 1215 tantum
1018 1177 1093 1226 est,
1124 1189 1223 1216 nam
1247 1174 1358 1216 actio
1376 1173 1544 1214 interna
1559 1187 1645 1214 non
1661 1171 1714 1213 ad
1728 1171 1847 1223 ritus,

279 1246 539 1288 ceremonias
568 1248 609 1288 et
634 1246 767 1299 signa,
795 1245 866 1287 sed
888 1246 940 1287 ad
955 1245 1016 1287 rei
1033 1245 1298 1299 significatae
1314 1244 1633 1298 perceptionem
1648 1244 1848 1296 pertinet.

278 1316 473 1370 Utraque
503 1331 605 1370 ergo
635 1316 757 1369 signa
784 1317 828 1357 in
859 1319 1055 1359 externos
1080 1331 1225 1358 sensus
1241 1316 1513 1367 incurrentia,
1529 1314 1662 1357 menti
1677 1316 1850 1356 nostrae

277 1403 344 1430 res
369 1388 472 1429 alias
500 1388 627 1441 plane
658 1387 903 1441 spirituales
933 1390 974 1429 et
1000 1388 1203 1429 coelestes
1227 1388 1440 1440 ingerunt,
1465 1386 1850 1440 intelligendasque

280 1461 321 1500 et
350 1474 427 1512 per
453 1459 579 1500 fidem
610 1459 908 1512 obsignandas,
939 1462 1201 1513 proponunt.

330 1530 447 1572 XXI.
477 1530 561 1572 Res
592 1533 733 1572 autem
762 1531 860 1573 illae
889 1534 1000 1584 sunt,
1026 1531 1218 1573 Christus
1242 1531 1347 1585 ipse,
1374 1545 1470 1572 cum
1494 1530 1689 1572 omnibus
1714 1530 1849 1583 ipsius

278 1603 494 1645 beneficiis
521 1603 645 1645 nobis
675 1618 750 1658 per
778 1603 907 1645 fidem
936 1603 1213 1658 applicandis.
1243 1603 1323 1645 Est
1350 1602 1463 1644 enim
1489 1601 1682 1643 Christus
1696 1602 1740 1643 in
1754 1601 1849 1644 uni-

278 1689 446 1715 versum
489 1690 555 1716 res
595 1674 872 1727 Sacramenti,
902 1675 1067 1717 ratione
1096 1688 1376 1730 personae,
1408 1673 1507 1726 quia
1537 1675 1654 1715 totus
1686 1673 1850 1714 animae

277 1745 392 1786 fideli
431 1745 667 1798 exhibetur,
698 1747 750 1788 ad
778 1746 1043 1801 spiritualem
1073 1746 1283 1796 notvcovlocv3
1339 1747 1380 1787 et
1424 1744 1590 1786 ratione
1652 1743 1851 1796 meriti,

280 1817 379 1869 quia
418 1816 715 1870 Sacramentis,
743 1820 895 1861 mortis
925 1818 1097 1869 Christi,
1129 1833 1205 1871 per
1235 1832 1363 1870 quam
1391 1816 1515 1858 nobis
1544 1816 1678 1857 vitam
1707 1815 1853 1868 acqui-

279 1888 391 1940 sivit,
415 1888 572 1930 veritas
598 1891 639 1931 et
665 1889 852 1931 efficacia
874 1890 1132 1944 proponitur
1157 1891 1199 1931 et
1215 1888 1509 1938 confirmatur,
1526 1887 1622 1929 inde
1637 1886 1744 1939 fluit,
1761 1901 1851 1928 om-

277 1960 396 2002 nium
423 1961 824 2003 beneficiorum
854 1961 1011 2004 Christi
1034 1961 1375 2012 communicatio,
1397 1959 1663 2013 justitiae
1687 1972 1851 2011 nempe,

279 2032 603 2086 sapientiae,
648 2033 1145 2085 sanctificationis,
1188 2030 1606 2085 redemptionis,
1651 2029 1703 2070 ad
1745 2043 1852 2082 quae

280 2103 422 2156 capita
460 2107 713 2146 revocantur
742 2121 766 2147 a
795 2104 928 2146 Paulo
960 2105 981 2146 1
1015 2103 1108 2146 Cor.
1141 2105 1175 2155 1,
1206 2104 1270 2145 30.
1303 2103 1505 2153 Quamvis
1535 2104 1678 2143 autem
1708 2099 1852 2142 Chris-

278 2177 360 2227 tus,
403 2190 549 2217 verum
594 2178 635 2217 et
677 2176 872 2217 naturale
911 2190 1064 2229 corpus
1103 2175 1340 2227 retinuerit,
1376 2174 1529 2216 merito
1559 2172 1851 2224 nihilominus,

278 2261 344 2288 res
387 2247 622 2300 spiritualis
666 2250 708 2290 et
750 2248 944 2290 coelestis
987 2248 1032 2289 in
1071 2247 1346 2290 Sacramento
1388 2246 1641 2301 significata,
1674 2243 1852 2285 dicitur:

280 2319 379 2371 quia
408 2319 452 2360 in
479 2319 562 2361 illis
594 2320 810 2373 mysteriis
841 2321 1109 2375 proponitur,
1138 2335 1224 2362 non
1254 2319 1444 2374 corporis
1474 2317 1666 2360 sensibus
1697 2317 1738 2357 et
1759 2329 1852 2357 cor-

278 2405 410 2444 poreo
441 2391 580 2442 modo,
610 2391 684 2432 sed
712 2393 852 2433 mente
878 2392 1240 2445 contemplandus,
1272 2394 1314 2433 et
1339 2390 1438 2432 fidei
1462 2405 1591 2431 manu
1615 2387 1852 2443 apprehen-

280 2462 459 2513 dendus3
489 2462 600 2504 unde
628 2465 749 2516 patet
777 2464 1016 2506 differentia
1043 2463 1154 2505 inter
1175 2464 1354 2519 ¹signum
1383 2465 1425 2505 et
1453 2477 1541 2504 rem
1564 2461 1788 2514 signatam.

332 2532 470 2575 XXII.
500 2532 657 2575 Forma
687 2533 950 2576 Sacramenti
979 2537 1188 2587 quatenus
1217 2534 1327 2576 actio
1354 2548 1484 2584 sacra,
1502 2548 1552 2575 ex
1566 2533 1659 2587 ipsa
1672 2532 1850 2582 actione,

279 2607 372 2646 tum
413 2604 495 2646 Dei
537 2605 662 2646 simul
702 2608 743 2647 et
784 2605 973 2659 Ministri
1014 2606 1228 2648 offerentis
1268 2608 1309 2647 et
1338 2605 1492 2656 dantis,
1530 2607 1622 2646 tum
1651 2604 1849 2655 hominis,

280 2676 421 2717 animo
462 2676 590 2728 simul
628 2679 670 2718 et
710 2692 887 2731 corpore
916 2678 1174 2731 recipientis,
1205 2677 1404 2727 resultat3
1436 2677 1508 2719 sed
1539 2678 1747 2729 quatenus
1775 2674 1852 2717 Sa-

281 2749 544 2789 cramentum
581 2738 871 2790 consideratur
911 2749 955 2790 in
984 2748 1210 2802 Categoria
1241 2748 1472 2800 relationis,
1502 2747 1640 2789 forma
1669 2748 1758 2800 ejus
1786 2746 1852 2788 in-

280 2821 401 2860 terna
441 2820 483 2860 et
513 2820 702 2873 propria,
734 2823 797 2862 est
827 2819 1116 2875 pulcherrima
1145 2820 1216 2862 illa
1245 2820 1451 2872 ἀναλογία
1484 2821 1525 2860 et
1557 2818 1700 2872 σχέσις
1739 2817 1852 2872 signi

282 2890 334 2930 ad
370 2904 460 2931 rem
498 2890 725 2943 signatam,
767 2894 808 2933 et
841 2895 990 2934 mutua
1018 2894 1143 2935 unius
1174 2893 1227 2935 ad
1256 2892 1439 2934 alterum
1466 2890 1642 2941 relati03
1673 2903 1852 2943 quarum

281 2960 353 3002 illa
390 2961 434 3002 in
476 2962 795 3016 comparatione
827 2966 869 3004 et
898 2963 1178 3006 similitudine
1209 2963 1446 3016 effectuum,
1475 2962 1580 3004 haec
1608 2961 1653 3003 in
1682 2960 1852 3003 ordina—

1914 501 1931 603 ἒ
