1931 3224
291 136 370 176 668
897 136 1138 178 DISPUTATIO
1168 136 1255 179 LII.

296 262 392 300 bum
429 274 480 300 ex
515 259 648 300 nihilo
688 259 882 319 conditus
921 262 996 314 est,
1032 260 1094 302 ita
1133 275 1304 314 quoque
1342 277 1418 304 suo
1456 265 1573 318 temp
1579 279 1650 307 ore
1686 281 1853 309 rursum

229 362 236 376 ,
290 330 573 381 interiturum,
613 331 970 383 quemadmodum
998 331 1141 386 Proph
1149 335 1216 375 eta
1244 333 1436 386 loquitur
1464 333 1533 377 Ps.
1563 336 1652 389 102,
1682 338 1745 380 26.
1780 338 1814 380 Τ
1825 355 1853 381 11

290 401 470 453 initio,
513 401 750 453 Domine,
792 404 996 444 terram
1032 402 1283 445 fundasti
1321 407 1371 447 et
1410 420 1574 459 opera
1610 422 1853 451 manuum

290 474 502 513 tuarum
544 475 668 514 sunt
708 473 869 525 coeli,
908 474 1018 527 ipsi
1051 475 1332 528 peribunt,
1362 478 1419 517 tu
1446 479 1625 520 autem
1653 494 1854 533 perma-

289 558 390 595 nes,
421 546 472 585 et
497 558 675 586 omnes
706 545 848 586 sicut
876 547 1269 588 vestimentum
1297 550 1662 602 veterascent,
1690 552 1733 592 et
1756 551 1854 593 sic-

288 617 344 656 ut
376 615 756 657 indumentum
787 617 1026 659 mutabis
1052 632 1150 670 eos,
1177 620 1229 659 et
1253 619 1624 662 mutabuntur.
1650 621 1708 663 Et
1733 621 1854 664 Chri-

290 688 380 728 stus
422 685 519 728 Luc.
563 687 626 739 21,
670 688 734 728 33.
778 687 995 729 Coelum
1039 691 1089 730 et
1130 691 1276 731 terra
1318 690 1655 745 transibunt,
1693 693 1856 736 verba

291 759 468 799 autem
495 773 606 800 inea
633 773 737 800 non
765 759 1173 812 praeteribunt.
1460 771 1476 786 ²

341 827 450 870 LVI.
480 828 616 871 Sicuti
644 844 743 871 vero
772 830 921 872 mundi
950 830 1104 883 aliquis
1133 831 1330 874 interitus
1359 847 1436 886 per
1464 848 1671 887 aquarum
1702 834 1852 876 diluvi-

288 915 361 941 um
389 900 627 953 antecessit,
657 901 718 943 ita
749 904 790 943 et
819 902 1018 944 ultimum
1044 903 1192 945 mundi
1220 903 1441 946 interitum
1469 920 1547 959 per
1570 905 1714 959 ignem
1739 905 1855 948 futu-

287 986 382 1012 rum
408 970 448 1013 S.
474 971 693 1026 Scriptura
716 975 920 1015 testatur:
946 974 1005 1016 sic
1028 974 1218 1027 loquitur
1241 975 1340 1018 Esa.
1364 977 1428 1028 66,
1450 977 1513 1019 15.
1538 977 1575 1019 Ε
1588 993 1609 1020 6
1620 993 1641 1020 0
1653 993 1674 1020 6
1697 978 1725 1021 J
1737 978 1798 1021 611
1810 994 1856 1021 o-

289 1057 351 1083 va
388 1057 500 1084 cum
536 1042 662 1096 igne
701 1046 962 1085 venturus
1004 1047 1105 1097 est,
1145 1048 1195 1087 et
1233 1047 1487 1089 curribus
1524 1048 1636 1090 suis
1669 1049 1856 1091 simili-

289 1113 384 1155 bus
408 1114 636 1167 turbini,
662 1115 724 1156 ad
747 1116 1077 1159 reddendum
1103 1133 1215 1160 611111
1242 1120 1703 1163 excandescentia
1721 1121 1856 1163 iram

290 1200 457 1237 suam,
489 1188 540 1227 et
565 1186 1007 1240 increpationem
1035 1204 1182 1231 suam
1211 1205 1322 1232 cum
1349 1191 1589 1234 flammis
1618 1192 1857 1235 ardenti-

289 1257 315 1299 b
328 1273 354 1298 11
365 1272 395 1299 s.
424 1257 482 1299 Et
509 1256 744 1311 Apostolus
771 1258 923 1300 Petrus
954 1260 974 1301 1
1006 1259 1097 1302 Pet.
1125 1261 1163 1312 3,
1188 1262 1223 1304 7.
1251 1262 1380 1304 etiam
1404 1263 1569 1316 61611116,
1596 1263 1631 1313 Q
1643 1264 1696 1305 ui
1719 1279 1748 1306 n
1757 1279 1785 1306 u
1795 1280 1823 1306 n
1836 1280 1857 1307 6

291 1331 416 1370 sunt
449 1329 590 1371 coeli
619 1332 669 1371 et
697 1332 847 1371 terra
876 1331 1058 1373 eodem
1087 1346 1332 1375 sermone
1361 1335 1611 1388 repositi,
1642 1349 1856 1377 servan-

288 1403 376 1442 tur
421 1401 537 1453 igni
579 1402 632 1442 in
679 1401 815 1443 diem
858 1402 1227 1446 damnationis
1271 1407 1321 1446 et
1364 1405 1526 1446 exitii
1568 1406 1855 1459 impiorum

288 1471 317 1512 h
330 1487 353 1513 0
365 1472 432 1513 mi
444 1487 471 1513 11
479 1487 507 1513 11
518 1487 560 1513 111
573 1487 582 1514 t
614 1473 751 1525 qualis
780 1488 880 1515 vero
909 1474 979 1516 hic
1008 1475 1155 1517 mundi
1183 1490 1260 1529 per
1287 1476 1432 1529 ignem
1461 1476 1660 1519 interitus
1688 1477 1856 1521 futurus

289 1544 356 1596 sit,
386 1558 472 1585 non
504 1545 702 1586 convenit
730 1545 842 1587 inter
871 1545 1129 1600 Theologos.

341 1614 472 1657 LVII.
502 1615 682 1657 Plurimi
722 1616 833 1658 enim
870 1617 1146 1670 arbitrantur,
1184 1633 1260 1672 per
1296 1618 1409 1661 hunc
1445 1619 1591 1661 mundi
1618 1619 1852 1670 interitum,

287 1686 395 1728 nihil
432 1687 546 1728 aliud
581 1702 707 1740 quam
739 1689 996 1741 qualitatum
1026 1690 1152 1743 hujus
1181 1691 1328 1732 mundi
1357 1692 1639 1734 mutationem
1665 1692 1856 1744 indicari,

290 1759 332 1798 et
356 1758 692 1801 vendicationem
717 1776 740 1801 a
766 1762 1050 1814 corruptionis
1075 1762 1291 1815 servitute,
1316 1778 1423 1816 quae
1447 1763 1492 1804 in
1515 1764 1671 1806 mundo
1693 1765 1783 1818 jam
1807 1780 1858 1806 ex

289 1831 463 1882 peccato
502 1833 578 1882 est,
608 1833 682 1872 aut
712 1832 841 1873 etiam
871 1848 922 1874 ex
951 1836 1087 1875 status
1118 1834 1313 1876 animalis
1341 1834 1564 1877 hominum
1592 1835 1730 1890 prima
1758 1850 1858 1878 con-

290 1901 450 1944 ditione
462 1917 471 1943 :
500 1902 627 1955 idque
657 1918 707 1945 ex
735 1904 839 1946 locis
870 1905 1044 1947 diversis
1075 1905 1332 1960 Scripturae,
1364 1921 1472 1960 quae
1501 1907 1632 1949 talem
1653 1908 1857 1950 mutatio-

288 1989 384 2016 nem
417 1976 585 2016 tantum
615 1975 810 2017 videntur
838 1977 1037 2029 indicare,
1068 1981 1116 2020 ut
1143 1979 1254 2021 Psal.
1285 1979 1374 2020 102.
1403 1979 1478 2021 ubi
1506 1993 1610 2022 voce
1637 1995 1680 2021 ni
1691 1981 1748 2021 ut
1760 1994 1784 2021 a
1793 1981 1811 2021 t
1821 1979 1857 2021 i-

290 2061 313 2088 o
326 2062 353 2087 n
364 2047 379 2088 i
390 2061 408 2088 6
450 2047 586 2088 utitur
629 2047 864 2102 Scriptura,
908 2051 968 2092 616
1004 2049 1164 2092 Paulus
1206 2051 1227 2092 1
1259 2050 1353 2093 Cor.
1384 2051 1420 2103 7,
1449 2051 1513 2093 31.
1544 2051 1659 2103 dicit,
1690 2057 1854 2105 σχῆμα,

287 2124 331 2165 id
356 2125 432 2175 est,
456 2123 696 2179 figuram
723 2125 1001 2164 externam
1024 2123 1184 2176 hujus
1210 2123 1389 2164 mundi
1414 2138 1510 2176 pra
1527 2123 1750 2175 eterire,
1776 2126 1817 2166 et
1832 2125 1857 2165 2

288 2194 379 2237 Pet.
403 2195 441 2246 3,
456 2195 493 2236 6.
509 2190 657 2236 mundi
672 2194 781 2236 hanc
795 2194 990 2235 ultimam
1005 2194 1299 2246 mutationem,
1317 2209 1411 2235 611111
1425 2194 1604 2235 interitu
1619 2194 1763 2236 mundi
1779 2210 1857 2248 per

288 2281 420 2319 aquas
446 2268 666 2320 comparat
679 2282 687 2317 ;
714 2280 822 2319 quae
848 2266 1113 2319 comparatio
1136 2265 1253 2307 nulla
1278 2268 1353 2317 est,
1377 2266 1412 2307 si
1435 2265 1615 2307 mundus
1639 2265 1709 2308 hic
1728 2265 1855 2319 plane

287 2337 342 2381 sit
358 2339 602 2381 abolendus.
618 2338 834 2393 Imprimis
850 2353 951 2380 vero
969 2338 1021 2380 ab
1037 2338 1186 2380 iisdem
1202 2340 1380 2391 urgetur
1390 2338 1507 2380 locus
1517 2337 1719 2380 notabilis
1730 2337 1854 2380 Rom.

286 2413 324 2464 8,
355 2413 416 2454 19.
446 2411 519 2453 ubi
546 2411 782 2465 Apostolus
814 2410 978 2462 asserit,
1010 2425 1031 2452 c
1042 2425 1063 2451 r
1075 2425 1096 2452 6
1108 2425 1132 2452 6
1143 2412 1161 2452 t
1174 2425 1202 2451 11
1212 2425 1233 2451 r
1244 2425 1268 2452 a
1279 2425 1334 2460 m,
1361 2409 1452 2463 (seu
1482 2410 1687 2451 mundum
1711 2409 1855 2452 condi—

286 2487 390 2535 tum,
434 2485 480 2524 ut
522 2482 635 2524 Beza
677 2481 823 2535 vertit)
869 2485 1084 2524 exserto
1131 2482 1315 2536 capite
1358 2482 1654 2524 observare
1693 2482 1855 2534 atque

288 2556 611 2609 exspectare
649 2553 1049 2595 revelationem
1077 2553 1327 2595 filiorum
1355 2553 1475 2595 Dei:
1504 2555 1555 2595 et
1585 2567 1754 2595 causam
1781 2552 1854 2595 ad-

288 2626 363 2679 dit,
378 2641 495 2668 nam
518 2626 759 2680 vanitati
785 2628 1041 2667 creatura
1065 2625 1317 2678 subjecta
1342 2627 1433 2677 est,
1458 2639 1560 2667 non
1587 2640 1679 2667 sua
1703 2639 1854 2680 spon-

287 2700 360 2749 te,
398 2698 488 2739 sed
525 2699 754 2752 propter
794 2712 907 2739 611111
936 2697 1026 2750 qui
1056 2696 1299 2750 subjecit
1331 2711 1438 2738 eam
1465 2696 1562 2738 isti
1591 2695 1853 2748 vanitati,

288 2769 382 2811 sub
412 2784 503 2823 spe
533 2769 674 2822 quod
705 2771 756 2811 et
784 2769 904 2822 ipsa
931 2767 1320 2810 vendicabitur
1351 2782 1411 2809 ex
1439 2767 1713 2809 servitute
1743 2781 1853 2809 cor-

287 2840 567 2895 ruptionis
604 2841 655 2882 in
692 2840 769 2881 lib
784 2842 1017 2881 ertatem
1056 2838 1308 2881 filiorum
1338 2839 1450 2889 Dei,
1481 2841 1557 2881 etc.
1588 2852 1696 2891 quae
1723 2838 1853 2880 verba

289 2927 454 2965 quocun
461 2927 542 2965 que
566 2912 691 2954 modo
716 2913 948 2962 versentur,
975 2925 1060 2952 non
1085 2913 1265 2964 possunt
1290 2910 1413 2952 aliter
1438 2925 1564 2963 quam
1579 2909 1628 2951 de
1644 2925 1851 2964 compage

287 2983 413 3037 hujus
452 2983 598 3026 mundi
635 2983 830 3035 visibilis,
867 2982 939 3034 qui
975 2984 1152 3035 propter
1190 2982 1412 3033 peccatum
1441 2979 1625 3022 hominis
1655 2981 1851 3022 servituti
