1931 3224
698 131 760 173 Du
789 131 1101 173 Rmsmscmm.
1595 136 1672 176 327

119 256 176 297 ris
213 256 409 308 hominis,
449 259 491 298 et
527 257 853 299 vivificationem
894 257 994 299 novi
1031 272 1336 310 nonnunquam
1366 258 1674 312 intelliguntur.

170 327 366 370 XXXIV.
404 328 499 371 Etsi
538 343 636 370 vero
668 329 829 371 duabus
857 329 973 370 hisce
1002 328 1210 381 partibus,
1241 344 1315 371 seu
1344 332 1550 383 terminiS,
1581 335 1675 374 tota

117 400 404 442 conversionis
444 404 597 442 natura
636 401 908 454 exprimatur,
946 403 1088 442 tamen
1128 400 1298 453 utrique
1337 402 1450 454 parti
1479 403 1675 456 proprie-

116 475 227 514 tates
257 472 463 525 quaedam
493 471 714 525 adjunctae
743 474 852 523 sunt,
883 472 971 513 sine
997 471 1149 524 quibus
1173 471 1464 525 resipiscentia
1488 488 1574 515 non
1599 477 1674 516 est.

168 542 345 585 XXXV.
383 543 609 584 Aversioni
646 558 670 584 a
707 543 819 584 malo
863 544 1112 596 conjunctus
1155 546 1218 584 est
1259 543 1379 585 dolor
1417 545 1559 597 animi,
1603 548 1675 598 qui

116 615 316 656 contritio
369 616 410 655 et
461 614 628 656 attritio
680 629 703 655 a
745 613 958 655 nonnullis
1001 615 1263 668 appellatur;
1311 617 1575 658 conversioni
1623 619 1676 659 ad

114 686 286 736 bonum,
325 700 421 740 spes
459 686 605 727 veniae
644 689 685 727 et
724 686 925 740 gaudium
945 687 1096 738 animi,
1128 687 1240 739 quod
1268 687 1337 728 via
1366 703 1497 741 prava
1528 688 1675 730 relicta

114 757 167 799 ad
204 759 365 799 rectam
402 757 600 798 transitio
640 757 696 798 sit
734 760 858 799 facta.
897 756 1068 799 Verus
1109 758 1245 799 enim
1283 760 1574 812 poenitens
1615 761 1673 802 de

113 829 359 882 peccatis
389 829 557 881 dolet,
590 829 730 871 etde
762 829 950 870 dolore
980 830 1194 882 gaudet.

165 900 363 943 XXXVI.
401 900 534 942 Dolor
570 901 642 942 ille
680 901 732 942 ab
771 901 981 954 Apostolo
1011 901 1146 943 Paulo
1179 903 1202 943 2
1232 902 1325 944 Cor.
1358 905 1392 954 7,
1424 905 1486 945 10.
1518 904 1672 957 duplex

112 973 327 1024 statuitur,
358 973 513 1015 dolor
541 973 720 1015 mundi
751 972 842 1025 qui
871 976 1095 1015 mortem
1125 977 1408 1027 operatur,
1440 978 1490 1017 et
1519 976 1674 1018 dolor

112 1044 400 1086 secundum
452 1043 636 1096 Deum,
689 1045 779 1096 qui
831 1044 1280 1097 resipiscentiam
1334 1047 1395 1087 ad
1437 1047 1672 1089 salutem

111 1114 311 1156 efficit.

162 1184 382 1227 XXXVII.
420 1186 591 1228 Dolor
627 1187 808 1228 mundi
847 1190 921 1240 est,
965 1188 1132 1240 quando
1170 1192 1369 1242 peccator
1407 1189 1456 1231 de
1496 1192 1671 1243 peccato

109 1257 291 1300 admisso
332 1258 501 1311 quidem
539 1259 663 1311 dolet,
705 1259 777 1301 sed
808 1259 862 1300 ob
893 1274 1037 1301 causas
1069 1262 1247 1313 propter
1276 1275 1379 1312 quas
1407 1263 1448 1302 et
1478 1261 1670 1302 homines

108 1329 310 1371 mundani
340 1329 480 1372 dolere
509 1330 580 1372 hic
603 1331 753 1372 solent.
781 1330 925 1380 Qualis
953 1333 1015 1372 est
1039 1331 1300 1384 ignominiae
1324 1334 1398 1373 aut
1423 1347 1669 1386 poenarum,

111 1404 184 1444 aut
213 1402 496 1444 conscientiae
524 1402 660 1456 legale
687 1403 904 1455 judicium,
936 1418 986 1444 ex
1017 1404 1417 1446 comminationibus
1448 1405 1669 1458 legalibus,

110 1475 152 1514 et
190 1488 334 1515 earum
370 1474 478 1516 seria
516 1475 856 1528 apprehensione
895 1475 1146 1528 profectum,
1178 1476 1300 1517 Rom.
1331 1477 1366 1528 2,
1397 1477 1433 1518 5.
1466 1479 1507 1518 et
1534 1478 1571 1528 4,
1605 1478 1665 1518 15.

108 1543 176 1586 Ex
212 1544 298 1586 hox
338 1545 493 1597 dolore,
534 1545 570 1587 si
599 1546 777 1587 ulterius
806 1560 891 1587 non
921 1547 1137 1600 procedat,
1168 1547 1233 1588 vel
1263 1547 1524 1599 absorbetur,
1556 1551 1597 1590 et
1627 1549 1670 1590 in

109 1615 447 1670 desperationem
489 1617 574 1658 ruit
617 1619 828 1670 peccator,
873 1617 981 1659 sicut
1022 1618 1065 1658 in
1104 1618 1216 1660 Juda
1254 1619 1473 1672 proditore
1513 1618 1669 1661 Christi

108 1687 317 1737 videmus3
348 1688 424 1740 vel,
456 1689 492 1729 si
523 1688 714 1730 dolorem
742 1688 861 1730 illum
893 1689 1083 1731 evincere
1111 1692 1267 1743 potest,
1296 1693 1495 1743 peccator
1524 1691 1576 1732 ad
1605 1691 1668 1732 in-

107 1759 280 1811 genium
309 1759 431 1811 redit,
462 1762 509 1801 ut
540 1760 733 1813 exemplo
765 1760 929 1802 Achabi
958 1761 1229 1802 manifestum
1260 1764 1334 1803 est.

159 1829 399 1873 XXXVIII.
452 1830 622 1873 Dolor
664 1847 763 1874 vero
808 1833 1044 1874 secundu
1055 1848 1097 1874 m
1142 1833 1329 1882 Deum,
1374 1847 1459 1875 non
1501 1836 1669 1876 tantum

107 1902 258 1944 effectu
297 1917 321 1944 a
359 1902 503 1945 dolore
540 1903 687 1945 mundi
726 1903 1014 1957 distinguitur,
1053 1906 1101 1945 ut
1130 1904 1364 1957 Apostolus
1393 1906 1667 1947 antecedente

105 1973 200 2015 loco
229 1975 363 2022 notat,
394 1974 467 2015 sed
497 1974 626 2016 etiam
653 1976 817 2026 natura,
850 1975 949 2028 quia
982 1990 1068 2017 non
1102 1975 1238 2017 solum
1273 1991 1322 2017 ex
1362 1977 1539 2017 caritate
1572 1992 1668 2029 pro-

105 2043 169 2085 ria
197 2046 238 2085 et
265 2046 382 2086 metu
409 2059 571 2098 poenae
600 2046 800 2099 nascitur,
832 2047 905 2088 sed
930 2062 1025 2088 cum
1050 2047 1146 2089 odio
1174 2051 1216 2089 et
1241 2048 1508 2101 displicentia
1532 2048 1666 2101 ipsius

104 2115 270 2168 peccati
308 2116 557 2168 conjunctus
596 2119 670 2168 est,
708 2117 830 2159 Rom.
863 2119 897 2170 7,
930 2118 991 2159 15.
1024 2121 1101 2160 etc.
1132 2121 1175 2160 et
1203 2134 1297 2161 cum
1325 2120 1485 2174 pudore
1516 2120 1665 2162 offensi

104 2187 198 2239 Dei,
239 2202 363 2239 quem
400 2189 490 2240 J'am
527 2191 575 2229 ut
613 2188 845 2242 benignum
873 2193 1039 2243 patrem
1068 2206 1143 2244 per
1172 2191 1298 2233 fidem
1326 2192 1481 2233 intueri
1512 2192 1663 2245 incipi-

104 2273 209 2311 mus,
239 2261 287 2300 ut
316 2274 366 2301 ex
395 2259 517 2301 Rom.
545 2261 581 2312 9,
612 2261 675 2302 21.
707 2263 748 2303 et
779 2262 972 2315 exemplo
1004 2261 1192 2314 Davidis,
1222 2263 1351 2315 Petri,
1382 2279 1430 2305 ac
1459 2264 1665 2316 parabola

103 2331 182 2372 filii
210 2331 382 2384 prodigi
410 2334 541 2384 patet.

156 2401 352 2445 XXXIX.
394 2402 670 2446 Conversioni
705 2405 757 2446 ad
795 2404 934 2447 Deum
964 2406 1190 2458 conjuncta
1221 2408 1283 2448 est
1313 2407 1569 2460 approbatio
1601 2407 1663 2448 di-

103 2473 224 2515 vinae
262 2474 401 2528 Legis,
439 2474 561 2517 Rom.
602 2476 639 2527 6,
680 2477 741 2518 16.
781 2478 821 2518 et
861 2477 1092 2519 oblectatio
1132 2478 1174 2518 in
1215 2478 1356 2519 studio
1396 2479 1497 2531 ejus,
1528 2479 1594 2520 Ps.
1626 2480 1659 2520 1.

104 2547 145 2587 et
187 2547 274 2588 119.
317 2561 412 2601 spes
451 2548 596 2589 veniae
637 2563 688 2589 ex
723 2548 1077 2601 promissionibus
1118 2548 1386 2602 Evangelicis
1424 2565 1501 2603 per
1538 2550 1663 2592 fidem

103 2617 379 2671 apprehensis
409 2620 626 2671 concepta,
656 2619 723 2660 Ps.
757 2621 844 2671 130,
872 2621 910 2661 4.
943 2623 983 2662 et
1014 2620 1249 2662 consolatio
1279 2621 1459 2674 denique
1486 2637 1534 2663 ac
1557 2637 1662 2675 gau-

103 2689 218 2731 dium
247 2689 483 2743 spirituale,
513 2690 639 2742 quia
669 2690 883 2732 caritas
912 2691 1011 2733 Dei
1041 2691 1383 2733 diffunditur
1412 2691 1465 2733 in
1494 2692 1663 2734 cordi-

101 2762 197 2803 bus
241 2761 449 2803 nostris
494 2777 587 2814 per
628 2761 898 2816 Spiritum
941 2763 1199 2806 Sanctum
1245 2763 1335 2816 qui
1380 2764 1537 2805 datus
1582 2767 1663 2806 est

101 2832 282 2884 nobis,
311 2832 433 2874 Rom.
464 2835 502 2884 5,
532 2834 566 2874 2.
598 2835 640 2874 et
668 2833 705 2874 5.
734 2833 838 2876 item
867 2835 929 2886 13,
961 2835 1022 2876 17.

153 2901 240 2944 XL.
270 2902 336 2944 Ex
364 2904 416 2945 iis
446 2919 553 2956 quae
580 2903 783 2947 hactenus
812 2905 924 2947 dicta
952 2907 1060 2957 sunt,
1091 2908 1211 2959 patet
1240 2906 1396 2948 solutio
1429 2907 1480 2949 ad
1510 2922 1660 2961 quaes-

101 2973 261 3015 tionem
299 2974 402 3016 satis
441 2975 670 3027 difficilem,
708 2976 752 3016 in
782 2977 899 3028 cujus
929 2977 1213 3030 explicatione
1246 2977 1416 3030 quidam
1446 2979 1660 3022 Ecclesiae
