1931 3224
436 176 500 218 DE
529 176 851 218 JUSTIFICATIONE
881 176 1057 218 H0M1N1s
1087 191 1212 218 CORAM
1241 177 1341 218 ΒΕΘ.
1587 178 1665 218 333

107 302 248 342 motus
286 300 368 341 fuit
405 301 457 342 ad
495 302 632 343 nostri
663 301 1023 354 justificationem,
1054 303 1117 343 est
1146 300 1372 354 peculiaris
1402 300 1481 342 Dei
1511 302 1663 354 gratia,

105 372 407 424 misericordia,
460 371 764 426 φιλανθρωπία,
808 373 962 414 caritas
1001 387 1074 414 seu
1112 372 1282 414 dilectio
1322 371 1415 424 Dei,
1444 374 1553 413 tum
1582 387 1665 425 qua

105 441 436 496 Redemptorem
467 444 592 496 dedit,
620 444 718 486 Joh.
748 446 786 496 3,
816 445 877 486 16.
903 444 1025 486 Rom.
1050 444 1086 496 5,
1113 444 1148 485 8.
1175 445 1212 485 9.
1239 443 1322 485 Tit.
1348 445 1384 495 2,
1410 445 1472 485 11.
1499 447 1540 485 et
1563 445 1601 495 3,
1624 445 1663 485 4.

107 516 148 554 et
184 514 229 555 in
266 517 446 556 mortem
485 515 536 556 ad
569 517 782 568 justitiam
813 519 855 557 et
878 515 1227 568 justificationem
1256 518 1448 557 nostram
1476 515 1663 567 tradidit,

105 583 228 625 Rom.
265 585 302 636 4,
341 586 403 626 25.
443 585 570 626 Tum
612 601 694 639 qua
729 587 845 628 illam
883 586 983 628 Filii
1023 588 1086 628 sui
1125 586 1410 628 obedientiam
1443 587 1563 627 extra
1586 599 1663 625 nos

106 657 286 709 quidem,
332 658 404 699 sed
445 673 523 711 pro
567 658 690 700 nobis
734 658 998 712 praestitam,
1038 660 1176 699 ratam
1217 659 1257 698 et
1295 659 1462 710 gratam
1500 655 1663 708 habuit,

103 727 217 781 Eph.
246 729 281 780 5,
308 729 343 769 2.
369 743 452 781 quo
476 731 659 782 utroque
684 732 879 782 respectu
903 744 981 770 nos
1007 727 1300 770 reconciliasse
1326 727 1406 768 sibi
1429 727 1473 768 in
1498 725 1666 768 Christo

105 799 270 851 dicitur,
300 801 323 841 2
354 799 446 842 Cor.
477 801 513 851 5,
545 801 606 841 18.
636 800 709 841 Tu
720 815 763 841 111
792 800 1023 852 denique
1053 814 1135 851 qua
1161 814 1253 840 eam
1277 799 1505 840 secundum
1530 800 1665 838 aeter-

102 886 204 912 num
244 886 365 912 suum
397 871 609 913 decretum
640 871 878 922 destinavit,
909 873 950 912 et
978 885 1055 923 per
1085 869 1294 923 Spiritum
1324 884 1447 911 suum
1476 868 1558 910 fide
1588 884 1663 921 ap-

102 940 234 993 plicat
264 941 406 983 electis
435 942 520 983 suis
549 941 672 983 Rom.
702 943 739 993 8,
768 943 831 983 30.

155 1011 251 1053 XII.
279 1012 404 1054 Unde
427 1012 654 1065 justificari
682 1027 759 1054 nos
790 1013 988 1065 gratis,
1018 1028 1111 1053 sua
1143 1012 1345 1065 gratia,
1370 1011 1512 1053 Rom.
1537 1013 1574 1063 3,
1598 1012 1662 1053 24.

102 1083 220 1136 ipse
244 1086 473 1136 propter
498 1099 549 1125 se
574 1084 755 1126 delere
779 1084 1115 1137 iniquitates
1140 1085 1381 1135 nostras,
1407 1084 1503 1125 Esa.
1519 1085 1584 1135 43,
1601 1085 1663 1136 25,

104 1154 242 1207 apud
283 1155 457 1207 ipsum
500 1170 617 1197 esse
653 1155 1139 1208 propitiationem,
1178 1155 1245 1196 Ps.
1285 1156 1374 1207 130,
1411 1156 1448 1197 4.
1487 1156 1666 1209 ipsaque

100 1224 237 1265 nostri
274 1224 547 1277 Justificatio,
577 1225 657 1268 Dei
689 1226 809 1279 χάρις
842 1229 884 1268 et
917 1226 1125 1280 χοὲρισμοι,
1162 1227 1344 1280 gratia
1373 1229 1415 1268 et
1444 1227 1664 1280 gratifi-

103 1296 269 1347 catio,
313 1298 436 1350 δῶρον,
470 1298 607 1350 δωρεαὶ,
643 1300 684 1340 et
717 1298 893 1351 δώρημα,
933 1299 1128 1340 donum
1168 1301 1218 1340 et
1258 1298 1507 1349 donatio,
1537 1298 1664 1351 idque

102 1369 139 1409 ἐν
156 1367 308 1421 χάριτι,
326 1382 420 1420 per
444 1369 701 1422 gratiam,
727 1385 800 1411 seu
824 1370 1128 1412 liberalitatem
1154 1384 1287 1421 suam,
1311 1368 1434 1411 Rom.
1457 1370 1493 1421 5,
1520 1369 1662 1410 15.16.

101 1439 265 1481 dicitur.
298 1439 419 1488 Quod
447 1443 644 1493 respectu
671 1441 821 1493 nostri,
848 1456 1024 1494 operum
1048 1441 1211 1482 meritis
1237 1441 1392 1482 diserte
1418 1441 1664 1493 opponitur,

81 1511 124 1551 v2
155 1509 262 1552 Tim.
294 1512 329 1562 1,
360 1512 396 1552 9.
428 1510 550 1553 Rom.
578 1513 616 1564 4,
646 1512 683 1554 4.
715 1514 757 1554 et
786 1513 848 1554 11.

154 1581 269 1623 XIII.
310 1581 480 1624 Causa
518 1586 660 1625 autem
688 1584 990 1637 impulsiva
1021 1586 1272 1635 externa,
1303 1598 1411 1636 quae
1442 1585 1483 1624 et
1512 1583 1663 1624 meri—

99 1653 266 1705 toria,
297 1656 359 1695 est
389 1653 582 1695 Christus
615 1653 827 1696 Mediator
854 1657 896 1698 et
920 1655 1194 1708 Redemptor,
1222 1653 1498 1708 θεοένθρωπος,
1519 1654 1562 1695 id
1587 1656 1663 1705 est,

99 1722 231 1765 Filius
274 1723 354 1765 Dei
391 1725 434 1766 in
472 1740 556 1766 una
594 1740 775 1779 persona
813 1741 935 1768 verus
972 1726 1088 1769 Deus
1126 1728 1167 1768 et
1203 1726 1346 1778 homo,
1388 1726 1415 1768 J
1418 1725 1486 1767 oh.
1526 1726 1563 1776 6,
1599 1726 1662 1766 51.

99 1794 193 1837 Act.
235 1797 295 1847 20,
337 1797 399 1838 29.
442 1796 532 1854 Gal.
562 1798 600 1849 4,
629 1798 666 1839 4.
699 1798 719 1839 1
750 1797 848 1840 Joh.
881 1799 915 1849 1,
948 1799 982 1840 7.
1015 1801 1056 1840 et
1089 1798 1259 1851 quidem
1292 1800 1500 1850 quatenus
1528 1796 1664 1838 Medi-

99 1869 194 1907 ator
223 1868 265 1907 et
294 1866 566 1922 Redemptor,
596 1868 683 1909 sive
714 1870 802 1921 ejus
832 1869 1085 1921 obedientia,
1115 1869 1298 1923 justitia,
1329 1867 1662 1919 satisfactioque,

99 1938 169 1980 Es.
199 1939 262 1980 53.
292 1954 399 1992 quae
429 1938 752 1993 Synecdochice,
783 1940 1001 1993 sanguinis
1034 1943 1076 1982 et
1104 1941 1255 1982 mortis
1283 1940 1455 1981 nomine
1482 1938 1664 1992 explica-

98 2012 181 2062 tur,
219 2010 264 2052 in
305 2026 388 2063 quo
428 2013 490 2052 est
533 2010 667 2063 λύτρον
709 2013 750 2052 et
788 2012 1027 2065 οὶντίλυτρον,
1060 2012 1298 2065 pretium
1332 2010 1662 2063 redemptio-

97 2081 203 2133 nis,
242 2081 430 2135 λύτρωσις
468 2085 509 2123 et
547 2082 832 2135 ἀπολύτρωσις,
872 2083 1163 2133 redemti03
1204 2082 1432 2135 ἱλαστήριον
1470 2084 1512 2122 et
1544 2083 1663 2124 ἱλοισ-

100 2152 185 2203 μὸς,
224 2153 687 2207 propitiatorium
726 2156 775 2196 et
805 2154 1168 2207 propitiatio,
1197 2154 1321 2196 Matt.
1351 2155 1415 2206 20,
1447 2154 1510 2196 28.
1539 2153 1662 2196 Rom.

99 2224 135 2275 3,
166 2224 230 2265 24.
260 2224 323 2265 25.
353 2225 375 2265 1
407 2223 514 2266 Tim.
545 2226 581 2277 2,
611 2226 647 2267 6.

153 2294 267 2337 XIV.
309 2295 448 2345 Quare
487 2311 546 2338 ex
585 2298 743 2350 parte
780 2296 878 2338 Dei
916 2312 1186 2350 nequaquam
1226 2297 1360 2350 gratis
1397 2296 1532 2338 fertur
1560 2295 1663 2337 haec

99 2366 180 2409 Dei
210 2368 433 2416 sententia,
464 2368 537 2409 sed
565 2367 876 2421 pretiosissimo
907 2369 1046 2422 pretio
1077 2369 1309 2422 persoluto,
1339 2370 1359 2410 1
1390 2368 1482 2410 Pet.
1508 2369 1542 2410 1.
1568 2367 1661 2416 Quo

97 2438 179 2480 fuit
219 2453 337 2492 opus,
376 2441 468 2480 tum
506 2439 619 2492 quod
654 2439 716 2480 ita
753 2438 869 2481 Deus
908 2440 1162 2492 misericors,
1200 2443 1248 2481 ut
1288 2443 1329 2482 et
1355 2441 1507 2493 justus,
1538 2438 1661 2480 Rom.

98 2510 135 2561 3,
175 2510 237 2550 25.
277 2512 369 2550 tum
409 2510 521 2562 quod
560 2510 837 2552 immutabilis
879 2513 920 2552 et
958 2514 1130 2553 aeterna
1158 2511 1214 2553 sit
1242 2511 1398 2552 veritas
1429 2510 1661 2552 commina-

99 2580 228 2622 tionis
271 2581 398 2632 illius,
440 2580 548 2629 Qua
587 2581 669 2623 die
706 2581 883 2623 ederis
923 2582 982 2624 de
1021 2582 1215 2624 arbore
1251 2582 1448 2634 vetita,
1488 2583 1661 2622 morte

98 2652 371 2704 morieris,
405 2651 506 2693 Gen.
538 2652 574 2704 2,
607 2652 669 2694 17.
701 2655 741 2694 et
770 2653 806 2705 3,
837 2654 873 2695 3.
903 2652 1041 2702 Quare
1066 2656 1108 2696 et
1131 2654 1221 2695 sine
1247 2653 1523 2695 effusione
1548 2667 1661 2694 san-

100 2723 284 2776 guinis
326 2738 441 2764 esse
485 2737 588 2764 non
626 2723 811 2776 potuit
846 2726 1198 2777 peccatorum
1236 2723 1510 2775 remissio,
1550 2723 1659 2765 Heb.

98 2795 136 2845 9,
165 2795 227 2836 22.
258 2794 381 2836 Unde
411 2796 453 2836 et
482 2809 577 2847 per
601 2796 643 2835 et
667 2797 896 2848 propter
921 2794 1195 2836 Christum
1216 2795 1443 2848 justificari
1469 2795 1659 2847 dicimur,

98 2864 221 2907 Rom.
260 2866 297 2917 3,
337 2866 400 2907 24.
442 2865 565 2915 Quod
600 2865 742 2919 ipsum
779 2867 977 2920 operibus
1013 2867 1172 2908 nostris
1206 2880 1436 2919 eorumque
1465 2866 1660 2908 similiter

98 2937 261 2978 meritis
290 2937 446 2979 directe
476 2936 720 2990 opponitur.

151 3007 244 3050 XV.
274 3007 505 3050 Materia
529 3008 848 3060 jiistificationis
879 3019 971 3052 κατ’
1000 3009 1121 3063 ἄρσιν,
1137 3011 1349 3062 negantur
1365 3024 1496 3063 opera
1511 3012 1658 3052 nostra
