1931 3224
234 97 310 139 154
809 94 1048 136 DisrnrArm
1079 92 1215 135 XVII.

231 220 341 262 fecta
369 219 530 272 vigebit
560 219 649 261 sine
679 218 763 259 ulla
790 217 1074 271 repugnantia
1102 216 1335 268 inclinatio,
1365 216 1609 270 propensio,
1643 216 1792 259 alacri—

230 294 295 333 tas
325 293 367 332 et
395 290 594 342 studium,
625 290 677 331 ad
705 289 797 331 Deo
828 287 1129 337 obediendum;
1159 289 1336 339 tumque
1365 286 1436 328 ille
1465 302 1489 329 a
1517 287 1609 328 Deo
1638 302 1791 342 perpe-

230 364 304 403 tuo
343 364 384 403 et
421 361 648 403 efficaciter
683 362 855 413 regetur
892 361 934 400 et
971 356 1309 410 confirmabitur)
1341 357 1420 398 erit
1450 358 1675 399 arbitrium
1705 359 1792 412 ejus

229 447 326 475 vere
357 433 526 485 quidem
554 432 745 483 liberum,
775 431 860 472 imo
890 429 1166 480 liberrimum,
1195 431 1243 470 ut
1272 428 1386 481 quod
1408 443 1494 470 non
1521 431 1674 471 natura
1698 430 1792 482 qui-

231 504 324 546 dem
353 504 616 557 simpliciter,
647 503 719 544 sed
747 501 886 555 gratia
916 501 995 542 erit
1019 500 1344 542 immutabiliter
1367 499 1540 542 bonum,
1565 499 1792 543 Libertatis

230 578 371 617 autem
401 575 524 627 hujus
556 573 774 627 qualitatis
803 575 843 614 et
873 571 1126 625 quantitatis
1151 571 1547 623 considerationem,
1571 571 1792 614 referimus

229 646 281 688 ad
320 646 543 688 coelestem
579 645 696 686 illam
733 643 934 696 scholam,
973 642 1095 684 Rom.
1131 643 1167 695 8,
1196 643 1259 684 21.
1292 644 1312 684 1
1347 642 1440 685 Cor.
1470 644 1534 696 13,
1565 644 1627 685 10.
1658 643 1720 684 12.
1751 646 1793 686 et

228 717 289 769 15,
320 718 382 758 28.

282 787 431 830 XLIV.
461 788 577 841 Ergo
607 788 736 829 homo
766 787 900 829 libero
930 801 1006 829 suo
1036 786 1228 838 arbitrio,
1267 787 1320 828 in
1359 786 1535 840 primo
1580 786 1792 839 quidem

229 861 398 910 statu,
424 859 566 912 potuit
588 874 675 901 non
699 873 886 912 peccare,
911 858 984 899 sed
1005 858 1049 899 in
1072 857 1185 899 bono
1203 858 1454 908 consistere;
1480 857 1533 899 in
1558 859 1791 901 secundo

228 944 339 981 vero,
377 929 501 972 liberi
537 929 704 971 arbitrii
745 930 877 971 abusu
915 929 1053 971 factus
1092 929 1228 970 malus
1266 943 1352 971 non
1389 930 1532 984 potuit
1571 945 1656 972 non
1693 946 1791 985 pec-

230 1015 335 1052 0310,
374 1001 529 1042 nedum
566 1001 727 1043 viribus
766 1001 933 1043 arbitrii
970 1001 1022 1042 ad
1059 1001 1219 1043 bonum
1258 1016 1497 1054 resurgere3
1535 1001 1580 1043 in
1617 1003 1792 1044 tertio

229 1074 371 1114 autem
413 1072 554 1115 divina
596 1074 736 1127 gratia
775 1075 816 1115 et
855 1072 1040 1115 efficacia
1078 1075 1303 1124 recreatUS,
1345 1074 1387 1114 et
1425 1073 1570 1115 eadem
1606 1073 1651 1114 in
1678 1073 1792 1115 bono

230 1144 513 1197 confirmatus,
543 1160 628 1187 non
657 1147 801 1198 potest
829 1145 963 1186 libero
993 1144 1171 1186 arbitrio
1201 1144 1394 1186 totaliter
1423 1147 1464 1186 et
1486 1144 1671 1186 finaliter
1694 1160 1793 1199 pec-

230 1231 335 1268 care,
366 1216 438 1258 sed
466 1216 510 1257 in
538 1216 650 1258 bono
679 1216 931 1270 provehitur
956 1218 997 1258 et
1020 1218 1282 1270 perseverat3
1312 1216 1356 1257 in
1388 1219 1582 1269 quarto
1612 1217 1793 1270 denique

230 1289 344 1329 statu
380 1303 404 1328 a
441 1287 532 1329 Deo
571 1287 845 1341 glorificatus,
884 1302 970 1329 non
1008 1288 1168 1341 poterit
1205 1287 1386 1341 amplius
1425 1303 1613 1341 peccare,
1652 1291 1700 1330 ut
1733 1289 1793 1330 ait

227 1358 507 1413 Augustinus,
545 1359 617 1401 sed
657 1359 746 1401 sine
784 1359 872 1400 ulla
910 1358 1146 1400 mutatione
1179 1359 1360 1401 liberum
1388 1358 1614 1400 arbitrium
1642 1374 1666 1400 a
1694 1374 1792 1413 pec-

229 1431 323 1471 cato
355 1433 397 1471 et
424 1430 594 1472 miseria
622 1430 804 1472 liberum
832 1433 1042 1484 perpetuo
1071 1430 1319 1472 remanebit.

279 1500 407 1543 XLV.
445 1501 678 1555 Rejicimus
717 1501 991 1544 Orthodoxae
1029 1502 1248 1544 doctrinae
1287 1503 1521 1544 contrarias
1559 1502 1636 1544 1138
1665 1501 1792 1544 Α1111-

228 1572 392 1614 theses:
423 1571 849 1626 Pelagianorum
877 1588 1018 1625 unam,
1046 1573 1119 1625 qui
1142 1573 1325 1615 liberum
1352 1572 1576 1614 arbitrium
1599 1574 1643 1615 in
1666 1573 1792 1615 rebus

229 1645 423 1686 omnibus
461 1645 653 1686 illaesum
692 1644 949 1696 statuebant,
989 1659 1036 1685 ac
1076 1643 1157 1685 sibi
1187 1643 1382 1686 sufficere
1411 1646 1458 1685 ut
1487 1643 1579 1686 Deo
1609 1644 1792 1697 obediat,

228 1716 262 1757 si
290 1715 406 1767 velit,
435 1715 624 1768 adeoque
652 1718 794 1757 totum
818 1715 899 1756 sibi
923 1715 1170 1768 tribuentes,
1196 1715 1240 1756 in
1264 1714 1403 1757 Deum
1430 1715 1626 1769 sacrilegi
1650 1718 1792 1767 erant;

229 1787 798 1841 semipelagianorum
828 1787 1018 1839 alteram,
1049 1787 1122 1840 qui
1144 1786 1324 1828 liberum
1349 1786 1574 1828 arbitrium
1596 1787 1641 1828 in
1666 1787 1792 1829 rebus

228 1858 522 1912 spiritualibus
571 1859 745 1911 laesum,
794 1861 1061 1901 attenuatum
1105 1861 1147 1900 et
1187 1858 1437 1900 inclinatum
1480 1858 1663 1911 quidem,
1705 1873 1792 1901 non

228 1932 370 1971 autem
410 1933 657 1983 corruptum
695 1930 952 1982 asserebant,
987 1945 1035 1972 ac
1064 1930 1394 1981 conversionem,
1425 1930 1584 1983 partim
1614 1930 1790 1983 gratiae,

228 2001 386 2054 partim
423 2001 556 2043 libero
595 2001 773 2044 arbitrio
802 2002 1062 2054 tribuebant,
1091 2002 1204 2044 inter
1231 2001 1370 2043 Deum
1399 2004 1441 2043 et
1470 2001 1664 2043 homines
1692 2017 1791 2055 par—

228 2073 393 2114 tientes.
413 2071 531 2114 Haec
552 2073 664 2114 enim
683 2073 876 2126 ipsorum
897 2076 1017 2115 erant
1039 2073 1272 2115 axiomata:
1294 2072 1391 2115 Est
1418 2072 1509 2114 ubi
1531 2073 1790 2115 voluntas

228 2143 467 2185 hominis
503 2144 849 2187 voluntatem
888 2144 988 2187 Dei
1016 2144 1343 2196 antevertit,
1373 2146 1453 2186 est
1482 2144 1573 2186 ubi
1601 2144 1700 2186 illa
1728 2144 1791 2186 ab

227 2215 323 2257 hac
363 2216 758 2267 antevertitur,
795 2218 843 2257 ut
883 2215 1107 2257 Cassianus
1142 2215 1297 2266 voluit3
1326 2215 1441 2267 item,
1473 2214 1666 2257 Gratia
1693 2214 1791 2257 Dei

229 2288 312 2327 est
354 2301 484 2338 quae
525 2301 619 2328 nos
661 2286 862 2338 salvat,
905 2286 1141 2328 liberum
1184 2301 1308 2329 vero
1352 2286 1645 2328 arbitrium
1687 2289 1789 2339 est,

229 2372 352 2410 quo,
394 2358 476 2400 vel
513 2358 566 2399 in
595 2372 718 2410 quo,
747 2360 795 2399 ut
824 2356 1006 2399 Faustus
1036 2358 1225 2411 speciose
1254 2357 1368 2405 dicit,
1400 2358 1683 2400 salvamur.
1714 2357 1790 2400 Cui

229 2427 465 2470 Orthodoxi
509 2430 814 2482 opposuerunt,
856 2428 1183 2470 uniformem
1225 2444 1339 2471 esse
1382 2429 1582 2471 salutis
1625 2429 1789 2472 ratio-

227 2514 362 2551 nem,
393 2502 443 2542 et
470 2500 703 2542 liberum
731 2500 1025 2542 arbitrium
1055 2515 1169 2542 esse
1199 2501 1339 2554 quod
1369 2501 1628 2543 salvatur.

279 2570 427 2612 XLVI.
466 2571 580 2621 Quos
616 2585 779 2613 errores
816 2574 1073 2613 renovarunt
1101 2571 1218 2614 varie
1249 2571 1512 2625 Scholastici,
1543 2574 1586 2614 et
1613 2571 1789 2614 Concilii

228 2641 464 2684 Tridentini
504 2642 675 2693 Patres3
714 2658 790 2685 1100
827 2658 913 2685 11011
950 2658 1002 2685 ex
1039 2643 1309 2697 Evangelicis
1352 2645 1525 2698 quidam
1565 2644 1786 2698 pigmento

229 2713 435 2764 συνεργίαις
471 2714 795 2769 interpolarunt,
825 2714 1007 2756 maxime
1035 2715 1109 2767 illi,
1141 2730 1322 2768 quorum
1347 2730 1508 2758 errores
1532 2715 1577 2757 in
1600 2714 1788 2758 Dordra-

230 2796 331 2823 cena
361 2782 531 2837 Synodo
564 2801 587 2827 a
615 2785 873 2828 Reformatis
902 2785 1103 2828 Ecclesiis
1131 2787 1278 2840 rejecti
1308 2790 1419 2830 sunt.
