1931 3224
514 281 991 330 DISPUTATIO
1032 281 1207 330 XLIX.

835 408 881 430 DE

113 482 413 551 Conciliis
465 504 579 549 seu
631 483 1072 552 Conventibus
1121 484 1605 552 Ecclesiasticis

443 609 641 652 Praeside
670 609 723 651 D.
752 609 1017 653 ANTONIO
1047 610 1271 654 THYSIO.

361 702 637 751 Respondente
665 701 920 741 JOHANNE
950 703 1363 742 WILMERDONCK.

731 807 921 850 Tussis
960 808 991 850 Ι.

235 911 407 938 Aerarius
447 899 589 938 actum
618 899 680 939 est
710 898 759 939 de
788 898 1061 950 Ecclesia,
1094 899 1267 952 ejusque
1299 900 1641 942 auctoritate

105 905 278 1011 Hei:
317 971 604 1023 potestate
641 969 685 1010 in
723 969 892 1011 Verbi
928 970 1027 1012 Dei
1066 971 1518 1024 annunciatione,
1556 971 1640 1014 Sa-

82 1042 485 1082 cramentorum
524 1041 1016 1084 administratione
1047 1045 1090 1084 et
1117 1042 1469 1096 Disciplinae
1499 1059 1642 1087 exer-

82 1110 240 1162 citio,
281 1126 389 1164 quae
429 1111 599 1164 quidem
638 1114 701 1153 est
738 1112 955 1154 Ecclesiae
992 1114 1178 1167 propria,
1217 1128 1303 1155 non
1341 1118 1485 1159 tamen
1523 1132 1642 1159 exer-

83 1182 213 1224 cenda
250 1197 274 1223 a
312 1184 404 1224 tota
442 1182 646 1234 Ecclesia,
685 1183 757 1224 sed
795 1183 848 1225 ab
888 1183 1112 1226 ordinariis
1151 1187 1345 1238 personis
1385 1203 1408 1229 a
1447 1188 1537 1231 Deo
1566 1204 1641 1244 per

80 1253 318 1296 Ecclesiam
357 1254 574 1307 delegatis,
613 1252 824 1296 Ministris
862 1255 1022 1298 scilicet
1059 1256 1294 1299 Ecclesiae:
1334 1260 1407 1311 qui
1435 1259 1517 1302 hoc
1546 1261 1640 1314 ipso

81 1325 191 1367 servi
219 1323 471 1377 efficiuntur,
503 1339 588 1367 non
617 1325 792 1379 proprie
821 1325 1049 1379 Ecclesiae,
1080 1328 1152 1369 sed
1180 1327 1261 1370 Dei
1290 1332 1332 1370 et
1361 1329 1520 1372 Christi
1552 1331 1641 1374 Do-

78 1397 184 1439 mini
211 1397 401 1449 relative,
430 1397 557 1450 idque
587 1412 662 1439 suo
693 1397 838 1440 ordine
868 1400 909 1439 et
937 1398 1085 1449 modo;
1115 1399 1330 1443 Ecclesiae
1358 1416 1457 1443 vero
1487 1402 1642 1444 Prae-

78 1468 234 1521 fecti,
263 1468 603 1522 Praepositi,
628 1468 917 1522 Episcopi,
939 1469 1220 1522 Pastores,
1238 1474 1314 1513 etc.
1331 1471 1482 1525 Neque
1498 1476 1641 1515 tamen

78 1539 296 1582 Domini
335 1540 639 1591 Ecclesiae,
680 1541 795 1593 quod
824 1541 953 1582 solius
983 1541 1141 1584 Christi
1170 1546 1252 1594 est;
1284 1544 1356 1585 sed
1384 1544 1572 1596 Ministri
1601 1547 1643 1586 et

78 1610 406 1665 Dispensatores
445 1612 748 1665 mysteriorum
785 1612 867 1654 Dei
908 1613 1021 1666 apud
1049 1613 1296 1667 Ecclesiam,
1325 1615 1368 1657 id
1396 1619 1472 1668 est,
1503 1617 1642 1670 objec-

78 1682 166 1726 tive
194 1683 383 1725 Ministri
410 1683 637 1725 Ecclesiae.

131 1753 185 1797 II.
226 1754 365 1804 Quum
402 1769 502 1797 vero
540 1755 730 1797 Ecclesia
767 1757 823 1798 sit
860 1756 904 1797 in
943 1760 1238 1809 conventu,
1267 1759 1333 1800 vel
1361 1759 1641 1813 populari,

81 1826 103 1867 1
142 1824 237 1868 Cor.
278 1826 340 1877 11,
371 1821 432 1868 17.
463 1826 525 1867 18.
555 1826 619 1867 22.
649 1826 777 1868 Hebr.
811 1828 873 1879 10,
903 1828 966 1868 25.
995 1828 1062 1869 vel
1090 1827 1516 1881 Ecclesiastico,
1545 1830 1642 1871 Act.

79 1898 144 1950 20,
174 1898 236 1939 17.
268 1900 310 1939 et
337 1898 400 1950 21,
433 1898 494 1939 10.
523 1897 720 1951 populari
749 1901 864 1940 certo
893 1901 1089 1952 respectu
1114 1899 1324 1953 opposito,
1351 1900 1403 1941 ad
1427 1900 1642 1942 Ecclesiae

79 1969 269 2023 regimen
298 1969 602 2023 publicumque
630 1970 674 2011 in
702 1968 892 2011 Ecclesia
916 1970 1123 2022 judicium
1152 1971 1364 2022 instituto,
1392 1970 1524 2024 (quod
1549 1973 1642 2025 qui—

82 2039 178 2081 dem
214 2040 481 2093 regimen,
520 2040 555 2081 si
586 2039 803 2082 Christum
832 2043 1007 2094 spectes,
1041 2041 1212 2083 omnino
1245 2044 1307 2083 est
1336 2042 1642 2085 Monarchi-

81 2125 210 2153 cum:
249 2110 284 2152 si
321 2126 422 2153 vero
451 2110 700 2163 Ecclesiam,
731 2114 938 2164 quatenus
970 2114 1143 2154 externa
1173 2115 1248 2164 est,
1280 2114 1321 2154 et
1351 2116 1523 2155 externa
1553 2114 1642 2167 ejus

80 2181 406 2234 administratio,
436 2197 522 2224 non
549 2182 992 2225 Democraticum
1020 2185 1068 2224 ut
1095 2182 1299 2225 Morellus
1329 2184 1501 2236 quidam
1530 2199 1643 2227 asse-

79 2253 187 2302 ruit;
227 2268 304 2296 nec
344 2254 598 2307 simpliciter
626 2253 1109 2306 Aristocraticum,
1141 2257 1187 2295 ut
1217 2254 1474 2308 complures3
1502 2271 1642 2309 neque

80 2324 261 2377 denique
303 2324 736 2377 Monarchicum,
780 2327 827 2366 ut
868 2324 1106 2376 Pontificii;
1150 2326 1304 2367 nedum
1342 2328 1642 2380 ὀχλοκρκτικὸν,

81 2396 344 2449 ὀλιγαρχικὸν
373 2398 447 2438 aut
474 2396 704 2449 τυραννικὸν,
739 2397 812 2438 sed
841 2396 1257 2439 Aristocratiae
1285 2397 1642 2450 respondens,

80 2472 245 2508 remoto
285 2468 447 2510 scilicet
483 2467 699 2517 Dominio,
730 2482 779 2510 ac
806 2467 1042 2510 ministerio
1073 2467 1234 2523 posito)
1265 2468 1315 2510 de
1342 2468 1641 2510 Ecclesiastico

80 2537 163 2580 hoc
192 2541 403 2580 conventu
432 2553 571 2592 agere,
599 2539 723 2580 nobis
752 2540 796 2580 in
823 2540 1065 2593 praesentia
1094 2543 1157 2582 est
1188 2540 1480 2582 constitutum.

134 2608 211 2651 ΙΙΙ.
250 2610 329 2652 Est
358 2613 501 2652 autem
530 2613 835 2653 conventus
864 2610 1327 2664 Ecclesiasticus,
1360 2610 1590 2654 Consessus
1618 2625 1643 2653 a

83 2679 252 2724 Christo
294 2682 531 2734 institutus,
573 2682 706 2724 totius
748 2681 978 2734 Ecclesiae,
1022 2698 1101 2736 pro
1140 2683 1305 2726 ratione
1345 2682 1643 2736 amplitudinis

82 2753 184 2805 ejus,
209 2753 253 2794 in
276 2753 515 2807 praecipuis
539 2752 754 2795 Ecclesiae
778 2754 979 2795 membris
1003 2756 1358 2807 repraesentatae,
1385 2756 1428 2796 et
1450 2755 1495 2796 in
1521 2753 1643 2795 Chri-

82 2823 138 2865 sti
173 2824 345 2866 nomine
383 2839 467 2866 uno
506 2824 551 2865 in
587 2825 680 2867 loco
720 2827 1018 2879 congregatae,
1058 2825 1111 2867 ad
1147 2825 1305 2868 ibidem
1343 2826 1554 2880 agendum
1592 2825 1642 2867 de

85 2894 210 2938 rebus
251 2895 477 2948 Ecclesiae,
516 2910 668 2949 nempe
697 2895 817 2938 Fidei
845 2896 1040 2948 sanitate,
1069 2896 1198 2939 Vitae
1227 2897 1465 2950 sanctitate,
1495 2897 1644 2940 Sacra-

82 2970 324 3010 mentorum
362 2967 624 3021 integritate,
664 2966 834 3010 Ordinis
872 2968 1076 3020 bonitate,
1108 2971 1185 3011 ete.
1216 2970 1390 3022 ejusque
1418 2970 1542 3024 praxi
1571 2984 1644 3012 seu
