1931 3224
267 126 346 167 460
847 121 1087 164 D1sPUTA'r10
1116 121 1244 163 XLII.

268 249 490 292 vocatione
520 248 775 303 dignitatem
798 247 984 289 muneris
1007 245 1297 288 Ecclesiastici
1318 246 1399 287 sibi
1414 244 1641 298 sumpsisse
1654 245 1825 299 legitur.

321 319 440 361 VIII.
460 319 682 360 Pontificis
703 318 852 359 deinde
871 317 1073 359 Aaronici
1095 317 1336 370 λειτουργίαι,
1367 331 1449 369 qua
1487 330 1606 357 sacra
1645 331 1827 368 quorum

269 393 528 434 mentionem
556 391 714 432 ibidem
736 391 839 432 facit
864 389 1110 442 Apostolus,
1136 390 1225 429 tam
1241 403 1330 440 suo,
1349 402 1476 440 quam
1490 387 1641 441 populi
1655 387 1826 428 nomine

268 463 512 517 peragebat,
550 476 637 503 non
674 461 850 502 minoris
881 463 970 502 erat
998 460 1168 511 laboris,
1200 474 1328 512 quam
1355 458 1544 510 honoris,
1573 473 1621 499 ac
1648 458 1827 511 proinde

268 536 405 576 honor
443 533 495 574 ab
532 532 743 586 Apostolo
784 532 1088 586 synecdochice
1125 533 1408 585 nuncupatur,
1447 531 1676 584 propterea
1715 529 1829 581 quod

270 606 323 647 ob
352 606 478 646 istam
497 604 745 657 λειτουργίαν
772 604 931 657 duplici
955 603 1118 645 honore
1143 603 1295 656 dignus
1321 604 1440 653 esset,
1463 601 1576 654 quod
1593 600 1828 654 Apostolus

269 678 319 719 de
355 676 621 730 Presbyteris
660 690 829 728 quoque
865 674 980 717 Novi
1019 674 1283 716 Testamenti
1316 673 1478 723 asserit,
1508 673 1529 713 1
1562 671 1669 713 Tim.
1697 670 1735 722 5,
1765 670 1827 712 17.

267 748 359 790 Nec
383 748 479 801 plus
505 749 576 789 aut
596 747 749 798 minus,
766 746 838 788 sed
852 748 1022 787 tantum
1036 745 1207 797 laboris,
1225 746 1433 797 quantum
1447 743 1623 785 honoris
1640 742 1828 796 Aposto-

268 821 332 861 lus
372 820 491 873 operi
528 818 636 860 sacri
672 817 899 859 ministerii
930 816 1140 869 attribuit,
1171 831 1266 858 cum
1292 816 1399 857 illud
1427 830 1533 868 opus
1562 814 1829 868 praeclarum

268 891 469 945 appellat,
508 891 528 932 1
566 889 673 931 Tim.
712 891 749 941 3,
788 889 825 930 1.
862 888 920 930 Et
952 888 1143 941 quamvis
1172 887 1424 929 desiderium
1453 886 1752 940 Episcopatus,
1781 887 1828 927 ut

267 963 425 1004 ibidem
463 962 585 1004 docet
623 960 874 1014 Apostolus,
915 959 970 1001 sit
1007 959 1231 1011 laudabile,
1272 974 1418 1001 eorum
1446 960 1591 1000 tamen
1619 958 1829 1011 culpanda

269 1037 332 1077 est
369 1033 559 1085 ambitio,
601 1033 673 1086 qui
700 1046 777 1074 nec
804 1031 885 1073 Dei
912 1031 1171 1082 missionem,
1201 1044 1277 1072 1100
1305 1030 1521 1072 Ecclesiae
1551 1028 1828 1083 approbatio-

266 1122 363 1149 nem
402 1108 710 1160 exspectantes,
751 1118 903 1146 munus
940 1103 1045 1144 illud
1084 1117 1134 1144 ex
1172 1101 1347 1155 proprio
1383 1100 1543 1154 judicio
1582 1115 1630 1142 ac
1658 1100 1827 1153 privato

268 1178 446 1219 arbitrio
478 1179 716 1230 capessunt.

322 1249 395 1292 IX.
434 1249 489 1290 Al
516 1249 657 1291 locum
685 1248 808 1290 Rom.
840 1248 901 1299 10,
932 1248 993 1289 15.
1024 1248 1237 1299 regerunt,
1267 1245 1448 1286 Paulum
1476 1245 1526 1286 de
1555 1258 1631 1285 suo
1659 1245 1829 1285 tantum

268 1325 463 1375 tempore
505 1321 634 1374 loqui,
680 1336 774 1362 cum
818 1319 956 1360 adhuc
997 1333 1108 1360 nova
1150 1319 1191 1359 et
1227 1317 1418 1359 inaudita
1457 1318 1567 1358 esset
1603 1315 1829 1368 Evangelii

269 1394 474 1444 doctrina,
506 1407 554 1434 ac
582 1392 762 1446 proinde
791 1406 858 1432 res
886 1390 979 1444 ipsa
1007 1389 1259 1442 postularet,
1289 1391 1337 1429 ut
1367 1387 1440 1440 qui
1468 1402 1560 1429 eam
1590 1389 1728 1428 essent
1756 1401 1830 1428 an-

267 1465 522 1516 nunciaturi,
551 1464 796 1505 missionem
825 1477 944 1504 suam
972 1463 1122 1503 docere
1151 1462 1346 1514 possent3
1378 1474 1474 1500 011111
1502 1473 1601 1500 vero
1624 1458 1707 1500 hoc
1730 1473 1830 1500 nos-

266 1540 335 1579 tro
365 1539 560 1590 tempore
587 1535 696 1577 nihil
722 1535 823 1576 novi
851 1534 1065 1585 afferatur,
1096 1532 1167 1574 sed
1196 1531 1374 1584 antiqua
1395 1529 1620 1583 Evangelii
1638 1529 1831 1571 doctrina

267 1610 546 1662 proponatur,
589 1607 683 1650 ideo
722 1621 809 1648 non
851 1620 958 1659 opus
999 1619 1088 1646 esse
1130 1603 1337 1657 singulari
1374 1601 1557 1655 quadam
1594 1601 1829 1643 vocatione.

270 1679 514 1722 Osterod.
552 1679 606 1721 in
643 1679 825 1720 Instit.
865 1692 974 1730 cap.
1007 1677 1071 1718 42.
1101 1675 1338 1729 Τ11001011.
1367 1673 1639 1716 Nicolaid.
1669 1673 1723 1714 in
1752 1672 1829 1714 de-

269 1750 397 1792 fens.
427 1750 600 1792 Socin.
632 1751 690 1791 de
719 1749 983 1791 Ecclesia.

323 1821 374 1863 X.
414 1821 533 1863 Haec
570 1821 895 1864 Socinianorum
932 1821 1140 1874 exceptio,
1172 1819 1344 1862 veritati
1373 1832 1543 1871 quoque
1572 1816 1830 1858 adversatur.

268 1893 369 1937 Non
398 1894 538 1935 minus
567 1893 678 1935 enim
705 1893 811 1934 haec
834 1892 1036 1945 Apostoli
1059 1890 1356 1944 interrogatio,
1385 1889 1652 1939 Quomodo
1681 1901 1831 1941 prae-

269 1966 547 2018 dicabunt,
577 1965 683 2006 nisi
713 1965 862 2006 missi
890 1963 1130 2005 fuerint?
1163 1977 1290 2015 quam
1313 1960 1829 2016 praecedentes,inenm1-

269 2038 496 2080 ciationem
533 2037 812 2079 universalem
841 2038 904 2077 est
932 2034 1193 2077 resolvenda.
1223 2033 1409 2075 Proinde
1440 2032 1564 2074 sicuti
1593 2045 1759 2084 semper
1788 2032 1830 2071 et

267 2110 426 2163 ubique
463 2123 563 2151 vera
602 2110 700 2150 sunt
735 2110 863 2160 atque
892 2109 1015 2148 erunt
1042 2105 1146 2147 haec
1175 2105 1401 2154 axiomata,
1429 2103 1585 2145 Nulli
1615 2103 1830 2144 invoca-

267 2182 400 2223 bunt
428 2180 612 2232 Deum,
643 2180 696 2220 in
727 2193 877 2232 quem
905 2193 1010 2219 non
1037 2177 1411 2227 crediderunt,
1435 2175 1579 2217 nulli
1605 2174 1829 2216 credent

269 2253 335 2305 ei,
389 2253 449 2294 de
502 2267 602 2304 quo
655 2266 757 2293 non
809 2250 1127 2302 audierunt,
1170 2248 1313 2290 nulli
1357 2247 1581 2289 audient
1624 2247 1829 2299 absque

266 2323 644 2377 praedicante:
685 2322 744 2364 sic
781 2322 892 2364 idem
930 2321 979 2362 de
1016 2321 1100 2362 isto
1132 2320 1345 2362 axiomate
1373 2318 1626 2372 Apostolico
1656 2332 1828 2360 censen-

267 2395 367 2436 dum
419 2396 495 2446 est,
544 2392 700 2435 Nulli
751 2392 1178 2446 praedicabunt,
1229 2390 1431 2432 nimirum
1474 2389 1678 2442 legitime,
1719 2388 1829 2430 nisi

266 2466 421 2508 missi
444 2465 668 2508 fuerint.
698 2464 789 2506 Nec
817 2479 893 2518 per
924 2479 1031 2517 opus
1062 2461 1397 2504 Praedicationis
1421 2460 1705 2516 Evangelicae
1728 2459 1829 2501 solis

267 2536 502 2590 Apostolis,
555 2537 627 2579 sed
669 2537 764 2579 aliis
808 2551 976 2590 quoque
1020 2535 1284 2587 Pastoribus,
1326 2538 1375 2577 111
1416 2534 1557 2577 videre
1601 2535 1663 2575 001
1703 2531 1828 2573 Matt.

267 2611 330 2662 26,
362 2611 424 2653 13.
456 2612 497 2653 01
526 2611 589 2664 28,
619 2612 682 2654 20.
713 2613 754 2652 01
784 2610 899 2662 alibi,
929 2610 1190 2652 attribuitur.

321 2682 394 2726 XI.
436 2682 579 2729 Novar
602 2684 822 2736 praeterea
865 2681 1058 2724 doctrina
1094 2681 1317 2735 Apostolis
1353 2680 1461 2722 falso
1492 2679 1724 2733 affingitur,
1755 2678 1828 2731 qui

268 2754 376 2796 nihil
413 2754 679 2796 crediderunt
715 2769 792 2796 nec
831 2754 1077 2805 docuerunt,
1108 2755 1227 2795 extra
1255 2768 1303 2795 ea
1331 2767 1439 2806 quae
1470 2751 1628 2805 scripta
1657 2752 1755 2792 sunt
1783 2751 1828 2792 in

268 2824 380 2878 Lege
409 2827 450 2866 et
478 2825 721 2878 Prophetis,
750 2827 799 2866 ut
825 2825 963 2878 liquet
992 2839 1042 2867 ex
1073 2823 1334 2866 confessione
1364 2823 1564 2877 Apostoli
1578 2822 1714 2874 Pauli,
1731 2821 1826 2864 Act.

268 2896 331 2947 24,
361 2896 423 2936 14.
454 2898 495 2937 et
524 2897 587 2948 22,
617 2897 680 2938 26.
707 2895 799 2938 Νο0
827 2911 913 2938 11011
943 2911 992 2938 ex
1020 2897 1155 2950 ipsius
1183 2895 1459 2949 responsione
1488 2894 1539 2935 ad
1567 2892 1827 2935 Judaeormn

270 2967 342 3019 (1111
380 2966 540 3009 Romae
574 2968 841 3020 habitabant,
870 2968 1264 3020 interrogationem,
1294 2980 1502 3018 quaenam
1530 2964 1717 3007 sentiret.
1746 2963 1825 3006 His
