1931 3224
360 134 424 176 Dm
454 133 606 177 MISSAE
636 135 854 178 Sicmmcm
883 150 1049 183 EJUSQUE
1079 150 1276 178 ABUSIBUS.
1518 137 1594 178 547

39 257 146 309 Deo,
185 271 209 298 a
245 258 481 301 sacrificulo
519 260 717 314 religiose
755 261 848 303 fieri
885 261 1067 313 deberet,
1102 262 1152 303 fit
1181 260 1361 302 mortuis
1391 262 1596 313 supersti-

39 327 149 369 tiose
191 330 319 381 atque
360 330 579 384 inutiliter,
623 347 718 374 cum
761 347 853 375 eam
896 333 1041 374 audire
1084 335 1317 386 nequeant:
1357 331 1464 373 vivis
1500 345 1600 373 vero

41 402 189 441 contra
226 399 360 454 ipsius
400 403 713 457 conscientiam,
756 404 1099 457 quandoquidem
1138 419 1180 446 se
1218 403 1375 446 nullius
1415 402 1603 445 scandali

39 470 143 524 ipsis
172 470 260 512 dati
288 473 664 526 reprehensibilem
695 490 783 517 esse
813 490 1061 529 persuasum
1090 475 1233 517 habet.

95 540 139 583 L.
191 541 360 585 Tertius
410 545 566 587 abusus
618 547 850 601 percipitur
891 548 935 589 111
979 547 1247 589 idololatr-ica
1289 546 1603 588 intercessionis

41 611 295 655 Sanctorum
348 615 669 659 demortuorum
720 618 1022 672 postulatione,
1075 618 1142 659 his
1193 618 1333 660 verbis
1377 621 1602 672 concepta:

40 682 166 726 Ideo
206 685 471 739 deprecor
508 687 885 731 beatissimam
922 688 1023 730 Dei
1061 689 1389 742 genitricem
1427 692 1477 731 et
1506 704 1604 731 om·

41 769 133 797 nes
163 760 405 810 sanctos,
447 762 497 800 et
534 775 628 802 vos
666 760 872 803 fratres
902 763 1055 803 orate
1082 776 1178 815 pro
1208 776 1283 802 me
1312 763 1605 814 peccatore

43 827 182 880 apud
233 827 515 871 Dominum
557 830 596 872 D
611 846 723 873 eum
764 847 828 874 110
843 835 1011 873 strum
1056 833 1507 885 omnipotentem,
1550 834 1606 873 ut

41 897 95 951 ip
107 913 126 939 s
137 913 159 940 e
196 900 262 941 mi
273 915 291 942 s
306 916 326 942 e
337 916 358 942 r
367 917 388 943 e
400 904 490 943 atu
501 918 521 943 r
551 918 593 944 m
605 918 626 944 e
635 903 660 944 i.
691 902 778 945 Ubi
807 904 1040 956 praeterito
1071 902 1296 945 Servatore
1325 905 1472 944 nostro
1502 901 1605 944 ι10311

43 967 225 1022 Christo,
257 986 328 1013 eos
356 972 538 1025 invocat,
570 974 643 1026 qui
670 974 813 1027 ipsum
841 990 1008 1016 servare
1032 977 1261 1027 nequeunt,
1289 977 1329 1016 et
1356 988 1462 1027 quos
1489 988 1606 1015 sacra

43 1038 266 1094 Scriptura
305 1044 358 1086 ab
394 1045 490 1099 ipso
527 1046 842 1088 intercessionis
873 1062 1045 1089 munere
1074 1061 1248 1100 prorsus
1278 1046 1475 1098 excludit,
1506 1046 1605 1087 dum

42 1110 149 1153 illud
192 1114 272 1156 soli
314 1114 482 1158 Christo
525 1117 735 1169 attribuit,
778 1117 807 1158 J
810 1117 878 1159 oh.
923 1118 984 1170 14,
1026 1119 1062 1159 6.
1105 1117 1229 1159 Rom.
1268 1118 1303 1169 8,
1342 1118 1404 1159 33.
1446 1119 1466 1158 1
1498 1117 1605 1159 Tim.

43 1181 80 1236 2,
113 1186 149 1228 5.
179 1187 215 1228 6.
247 1187 269 1228 1
298 1186 398 1229 Joh.
428 1189 464 1239 2,
497 1188 531 1229 1.
561 1189 598 1230 2.

97 1259 164 1302 LI.
209 1259 394 1310 Quartus
437 1260 593 1302 abusus
638 1263 701 1302 est
737 1260 781 1301 in
818 1260 899 1302 hac
924 1260 1189 1302 absolutoria
1218 1260 1270 1302 ad
1300 1260 1404 1302 alios
1433 1262 1608 1314 peccata

45 1346 119 1373 sua
159 1331 409 1373 confitentes
449 1331 654 1384 oratione,
693 1332 877 1384 Amen,
916 1332 1123 1373 fratnes
1163 1335 1213 1374 et
1249 1346 1335 1373 sor
1348 1346 1371 1373 0
1384 1346 1437 1373 re
1450 1346 1487 1384 S,
1518 1346 1608 1384 per

45 1403 487 1444 misericordiam
540 1402 762 1445 Domini
812 1403 993 1445 nostri
1044 1402 1067 1444 J
1085 1417 1175 1444 esu
1228 1402 1461 1455 Christi,
1515 1418 1608 1455 per

45 1473 312 1515 auxilium
352 1476 402 1516 et
439 1475 654 1528 signum
683 1477 909 1516 sanctae
941 1475 1140 1526 crucis,
1169 1490 1263 1527 per
1290 1474 1607 1516 intercessi-

47 1560 197 1587 onem
234 1545 435 1587 beatae
474 1548 523 1588 et
559 1546 742 1599 glorio
757 1561 842 1588 sae
873 1560 1195 1600 semperque
1224 1544 1479 1600 Virginis
1507 1545 1608 1587 Ma-

44 1616 179 1669 riae,
219 1620 271 1660 et
307 1632 401 1671 per
437 1618 636 1659 merita
672 1618 958 1659 beatorum
996 1618 1394 1670 Apostolorum
1429 1620 1479 1659 et
1509 1632 1608 1659 om-

45 1690 190 1730 nium
242 1692 552 1731 sanctorum
595 1692 644 1731 et
687 1692 999 1731 sanctarum
1042 1689 1370 1730 misereatur
1411 1690 1607 1740 vestri,

47 1775 71 1801 0
82 1776 125 1802 111
135 1761 188 1801 ni
200 1776 227 1814 p
240 1776 264 1802 0
276 1763 294 1802 t
306 1775 326 1802 e
337 1776 366 1802 n
376 1775 394 1802 s
430 1761 470 1802 D
483 1776 505 1803 e
516 1777 543 1802 u
554 1776 592 1814 s,
632 1763 725 1803 etc.
765 1760 857 1810 Qua
895 1761 1145 1814 blasphema
1174 1760 1366 1802 oratione
1395 1761 1606 1802 sacrificu—

45 1831 109 1874 lus
136 1832 255 1886 ligno
287 1833 422 1875 crucis
451 1834 626 1886 ejusque
656 1833 778 1887 signo
808 1834 892 1875 vim
920 1832 1155 1875 redimendi
1185 1847 1209 1874 a
1232 1832 1416 1886 peccatis
1440 1831 1607 1874 Christo

47 1904 247 1946 crucifixo
292 1905 526 1958 propriam,
574 1905 751 1958 aliisque
797 1905 922 1946 rebus
968 1904 1421 1956 incommunicabilem,
1457 1904 1608 1946 beatae

46 1974 219 2029 Virgini
255 1975 337 2017 Dei
375 1976 552 2018 ancillae
587 1976 791 2018 auxilium
820 1991 844 2017 a
873 1976 963 2018 solo
994 1975 1086 2017 Deo
1117 1974 1459 2028 exspectandum,
1490 1989 1608 2016 sanc—

46 2046 187 2099 tisque
214 2047 449 2100 ApostoliS,
481 2048 554 2100 qui
583 2047 685 2089 olim
714 2047 883 2101 scriptis
908 2047 994 2088 suis
1019 2046 1293 2088 traditionem
1319 2045 1609 2088 Pharisaicam

47 2116 98 2159 de
127 2118 327 2171 operibus
355 2118 586 2160 meritoriis
615 2118 901 2169 confutarunt,
930 2117 1083 2159 merita
1112 2116 1291 2170 affingit.

100 2188 188 2231 LII.
219 2189 400 2239 Quintus
435 2190 589 2232 abusus
619 2189 901 2232 committitur
930 2187 1332 2230 commemoratione
1360 2189 1610 2231 meritorum

48 2275 156 2314 quae
193 2261 349 2303 sanctis
389 2277 413 2303 a
451 2261 683 2303 sacrificulo
721 2260 1000 2311 ascribuntur,
1041 2259 1114 2312 qui
1153 2259 1312 2312 absque
1343 2258 1500 2302 Christi
1527 2275 1610 2303 me-

45 2332 131 2374 rito
172 2332 216 2373 in
257 2332 419 2375 coelum
461 2333 628 2386 ingredi
670 2346 941 2385 nequaquam
978 2330 1231 2384 potuissent,
1263 2333 1304 2372 et
1332 2331 1610 2383 reliquiarum

46 2402 233 2444 maxima
276 2418 328 2444 ex
368 2405 491 2456 parte
533 2403 792 2455 fictitiarum,
839 2402 960 2455 quasi
997 2401 1112 2444 Deus
1150 2402 1342 2455 ipsarum
1370 2403 1531 2444 intuitu
1558 2403 1611 2444 ad

46 2476 221 2527 peccata
248 2474 334 2528 ipsi
360 2474 616 2516 remittenda
643 2475 898 2526 flecteretur,
929 2489 1024 2515 cum
1052 2474 1133 2515 ait:
1163 2472 1197 2514 Ο
1209 2489 1230 2515 r
1242 2489 1315 2515 ani
1327 2489 1353 2514 u
1365 2489 1383 2515 s
1412 2476 1483 2526 te,
1508 2474 1547 2515 D
1565 2488 1610 2516 0-

47 2545 209 2598 1111110,
255 2560 348 2599 per
388 2546 585 2588 merita
626 2548 940 2588 sanctorum
979 2560 1206 2598 quorum
1243 2545 1487 2598 reliquia
1524 2545 1611 2589 hic

50 2619 196 2669 sunt,
238 2619 287 2659 et
327 2618 560 2659 omnium
589 2619 924 2670 sanctorum,
955 2619 1010 2658 ut
1038 2617 1331 2671 indulgere
1361 2617 1610 2671 digneris

51 2687 228 2729 omnia
257 2690 483 2741 peccata
509 2703 632 2730 mea.

101 2757 212 2801 LIII.
242 2758 394 2803 Sextus
424 2760 579 2802 abusus
609 2762 684 2818 est,
714 2760 827 2813 quod
856 2760 1114 2802 sacrificulus
1142 2775 1307 2814 panem,
1335 2761 1409 2814 qui
1436 2761 1480 2803 in
1506 2760 1609 2804 Coe-

49 2845 104 2873 na
147 2834 211 2873 est
251 2832 419 2874 hostiae
463 2831 621 2874 Christi
663 2831 995 2884 Sacramentum,
1038 2833 1176 2886 ipsam
1223 2832 1382 2875 Christi
1424 2832 1611 2874 hostiam

49 2905 278 2957 nuncupet,
322 2918 370 2945 ac
410 2906 626 2946 terrenum
667 2903 773 2945 illud
817 2904 1072 2947 elementum
1115 2919 1212 2947 suae
1250 2907 1379 2958 atque
1416 2904 1610 2956 aliorum,

51 2975 141 3015 tam
181 2978 461 3028 mortuorum,
504 2990 631 3028 quam
672 2975 905 3018 viventium
944 2975 1070 3018 saluti
1107 2976 1319 3030 prodesse,
1357 2976 1438 3018 hac
1466 2991 1612 3031 preca-
