1931 3224
268 159 343 201 198
859 156 1098 198 DISPUTATIO
1127 153 1242 198 XXI.

265 285 407 323 tamen
445 284 622 335 propter
657 281 832 335 negotia
867 280 993 333 hujus
1031 280 1172 332 seculi,
1213 278 1367 331 quibus
1404 279 1511 322 haec
1547 279 1636 321 vita
1663 283 1728 323 est
1755 281 1849 323 ob-·

265 354 404 405 noxia,
448 369 471 395 a
515 353 772 406 quotidianis
801 351 1021 392 laboribus
1061 350 1289 403 aliquod
1316 352 1530 404 tempus
1560 351 1831 405 singulariter

268 425 409 467 divino
440 424 572 465 cultui
611 427 652 465 et
690 423 861 477 publico
900 422 1138 463 ministerio
1175 422 1308 474 verbi,
1339 422 1672 475 ceremoniisque
1701 423 1830 466 sacris

265 496 465 537 divinitus
504 495 685 546 traditiS,
724 494 970 536 formandae
1012 493 1269 546 alendaeque
1307 492 1471 546 pietati,
1511 497 1761 548 segregetur
1789 498 1831 537 et

265 568 514 621 assignetur.

316 640 352 680 2.
392 638 482 680 Inio
521 641 568 679 ut
607 639 789 678 certus
822 636 897 678 sit
927 636 1063 688 dies,
1094 651 1220 690 quem
1247 636 1313 678 vel
1341 636 1456 678 Deus
1486 635 1736 689 definiverit,
1765 636 1833 680 vel

263 711 316 752 ad
341 711 529 752 ordinem
553 712 594 751 et
619 709 816 751 decorum
841 708 1031 750 libertati
1049 708 1265 750 Ecclesiae
1281 708 1562 750 definiendum
1575 709 1831 763 permiserit,

263 783 314 824 ad
346 783 461 835 cujus
492 779 831 821 observationem
859 781 953 821 tota
982 779 1173 822 Ecclesia
1202 779 1430 833 obligetur.

313 854 350 893 3.
375 852 432 893 Et
457 851 627 904 quidem
658 851 1054 902 accommodus,
1085 851 1128 892 id
1155 853 1229 903 est,
1259 851 1333 904 qui
1356 851 1485 894 toties
1509 851 1694 905 repetito
1719 852 1762 894 in
1787 866 1831 895 se

262 923 419 965 calculo
449 923 705 974 revolvatur,
735 924 864 974 atque
892 922 1223 976 proportionata
1252 922 1463 965 humanae
1491 925 1668 966 naturae
1697 923 1843 980 fragi—·

259 994 369 1045 litas,
413 994 635 1046 cultusque
673 993 803 1034 divini
843 994 1073 1035 necessitas
1111 994 1264 1047 exigit;
1305 1009 1431 1047 quem
1469 994 1698 1048 septimum
1738 994 1832 1048 (qui

260 1080 458 1107 numerus
485 1065 758 1118 perfectionis
788 1067 864 1116 est,
894 1067 935 1106 et
962 1064 1050 1106 fere
1079 1065 1162 1106 toti
1190 1067 1367 1107 naturae
1394 1065 1637 1118 respondet,
1668 1068 1709 1108 et
1737 1066 1831 1108 aliis

263 1138 389 1180 etiam
428 1137 625 1190 gentibus
665 1136 929 1189 observatus)
969 1135 1144 1179 Judaeis
1186 1152 1210 1178 a
1240 1137 1454 1179 creatione
1484 1137 1599 1179 Deus
1627 1137 1830 1190 instituit,

263 1212 304 1251 et
341 1208 541 1262 Apostoli
577 1209 621 1249 in
658 1207 925 1250 ordinatione
955 1208 1037 1250 diei
1064 1207 1326 1260 Dominicae,
1361 1208 1574 1260 ἀναλόγως
1611 1223 1830 1252 recurren-

261 1284 347 1323 tem
378 1280 511 1322 secuti
539 1282 648 1321 sunt.

316 1353 353 1394 4.
382 1352 443 1395 Ut
480 1351 839 1393 rationabilis
868 1351 941 1393 sit
969 1351 1355 1394 institutionis
1386 1366 1523 1404 causa,
1552 1367 1601 1394 ac
1630 1353 1830 1406 operibus

266 1423 563 1476 beneficiisque
614 1423 696 1465 Dei
747 1422 1015 1476 generalibus
1065 1438 1114 1465 ac
1155 1423 1409 1476 specialibus
1453 1425 1831 1468 commemorandis

261 1496 427 1550 publice
455 1495 630 1537 dicetur.

313 1568 349 1610 5.
381 1568 443 1611 Ut
472 1583 567 1609 usu
597 1569 645 1609 et
675 1566 1068 1608 observatione
1097 1566 1152 1608 sit
1181 1568 1222 1608 et
1250 1567 1461 1609 habeatur
1490 1570 1722 1611 sanctus.

317 1640 354 1682 6.
393 1639 597 1692 Adeoque
636 1639 844 1680 animus
886 1640 1039 1679 totus
1092 1637 1153 1679 ab
1201 1638 1330 1679 aliis
1375 1638 1520 1680 curis
1567 1637 1869 1682 avocetur·

259 1713 522 1763 totusque
561 1710 675 1752 dies
706 1708 880 1763 pietatis
910 1724 958 1750 ac
988 1708 1177 1750 caritatis
1207 1708 1358 1751 officiis
1388 1709 1671 1763 impendatur,
1702 1710 1830 1764 idque

262 1783 466 1835 quantum
508 1781 590 1823 fert
635 1780 863 1822 humana
904 1779 1265 1821 imbecillitas
1299 1783 1340 1822 et
1368 1780 1482 1823 vitae
1510 1796 1709 1835 praesens
1745 1797 1827 1825 ne-

263 1853 509 1894 cessitas.

314 1924 350 1965 7.
379 1923 446 1966 Ne
472 1939 534 1977 op
549 1938 637 1965 era
663 1938 770 1977 quae
793 1923 1033 1978 impediunt
1058 1925 1147 1978 ejus
1172 1923 1565 1977 sanctificationem,
1591 1925 1680 1968 sine
1705 1940 1829 1968 causa

262 1998 304 2037 et
334 1995 638 2037 contumaciter
668 1998 952 2038 exerceantur.

313 2068 348 2108 8.
380 2066 573 2120 Denique
601 2067 879 2109 humanitatis
912 2070 953 2110 et
984 2068 1174 2110 caritatis
1206 2067 1346 2110 officia
1376 2064 1477 2122 erga
1508 2069 1713 2121 subditos,
1742 2070 1828 2113 imo

260 2140 302 2179 et
339 2138 508 2191 bestias,
546 2139 615 2180 hic
655 2141 938 2192 praestentur.
969 2140 1085 2189 Quae
1114 2148 1247 2192 usque
1276 2140 1380 2182 adeo
1409 2141 1593 2183 naturali
1620 2141 1714 2195 lege
1740 2144 1829 2184 tra-

260 2209 426 2262 duntur,
464 2213 512 2251 ut
550 2213 591 2252 et
630 2211 849 2253 universae
888 2214 1035 2265 gentes
1074 2211 1250 2253 stativas
1287 2212 1413 2254 ferias
1442 2212 1638 2255 universo
1666 2213 1827 2267 populo

259 2295 514 2333 communes,
544 2284 585 2323 et
617 2281 740 2324 rebus
770 2283 899 2324 sacris
929 2283 1133 2325 obeundis
1163 2286 1442 2336 consecratas,
1473 2283 1712 2326 habuerint.

313 2350 485 2394 XLVII.
526 2352 777 2406 Speciale
815 2368 963 2406 vero,
1003 2356 1210 2408 quatenus
1247 2354 1389 2396 divina
1425 2354 1709 2407 institutione,
1746 2354 1830 2397 hoc

260 2423 454 2475 generale
493 2427 716 2466 revocatur
755 2425 807 2467 ad
845 2425 955 2467 hanc
994 2426 1191 2479 speciem,
1221 2428 1326 2480 puta
1355 2426 1643 2480 septimum
1672 2441 1696 2468 a
1725 2441 1828 2469 cre-

261 2493 447 2535 atione
487 2495 644 2548 diem,
685 2511 758 2538 seu
791 2495 1071 2548 Sabbathum,
1101 2500 1143 2539 et
1172 2497 1344 2550 quidem
1372 2513 1474 2551 qua
1501 2499 1828 2553 imperatum

259 2564 287 2606 J
299 2565 505 2618 udaeis3
546 2568 587 2609 et
617 2582 692 2620 per
722 2567 831 2609 hanc
859 2568 998 2621 ipsam
1025 2568 1130 2610 illud
1161 2569 1410 2623 explicatur,
1441 2584 1490 2612 ac
1519 2570 1653 2612 otium
1682 2570 1827 2612 stricte

261 2636 496 2678 mandatur.

312 2706 502 2750 XLVIII.
541 2710 686 2763 Atque
723 2711 785 2753 ita
824 2711 966 2753 omnia
994 2711 1202 2766 Decalogi
1231 2715 1460 2767 praecepta
1489 2713 1684 2762 omnibus
1713 2728 1828 2756 com-

259 2777 414 2829 munia,
455 2780 508 2821 ad
545 2780 573 2822 J
579 2781 733 2824 udaeos
770 2782 993 2835 speciatim
1031 2785 1417 2826 accommodantur.
1456 2784 1526 2826 Sic
1564 2784 1675 2826 enim
1712 2783 1827 2827 Deus

258 2848 496 2900 praefatur:
537 2850 675 2894 Audi
707 2851 906 2906 Israel,
935 2853 1049 2907 Ego
1080 2853 1343 2898 Dominus
1372 2870 1482 2898 sum
1509 2854 1652 2898 Deus
1679 2857 1826 2909 tuus,

261 2917 352 2969 qui
396 2919 552 2962 eduxi
595 2924 646 2964 te
691 2938 712 2965 e
752 2926 902 2966 terra
945 2924 1212 2979 Aegypti,
1258 2942 1280 2969 e
1323 2927 1474 2970 domo
1516 2927 1825 2970 servitutis?

261 2989 379 3040 cujus
416 2991 559 3033 tamen
595 2992 788 3037 beneficii
826 2996 1287 3051 commemorationem,
1315 3013 1427 3041 novo
1455 3000 1643 3053 accepto,
1673 2998 1827 3043 immu-

1921 3118 1931 3224 τΑΑι-Λι
1926 3080 1931 3088 .1
