1931 3224
217 136 280 178 DE
309 137 416 178 Vm
443 153 489 179 Ac
518 138 662 180 MORTE
692 138 881 181 AETERNA
910 154 957 180 ΕΤ
987 137 1317 199 CONsUMMAnoNE
1348 153 1491 180 smum.
1558 139 1636 181 665

83 260 319 312 cessabunt,
359 262 401 302 et
437 261 544 302 nihil
582 262 660 304 erit
689 263 733 304 in
764 277 940 316 corpore
968 263 1155 305 humano
1183 263 1428 305 indecorum
1457 265 1530 305 aut
1559 277 1638 316 pu-

84 331 174 373 dori
204 331 448 383 obnoxium,
476 332 568 385 ipse
597 333 738 386 fulgor
767 336 808 375 et
837 336 1036 386 maiestas
1062 335 1250 388 corporis
1273 335 1450 388 gloriosi
1466 349 1633 376 omnem

83 403 264 444 vestium
292 402 560 456 splendorem
590 406 631 446 et
660 406 926 457 maiestatem
955 406 1081 459 longe
1110 406 1294 448 excedet.

134 472 283 515 XLIV.
322 473 456 516 Sexus
494 476 637 516 tamen
677 475 976 529 diversitatem,
1017 480 1146 530 prout
1174 493 1198 518 a
1227 476 1318 519 Deo
1348 477 1533 519 humana
1562 492 1636 518 na-

83 547 178 586 tura
218 544 342 586 initio
385 544 554 586 condita
598 547 671 594 est,
708 561 997 589 remansuram
1035 548 1206 589 omnino
1247 550 1393 589 contra
1432 548 1637 600 quosdam

83 615 319 667 statuimus,
348 616 703 668 quemadmodum
734 632 785 659 ex
814 618 1022 660 sententia
1051 618 1209 660 Christi
1237 618 1360 660 Matt.
1389 620 1452 661 22.
1479 622 1520 661 et
1546 619 1638 660 aliis

82 686 185 728 locis
222 689 335 728 recte
374 687 426 728 ab
465 687 710 741 Augustino
750 689 987 743 colligitur;
1027 690 1105 731 etsi
1132 690 1316 742 reliquas
1345 690 1637 731 mutilationes

84 759 157 798 aut
192 757 534 810 imperfectiones
571 759 871 810 membrorum,
911 763 984 802 aut
1013 761 1176 812 aetatis,
1205 776 1229 802 a
1258 761 1505 815 corporibus
1528 761 1639 814 judi-

84 843 225 870 camus
262 828 490 880 tollendas3
532 830 631 882 quia
670 830 839 884 corpori
877 830 1037 873 Christi
1066 831 1253 885 glorioso
1285 847 1464 886 corpora
1492 835 1639 874 nostra

82 899 260 940 humilia
287 899 482 941 dicuntur
511 900 827 953 conformanda,
856 901 966 944 Phil.
996 904 1033 944 3.
1063 906 1104 945 et
1130 904 1242 956 quod
1266 904 1498 945 seminatur
1521 904 1640 945 infir—

83 985 209 1022 mum,
249 971 505 1013 excitabitur
541 974 706 1025 potens,
745 975 792 1014 ut
820 973 1056 1027 Apostolus
1084 975 1275 1027 loquitur
1305 976 1325 1016 1
1358 974 1450 1016 Cor.
1482 974 1545 1026 15,
1575 974 1638 1016 42.

83 1042 340 1095 gravitatem
378 1057 546 1096 quoque
583 1043 703 1085 illam
739 1047 950 1087 terrenam
987 1048 1028 1087 et
1056 1046 1221 1099 pondus
1249 1046 1301 1087 ab
1331 1046 1481 1088 iisdem
1509 1061 1639 1088 mem·

83 1112 170 1154 bris
205 1113 440 1155 tollendum
478 1129 578 1164 esse,
604 1130 653 1156 ex
684 1130 732 1157 eo
763 1130 931 1168 quoque
959 1118 1071 1158 recte
1102 1117 1328 1170 colligitur,
1359 1117 1457 1169 quia
1486 1131 1639 1170 corpus

87 1184 267 1226 animale
305 1185 504 1227 reddetur
532 1186 764 1241 spirituale,
795 1190 836 1229 et
865 1187 1032 1229 Christo
1061 1188 1249 1230 venienti
1278 1203 1298 1229 e
1328 1202 1491 1229 summo
1523 1187 1638 1229 coelo

84 1256 333 1298 brevissimo
370 1259 576 1310 tempore,
613 1257 749 1299 instar
777 1257 971 1312 fulguris,
1000 1258 1354 1311 quemadmodum
1382 1259 1473 1312 ipse
1503 1258 1639 1311 loqui-

82 1329 153 1368 tur
189 1327 313 1369 Matt.
353 1329 418 1380 24,
454 1330 517 1370 27.
555 1329 772 1382 rapiemur
807 1329 853 1370 in
890 1330 978 1382 ejus
1008 1344 1239 1382 occursum,
1269 1330 1313 1371 in
1341 1329 1486 1382 nubes,
1516 1330 1640 1371 sicuti

84 1399 315 1450 Apostolus
343 1401 526 1441 testatur
556 1401 577 1442 1
608 1400 755 1442 Thess.
784 1401 822 1452 4,
852 1401 915 1442 17.

135 1468 263 1512 XLV.
302 1469 367 1511 Ex
395 1471 448 1512 iis
478 1486 585 1524 quae
615 1472 665 1513 de
692 1476 845 1514 natura
875 1474 915 1514 et
947 1473 1275 1514 circumstantiis
1303 1472 1414 1514 vitae
1444 1475 1638 1515 aeternae

85 1538 289 1581 hactenus
319 1541 530 1595 explicata
560 1545 670 1594 sunt,
701 1558 751 1585 ex
780 1544 993 1585 contrario
1024 1544 1127 1586 satis
1155 1547 1298 1598 potest
1325 1544 1508 1597 intelligi
1538 1545 1639 1597 quid

84 1611 133 1652 de
171 1614 344 1654 aeterna
381 1616 519 1656 morte
557 1614 612 1656 sit
641 1616 930 1666 statuendum3
961 1616 1065 1658 adeo
1096 1618 1144 1657 ut
1173 1615 1367 1658 omnibus
1395 1616 1639 1657 minutatim

84 1684 325 1736 repetendis
368 1699 453 1726 non
494 1699 663 1727 necesse
706 1686 760 1727 sit
801 1701 878 1728 nos
920 1686 1149 1728 immorari.
1188 1686 1255 1727 Ad
1290 1687 1513 1728 veritatem
1551 1688 1637 1740 ejus

81 1757 223 1805 tamen
250 1758 373 1797 tanto
404 1756 591 1798 exactius
621 1758 956 1810 cognoscendam
984 1758 1088 1800 haec
1117 1773 1253 1811 pauca
1276 1758 1557 1810 adjungimus.

134 1825 282 1868 XLVI.
323 1826 526 1880 Primum,
566 1829 860 1882 blasphemam
897 1844 986 1871 esse
1014 1829 1269 1871 sententiam
1300 1828 1638 1881 Socinianorum,

82 1897 156 1950 qui
193 1900 375 1940 mortem
412 1902 627 1942 aeternam
665 1916 742 1954 per
780 1901 1083 1943 extinctionem
1121 1904 1336 1943 aeternam
1378 1901 1569 1953 corporis
1598 1904 1640 1942 et

82 1969 246 2011 animae
290 1969 462 2012 definire
505 1971 654 2022 solent,
694 1987 824 2024 quum
862 1971 902 2014 S.
941 1972 1162 2025 Scriptura
1199 1971 1376 2013 infinitis
1412 1971 1500 2013 fere
1537 1972 1639 2013 locis

80 2042 263 2082 mortem
292 2043 508 2083 aeternam
536 2057 630 2084 cum
658 2043 875 2085 doloribus
905 2046 946 2085 et
972 2043 1226 2086 cruciatibus
1243 2044 1423 2086 aeternis
1440 2044 1638 2096 coniunc-

82 2114 171 2153 tam
214 2127 302 2154 esse
344 2113 505 2165 doceat,
549 2116 590 2155 et
632 2114 726 2167 ipsa
769 2114 1027 2156 conscientia
1070 2114 1291 2156 hominum
1337 2114 1640 2155 sceleratorum

61 2179 136 2225 ⁴ab
174 2183 284 2225 irato
324 2183 416 2226 Deo
454 2184 583 2238 longe
619 2185 724 2227 alias
754 2200 911 2240 poenas
942 2189 984 2228 et
1011 2188 1225 2228 tormenta
1254 2188 1417 2227 metuat
1447 2187 1487 2227 et
1516 2200 1638 2239 prae-

83 2255 297 2297 sentiscat.

134 2325 307 2368 XLVII.
346 2326 510 2369 Deinde
548 2330 589 2369 et
627 2342 846 2370 erroneam
885 2343 973 2371 esse
1011 2329 1256 2382 opinionem
1286 2327 1638 2382 Origenistarum,

84 2400 125 2439 et
161 2398 427 2450 quorundam
453 2399 848 2453 Anabaptistarum,
880 2400 952 2452 qui
979 2400 1132 2442 horum
1162 2400 1425 2442 cruciatuum
1454 2400 1640 2453 aliquem

82 2469 209 2512 finem
245 2471 420 2512 tandem
456 2471 547 2513 fore
585 2471 807 2524 imaginati
847 2474 955 2513 sunt.
996 2471 1109 2513 Nam
1135 2486 1250 2513 mors
1280 2474 1451 2513 aeterna
1481 2474 1522 2513 et
1550 2472 1638 2514 vita

83 2542 255 2582 aeterna
279 2541 322 2582 in
347 2540 578 2595 Scripturis
603 2543 750 2584 eodem
773 2557 896 2584 sensu
918 2543 1029 2584 inter
1053 2558 1096 2584 se
1122 2545 1409 2595 opponuntur,
1435 2545 1482 2584 ut
1497 2543 1638 2585 videre

84 2613 148 2653 est
186 2610 293 2652 Dan.
324 2612 385 2664 12,
415 2613 451 2654 2.
481 2612 605 2654 Matt.
635 2613 699 2665 25,
728 2614 791 2655 27.
822 2616 949 2666 atque
978 2612 1072 2655 ideo
1102 2613 1200 2655 Luc.
1230 2614 1292 2665 16,
1323 2614 1386 2655 27.
1417 2615 1470 2656 ab
1499 2614 1638 2656 Abra-

83 2681 210 2723 hamo
249 2697 444 2735 expresse
482 2683 647 2735 dicitur,
686 2699 770 2726 non
808 2699 931 2738 posse
970 2699 1211 2737 quenquam
1246 2686 1428 2727 transire
1468 2701 1518 2727 ex
1544 2686 1637 2728 loco

83 2755 394 2796 tormentorum
421 2756 466 2797 in
493 2756 634 2798 locum
662 2756 976 2798 consolationis.
1007 2755 1098 2798 Imo
1141 2756 1275 2798 Marci
1304 2758 1341 2808 9,
1370 2757 1433 2798 47.
1462 2759 1638 2799 vocatur

84 2825 280 2867 vermis
323 2827 543 2879 quinon
571 2828 821 2877 moritur,
852 2829 901 2867 et
929 2826 1076 2879 ignis
1106 2828 1197 2879 qui
1224 2842 1327 2869 non
1358 2827 1637 2882 extingui-

84 2897 191 2948 tur,
230 2898 339 2940 unde
379 2901 420 2940 et
456 2899 500 2940 in
537 2898 671 2951 Apoc.
710 2898 772 2946 14,
811 2898 873 2939 11.
913 2900 955 2939 et
993 2899 1054 2948 19,
1093 2899 1129 2940 3.
1169 2901 1353 2941 testatur
1380 2899 1565 2953 Spiritus
1595 2900 1635 2944 S.

87 2968 198 3019 quod
238 2968 414 3010 tumus
454 2968 719 3010 tormenti
758 2982 936 3010 eorum
975 2970 1233 3011 ascendat
1270 2971 1321 3011 in
1351 2972 1534 3013 secula
1564 2987 1636 3014 se-
