1931 3224
300 182 378 225 642
905 176 1145 218 DisPUTArio
1174 175 1240 217 LI.

302 321 469 361 aeque
499 302 776 346 Catholici
814 304 864 343 et
894 300 1102 344 eruditi
1128 298 1256 352 viri,
1288 296 1377 351 qui
1406 295 1653 347 credunt,
1683 292 1860 335 anima

300 379 354 421 in
405 390 638 430 corpore
687 375 936 417 manente
979 370 1346 415 immutandos
1388 367 1449 410 ad
1489 363 1861 418 incorruptio-

302 465 417 492 nem
446 451 496 491 et
524 446 1002 490 immortalitatem
1031 458 1138 496 eos,
1172 441 1264 495 qui
1295 441 1349 482 in
1381 439 1616 482 adventu
1643 435 1861 479 Domini

301 521 413 564 vivi
450 520 824 570 invenientur,
864 519 913 559 et
945 517 1046 558 1100
1084 515 1160 557 018
1188 511 1441 568 reputari
1468 525 1564 564 pro
1594 522 1862 552 resurrec-

301 594 449 635 tione
488 607 545 634 ex
582 591 836 642 mortuis,
876 589 1017 643 quod
1052 585 1454 629 mortalitatem
1481 581 1863 624 immutatione

303 666 599 719 deponant,
655 678 759 705 non
813 663 1008 703 morte:
1066 658 1318 713 quolibet
1373 655 1494 710 quis
1545 653 1864 707 acquiescat

302 737 475 789 modo,
504 751 608 778 non
638 737 719 777 est
749 732 1081 776 haereticus.

355 807 556 850 XXXIII.
599 806 691 849 Nos
735 807 865 848 etiam
908 805 1200 847 existimamus
1241 803 1438 844 neutram
1479 798 1734 842 sententiam
1777 811 1864 839 esse

305 880 599 933 damnandam,
624 880 669 921 in
692 878 744 920 iis
771 877 844 931 qui
869 876 1150 919 communiter
1174 876 1332 927 tenent,
1357 874 1412 915 in
1435 871 1719 915 Ecclesiae
1742 869 1864 923 lege

306 953 592 1004 sufficere,
636 950 818 992 carnis
859 947 1329 991 resurrectionem
1367 944 1590 987 credere
1627 941 1866 983 futuram

307 1026 366 1068 de
396 1027 580 1068 morte.
607 1023 744 1073 Quam
769 1022 819 1064 de
845 1010 1049 1063 omnibus
1067 1018 1238 1062 omnino
1263 1016 1454 1068 mortuis,
1478 1017 1568 1057 tam
1591 1013 1715 1056 bonis
1739 1026 1866 1066 quam

307 1097 430 1140 malis
468 1096 740 1147 affirmamus,
769 1093 938 1136 nemine
967 1094 1159 1146 excepto.
1189 1090 1258 1132 Ad
1285 1089 1368 1132 1100
1397 1087 1509 1131 0111111
1536 1087 1681 1129 futura
1710 1087 1773 1127 est
1800 1097 1866 1126 re-

309 1169 528 1221 surrectio,
557 1171 605 1210 ut
628 1167 872 1221 judicentur
902 1179 1059 1217 omnes,
1091 1165 1132 1206 et
1160 1162 1339 1216 recipiat
1369 1161 1547 1214 quisque
1575 1156 1752 1213 propria
1777 1169 1868 1197 cor-

310 1242 439 1297 poris,
469 1256 543 1284 seu
570 1240 732 1282 bonum
760 1253 833 1280 seu
861 1237 1032 1289 malum,
1062 1236 1086 1277 2
1116 1234 1227 1276 Cor.
1256 1233 1293 1286 5,
1319 1233 1382 1275 10.
1410 1232 1515 1274 Cum
1541 1245 1642 1284 ergo
1662 1227 1869 1282 judicium

311 1317 353 1356 et
381 1312 608 1356 retributio
639 1312 695 1354 sit
724 1310 927 1361 omnium,
958 1308 1038 1351 erit
1064 1310 1105 1349 et
1137 1305 1327 1349 omnium
1356 1302 1625 1347 resurrectio.
1654 1300 1723 1343 Sic
1750 1299 1778 1341 J
1790 1299 1867 1341 011.

309 1386 347 1438 5,
377 1385 440 1427 28.
470 1384 520 1426 fit
549 1382 794 1426 distributio
827 1380 1017 1424 omnium
1047 1378 1120 1432 qui
1146 1379 1190 1419 in
1218 1375 1504 1419 monumentis
1535 1376 1633 1416 sunt
1663 1375 1704 1414 et
1731 1386 1870 1414 resur-

309 1456 468 1499 recturi
506 1457 616 1507 sunt,
654 1454 699 1495 in
728 1468 799 1496 eos
830 1453 901 1506 qui
932 1451 1045 1493 bona
1075 1452 1116 1492 et
1145 1448 1257 1490 mala
1287 1448 1487 1502 egerunt3
1517 1447 1558 1487 et
1586 1444 1682 1486 Act.
1712 1443 1776 1496 24,
1807 1442 1870 1484 15.

312 1527 467 1582 Spem
495 1526 754 1569 habemus
783 1539 937 1578 quam
963 1525 1014 1565 et
1043 1521 1098 1563 hi
1129 1521 1476 1574 exspectant,
1506 1513 1871 1559 resurrectio-

311 1615 425 1642 nem
453 1598 695 1640 futuram
720 1598 1000 1650 justorum
1029 1596 1081 1637 et
1108 1593 1454 1646 injustorum.
1486 1589 1567 1639 Qui
1590 1588 1707 1630 locus
1732 1588 1872 1628 osten-

312 1671 386 1723 dit,
424 1670 550 1712 Pauli
585 1672 778 1722 tempore
817 1668 947 1710 etiam
983 1664 1182 1717 Judae0s,
1223 1662 1416 1716 quamvis
1453 1661 1499 1703 in
1535 1659 1751 1702 Christum
1786 1671 1874 1699 non

314 1743 543 1794 credentes,
583 1741 740 1795 dogma
778 1742 923 1782 tamen
963 1739 1012 1780 de
1051 1736 1362 1779 resurrectione
1389 1736 1480 1776 tam
1502 1733 1717 1786 justorum
1747 1743 1874 1783 quam

312 1815 559 1868 iniquorum
594 1828 673 1866 pro
710 1826 810 1854 vero
850 1813 891 1853 et
926 1809 1168 1852 indubitato
1197 1806 1409 1858 habuisse,
1441 1806 1589 1847 contra
1620 1816 1749 1856 quam
1778 1815 1872 1842 sen-

313 1887 428 1928 tiunt
464 1884 661 1928 hodierni
690 1883 856 1935 Judaei,
883 1882 956 1935 qui
985 1896 1063 1935 pro
1093 1880 1271 1932 antiqua
1297 1878 1459 1920 habent
1482 1874 1724 1926 traditione,
1753 1871 1874 1926 pios

313 1961 529 2001 tantum
557 1955 952 2000 resuscitatum
981 1953 1075 2005 iri,
1105 1951 1306 2005 impios
1335 1951 1513 1991 autem
1538 1958 1764 2001 prorsus
1795 1958 1874 1985 ex-

317 2032 533 2085 spirare
564 2032 614 2072 et
643 2026 888 2071 aeternis
912 2024 1159 2068 tenebris
1185 2021 1364 2073 obrui3
1390 2022 1447 2062 ut
1469 2031 1741 2071 nunquam
1764 2014 1876 2057 red-

317 2105 441 2145 eant
487 2103 542 2144 in
588 2102 778 2152 vitam,
817 2101 866 2140 ut
904 2097 1033 2140 refert
1072 2095 1269 2137 Buxtorf.
1308 2092 1467 2148 Synag.
1505 2089 1669 2132 Judaic.
1710 2102 1799 2141 cap.
1840 2086 1876 2128 1.

316 2174 456 2228 Hujus
494 2173 648 2216 erroris
685 2172 730 2214 in
767 2169 1078 2213 recentioribus
1117 2166 1378 2209 Judaeoruni
1416 2162 1598 2217 scriptis,
1627 2176 1714 2204 non
1742 2173 1878 2214 pauca

317 2245 587 2299 reperiuntur
624 2242 791 2295 indicia,
832 2241 913 2284 etsi
949 2255 1036 2283 non
1065 2240 1127 2281 ita
1153 2238 1264 2280 inter
1296 2251 1339 2279 se
1369 2235 1626 2289 conspirent,
1655 2234 1704 2274 ut
1734 2244 1878 2274 omnes

319 2332 451 2359 unum
479 2316 635 2359 dicant.

372 2387 572 2431 XXXIV.
611 2386 826 2441 Ambigue
866 2385 1101 2438 loquuntur
1140 2382 1270 2424 etiam
1315 2380 1365 2422 de
1404 2377 1635 2433 impiorum
1669 2389 1880 2417 resurrec-

319 2463 437 2505 tione
462 2460 607 2504 Socini
627 2459 823 2511 asseclae,
846 2457 937 2511 qui
959 2455 1136 2499 sacris
1156 2452 1344 2496 literis
1364 2448 1745 2494 ascribendum
1765 2461 1881 2490 esse

323 2535 481 2586 dicunt,
510 2531 699 2586 potius
729 2544 883 2583 quam
913 2543 1036 2570 suae
1066 2525 1401 2575 sententiae,
1431 2523 1475 2565 31
1501 2521 1621 2575 (11118
1647 2519 1883 2572 colligat

321 2605 520 2659 impios
566 2604 848 2645 aeternum
888 2615 994 2643 non
1036 2599 1305 2649 victuros,
1350 2611 1409 2638 ex
1453 2608 1512 2636 eo
1556 2591 1696 2646 quod
1738 2590 1883 2633 solos

322 2677 443 2730 pios
471 2674 721 2717 victuros
750 2673 803 2714 in
833 2674 1142 2722 aeternum,
1172 2668 1409 2723 petitum
1439 2667 1520 2708 est
1550 2679 1609 2706 ex
1633 2664 1884 2718 penetra-

322 2748 471 2790 libus
511 2760 787 2788 sacrarum
816 2743 1253 2797 Scripturarum,
1286 2754 1420 2793 quae
1448 2738 1565 2780 sola
1593 2735 1741 2778 vitae
1767 2747 1885 2787 pro-

323 2819 587 2862 missione
616 2817 864 2860 solantur
891 2814 1107 2857 fideles.
1138 2811 1347 2857 Smalcius
1375 2824 1472 2865 pag.
1496 2808 1587 2850 409.
1611 2806 1735 2849 refut.
1761 2804 1885 2847 Thes.

325 2891 528 2944 Frantzii,
572 2889 645 2943 qui
686 2888 814 2931 etiam
851 2901 951 2942 pag.
989 2886 1079 2928 415.
1115 2884 1320 2938 Impios
1357 2882 1577 2924 futuros
1614 2878 1887 2920 immorta-

328 2963 429 3014 108,
471 2976 658 3016 nempe
702 2961 754 3002 in
795 2961 1076 3002 aeternum
1116 2954 1501 3010 opprobrium,
1536 2964 1632 2992 nec
1668 2961 1889 3001 usquam

330 3048 512 3076 sacras
558 3033 758 3075 literas
797 3029 1177 3084 comprobare,
1214 3041 1309 3070 nec
1349 3024 1637 3078 quicquam
1672 3035 1731 3063 ex
1769 3018 1888 3061 illis
1929 3031 1931 3033 ·
