1931 3224
514 278 993 327 DISPUTATIO
1040 278 1186 326 XLV.

830 396 876 418 DE

570 471 787 538 Coena
834 471 1118 538 Domini.

439 597 637 640 Praeside
667 597 719 639 D.
749 596 1013 640 ANTONIO
1044 597 1268 639 THYSIO.

353 689 629 738 Respondente
656 688 938 728 VOLOKERO
969 688 1353 729 OOSTERWIJOK.

725 793 916 836 Tnnsis
954 793 987 836 I.

229 899 400 932 UCUSQUE
416 885 466 925 de
481 884 516 924 Β
529 899 552 925 a
563 899 590 937 p
603 886 620 924 t
631 883 644 924 i
657 898 675 925 s
687 899 729 925 m
741 898 778 934 o,
796 883 1163 936 Regenerationis,
1178 883 1487 935 Poenitentiae‚
1502 883 1635 936 Fidei,

98 893 214 998 Η
229 955 417 1008 adeoque
459 954 710 996 induitionis
755 953 927 1005 Christi,
968 957 1009 995 et
1046 953 1300 995 initiationis
1340 953 1635 997 Sacramento:

71 1025 263 1079 sequitur
306 1024 371 1066 Co
386 1039 480 1066 ena
523 1023 759 1075 Domini,
802 1023 1063 1075 nutritionis,
1103 1026 1156 1075 et,
1195 1026 1243 1066 ut
1280 1023 1429 1067 Patres
1467 1028 1635 1079 vocant,

70 1096 345 1150 perfectionis
375 1095 642 1150 Mysterium.

121 1167 176 1209 II.
212 1168 278 1209 Ea
315 1167 442 1209 variis
480 1166 845 1221 appellationibus
875 1166 1002 1217 venit,
1033 1169 1127 1208 tum
1158 1166 1404 1221 Scripturae
1432 1171 1525 1210 tum
1553 1168 1636 1211 Pa-

69 1239 221 1282 tribus.
260 1238 507 1292 Scripturae
546 1238 716 1291 quidem
745 1238 911 1290 dicitur,
944 1239 978 1279 1.
1012 1237 1187 1280 Coena
1218 1238 1458 1291 Domini,
1487 1240 1508 1281 1
1542 1239 1636 1282 Cor.

70 1312 133 1364 11,
171 1312 234 1353 20.
274 1311 597 1352 nomenclatura
636 1325 660 1352 a
696 1310 904 1363 temporis
943 1309 1273 1362 circumstantia,
1312 1312 1464 1363 utpote
1494 1311 1637 1353 convi-

68 1383 185 1425 vium
209 1383 521 1437 vespertinum3
547 1384 588 1424 et
614 1382 666 1423 ab
694 1384 879 1433 auctore,
904 1381 1086 1434 fineque,
1113 1384 1160 1422 ut
1182 1397 1206 1423 a
1221 1381 1407 1424 Domino
1424 1383 1635 1434 instituta,

70 1454 123 1497 ad
166 1455 254 1507 ejus
296 1453 546 1496 memoriam
587 1467 716 1506 porro
757 1452 1030 1494 celebranda:
1070 1468 1198 1506 quam
1236 1453 1426 1496 jesuitae
1466 1454 1635 1507 quidem

71 1525 216 1578 inepte
260 1525 313 1566 ad
355 1525 530 1578 Agapas
573 1525 851 1577 restringunt.
895 1524 931 1565 2.
975 1522 1158 1565 Mensa
1201 1523 1432 1577 Domini,
1477 1527 1497 1567 1
1542 1525 1634 1568 Cor.

70 1596 133 1648 10,
173 1597 234 1637 21.
278 1598 319 1637 et
357 1595 552 1638 absolute
590 1610 790 1647 mensa,
830 1595 926 1637 Act.
958 1596 1018 1647 16,
1050 1596 1086 1636 2.
1115 1596 1399 1649 metonymice
1427 1612 1505 1650 pro
1536 1612 1635 1640 con-

68 1666 181 1708 vivio
211 1666 294 1708 hoc
319 1681 438 1709 sacro
466 1682 487 1708 e
511 1681 621 1720 pane
645 1666 832 1720 vinoque
857 1668 1090 1708 constante.
1118 1666 1318 1716 Quamvis
1341 1667 1428 1714 illic
1452 1682 1476 1708 a
1500 1667 1634 1710 Paulo

69 1738 122 1779 ad
146 1753 300 1792 panem
324 1738 475 1780 referri
500 1738 707 1790 videatur,
733 1738 887 1791 poculo
913 1737 1088 1779 Domini
1113 1739 1151 1780 ei
1177 1739 1389 1792 opposito.
1412 1739 1448 1780 3.
1469 1738 1633 1781 Panis

70 1810 162 1863 qui
212 1809 497 1863 frangitur
540 1812 591 1851 et
632 1809 888 1864 poculum
934 1810 1156 1861 Εὐλογίκς,
1198 1810 1634 1862 benedictionis,

71 1883 92 1924 1
131 1882 225 1925 Cor.
254 1883 318 1933 10,
349 1882 412 1923 16.
441 1882 479 1923 4.
510 1881 680 1923 Panis
708 1881 841 1933 iste,
873 1883 924 1923 et
953 1881 1207 1934 poculum
1235 1881 1404 1933 istud,
1435 1896 1509 1923 seu
1536 1881 1634 1923 Do-

69 1953 220 2004 mini,
259 1955 302 1994 et
340 1953 533 1995 absolute
570 1952 734 1994 Panis
774 1954 824 1994 et
861 1953 1138 2005 poculum,
1178 1953 1198 1993 1
1240 1952 1333 1994 Gor.
1373 1953 1436 2004 11,
1475 1953 1538 2004 26,
1569 1952 1632 1994 27.

69 2026 162 2066 toto
205 2023 365 2066 scilicet
406 2039 482 2077 per
523 2026 666 2077 partes
707 2024 933 2077 explicato.
974 2023 1011 2065 5.
1050 2023 1233 2072 Panis,
1273 2024 1294 2065 1
1335 2022 1428 2065 Cor.
1469 2024 1530 2075 10,
1572 2023 1633 2065 17.

68 2095 257 2149 itemque
301 2098 488 2149 potus,
513 2096 552 2139 ,1
598 2094 690 2137 Cor.
737 2095 799 2137 13.
843 2095 1071 2137 secundum
1114 2094 1232 2136 verbi
1275 2094 1630 2148 conjugationem,

69 2167 388 2220 synecdochice.
417 2168 454 2208 6.
482 2166 619 2208 Esca
645 2169 695 2208 et
720 2169 884 2220 potus
909 2165 1253 2220 spiritualis,
1280 2166 1299 2206 1
1328 2165 1420 2207 Cor.
1447 2166 1507 2217 10,
1533 2167 1570 2208 3.
1594 2168 1632 2208 4.

70 2239 105 2280 7.
143 2238 367 2280 Fractio
409 2238 590 2291 panis,
627 2238 724 2280 Act.
764 2240 800 2289 2,
839 2239 902 2279 42.
943 2241 984 2279 et
1022 2238 1085 2287 20,
1118 2238 1152 2278 7.
1185 2236 1288 2289 (quo
1319 2236 1425 2278 alias
1456 2237 1634 2289 quodvis

70 2310 348 2352 domesticum
388 2309 629 2351 convivium
668 2309 842 2351 Judaeis
880 2307 1163 2362 significatur)
1195 2309 1322 2361 idque
1351 2318 1443 2350 nxz-⁹
1475 2308 1631 2362 ἐξοχὴν.

70 2382 106 2423 8.
145 2380 355 2434 Corpus
393 2380 620 2422 Domini.
660 2381 681 2422 1
723 2380 816 2422 Cor.
859 2381 920 2431 ll,
951 2381 1014 2421 29.
1044 2379 1341 2432 metonymice.
1371 2380 1406 2421 9.
1438 2379 1634 2432 Denique

68 2451 258 2505 Agape
301 2465 372 2492 seu
415 2450 684 2501 Dilectio,
721 2453 746 2492 2
785 2450 875 2493 Pet.
916 2452 952 2502 2,
991 2451 1053 2492 13.
1091 2450 1190 2492 Jud.
1229 2465 1333 2492 vers.
1374 2450 1435 2490 12.
1476 2450 1519 2491 id
1559 2453 1632 2501 est,

70 2538 236 2566 sacrum
276 2522 529 2573 convivium,
568 2523 806 2565 dilectionis
833 2523 1054 2565 testandae
1084 2524 1127 2563 et
1155 2522 1464 2563 conservandae
1494 2520 1633 2574 gratia

69 2596 329 2646 institutum,
370 2596 447 2637 sub
489 2610 573 2648 qua
601 2594 923 2637 Sacramentum
950 2594 1044 2646 hoc,
1074 2596 1122 2635 ut
1152 2595 1240 2647 ejus
1269 2593 1492 2647 potissima
1520 2607 1633 2646 pars,

71 2667 521 2721 comprehendebatur.

123 2738 198 2781 ΠΙ.
226 2738 427 2780 Patribus
458 2752 558 2780 vero
588 2739 823 2791 praeterea,
846 2737 1058 2790 imprimis
1084 2736 1268 2788 Graecis,
1294 2739 1470 2779 vocatur
1494 2737 1632 2791 primo

71 2809 244 2860 σύνκξις,
301 2809 465 2852 Latinis
509 2809 771 2861 collecta,
818 2808 1109 2859 collectiO,
1154 2810 1475 2860 conventus,
1518 2809 1633 2862 quod

71 2881 241 2934 publica
265 2881 369 2923 haec
392 2880 502 2923 actio
527 2881 572 2922 in
597 2880 875 2922 conventibus
900 2880 1116 2922 Ecclesiae
1142 2880 1402 2933 conjunctim
1428 2880 1632 2922 celebrari

71 2952 200 2995 solita
229 2952 296 3005 sit,
327 2967 376 2994 ex
405 2952 500 2994 loco
529 2952 623 2994 Act.
653 2953 716 3004 20,
747 2953 781 2994 7.
808 2954 850 2994 et
876 2953 896 2994 1
924 2951 1018 2994 Cor.
1043 2952 1106 3003 11,
1133 2952 1195 2994 18.
1220 2952 1284 2994 33.
1309 2953 1347 2994 2.
1373 2952 1629 3006 Εὐχκριστίοε
