1931 3224
256 142 306 184 10
885 137 1128 180 D1spum10
1162 136 1216 180 11.

256 264 441 319 Spiritus
483 264 627 307 Sancti
662 262 920 314 testimonio,
959 262 1072 315 quod
1102 261 1297 304 omnibus
1325 262 1588 316 argumentis
1617 264 1679 305 est
1707 263 1813 305 vali-

257 335 362 388 dius,
400 335 590 377 convinci
626 350 712 377 non
747 336 945 388 possunt:
982 348 1081 374 nam
1114 332 1381 387 Spiritum
1409 333 1562 375 illum
1589 334 1813 376 mundus

257 421 358 448 non
407 406 579 458 novit,
629 421 798 459 neque
848 404 1092 457 recipere
1132 406 1338 457 potest,
1376 406 1425 445 ut
1465 404 1658 446 Christus
1695 404 1812 447 Joh.

259 477 321 529 14,
374 477 434 519 17.
483 478 678 519 testatur.
730 476 827 517 Alia
878 490 978 529 ergo
1031 490 1148 517 arma
1201 475 1398 517 adversus
1440 489 1510 517 eos
1553 475 1813 529 expedienda

257 551 367 598 sunt,
396 551 444 589 ut
471 548 661 602 ipsorum
689 547 852 589 animus
884 546 961 587 sub
991 546 1275 588 obedientiam
1302 545 1460 588 Christi
1486 547 1693 600 paulatim
1720 547 1814 589 red-

255 620 411 673 igatur,
436 620 470 661 si
491 620 601 661 forte
624 634 700 673 per
724 618 930 672 Spiritum
953 632 1075 659 suum
1097 617 1266 659 illorum
1282 618 1724 670 cordibusillucescat3
1742 622 1815 661 aut

257 693 305 732 ut
345 690 427 744 ipsi
462 690 750 732 contumaciae
779 704 877 731 suae
905 689 1099 739 convicti,
1132 688 1462 742 αὐτοκατάκριτοι
1491 693 1702 732 maneant.
1730 690 1814 733 Re-

257 763 453 804 ducemus
480 777 579 804 vero
609 762 680 803 illa
708 763 959 814 argumenta
987 761 1040 803 ad
1067 761 1172 803 haec
1199 761 1283 802 tria
1311 775 1477 814 genera.

309 832 424 875 XIII.
463 832 698 874 Primum
733 832 1042 886 argumenti
1080 847 1247 888 genus
1285 832 1468 887 petimus
1507 847 1557 873 ex
1591 832 1675 873 illis
1702 833 1816 874 notis

258 907 300 947 et
336 904 527 956 criteriis,
567 904 720 957 quibus
757 904 1042 956 cujuscunque
1079 903 1282 945 historiae
1316 903 1419 946 fides
1456 905 1498 945 et
1524 903 1681 945 veritas
1710 904 1817 946 solet

259 979 300 1018 et
324 978 465 1030 potest
490 975 713 1029 explorari.
740 974 853 1017 Nam
877 974 911 1016 si
936 977 1100 1016 constet
1124 974 1360 1017 Historiam
1384 974 1555 1017 Sacram
1571 990 1659 1018 esse
1673 975 1817 1017 verani

258 1061 306 1088 ac
338 1049 510 1097 certam,
539 1046 684 1088 eadem
716 1060 845 1099 opera
871 1045 1106 1087 necessario
1137 1046 1362 1098 constabit,
1394 1061 1486 1088 eam
1516 1061 1604 1088 esse
1634 1047 1818 1089 divinam

259 1121 300 1160 et
329 1118 594 1168 θεόπνευστονς
632 1118 730 1171 quia
754 1118 846 1172 ipsa
869 1117 950 1159 sibi
974 1117 1132 1170 ubique
1158 1132 1257 1160 suae
1277 1117 1511 1160 divinitatis
1526 1118 1818 1161 testimonium

258 1190 566 1244 amplissimum
594 1189 780 1243 praebet.

309 1260 424 1303 XIV.
453 1261 660 1303 Arrianus
681 1261 726 1302 in
749 1260 1028 1315 praefatione,
1052 1260 1191 1303 Lib.1.
1219 1261 1268 1303 de
1286 1262 1556 1315 expeditione
1574 1262 1819 1313 Alexandri,

258 1333 302 1374 in
338 1332 528 1375 historiis
557 1332 753 1374 humanis
783 1335 898 1375 certa
925 1331 1118 1374 veritatis
1148 1332 1322 1386 xpt‘rn'ptx
1352 1348 1440 1376 esse
1465 1334 1635 1376 asserit:
1660 1334 1818 1387 Primo,

258 1403 302 1445 si
356 1404 442 1445 illi
497 1404 586 1457 qui
642 1404 910 1455 scribunt,
967 1403 1078 1445 sint
1133 1419 1399 1457 personae
1449 1405 1559 1447 fide
1611 1405 1819 1459 dignae.

258 1475 463 1527 Secundo,
515 1475 558 1517 si
601 1476 914 1518 actionibus
958 1490 1087 1528 quas
1129 1475 1356 1530 scriptis
1397 1477 1669 1529 mandant,
1711 1477 1820 1531 ipsi

257 1547 635 1589 interfuerint.
675 1547 834 1600 Tertio,
864 1548 907 1589 si
939 1562 1113 1601 neque
1140 1548 1465 1601 necessitas,
1494 1564 1666 1602 neque
1694 1564 1821 1592 mer-

259 1633 343 1659 ces
391 1618 466 1660 eis
512 1619 802 1672 proposita
836 1619 1028 1671 fuerit,
1070 1634 1234 1672 quare
1271 1619 1458 1671 aliter,
1499 1635 1651 1673 quam
1687 1621 1821 1663 acci-

259 1689 448 1741 disset,
479 1690 800 1732 soriberent.
833 1690 994 1739 Quibus
1023 1690 1238 1744 Josephus
1268 1693 1460 1732 contra
1489 1691 1620 1745 App.
1650 1691 1695 1734 L.
1726 1692 1760 1734 1.
1779 1695 1821 1734 et

257 1760 365 1802 hanc
394 1761 523 1812 addit,
553 1761 596 1802 si
621 1761 678 1803 de
703 1762 903 1803 eisdem
927 1762 1079 1804 rebus
1104 1763 1276 1804 eadem
1300 1777 1470 1804 omnes
1496 1763 1820 1816 scripserint.

310 1831 404 1874 XV.
442 1831 571 1883 Haec,
612 1835 654 1874 et
683 1847 958 1886 quaecunque
987 1833 1070 1875 alia
1098 1833 1363 1875 certitudinis
1392 1833 1620 1876 historicae
1648 1835 1821 1888 κριτήρια

258 1903 400 1945 afferri
426 1906 617 1956 possunt,
647 1903 782 1945 multo
812 1903 1019 1958 ampliora
1047 1906 1089 1945 et
1118 1904 1378 1946 evidentiora
1404 1905 1450 1947 in
1475 1904 1667 1947 Historia
1693 1905 1822 1947 Sacra

260 1977 441 2027 exstant,
483 1990 610 2028 quam
646 1975 690 2016 in
718 1975 815 2017 ullis
846 1975 1015 2029 scriptis
1043 1975 1252 2017 humanis.
1281 1975 1394 2018 Nam
1423 1976 1661 2030 Scriptores
1690 1976 1820 2028 Sacri,

259 2046 417 2100 partim
440 2045 580 2100 Reges
604 2048 645 2088 et
669 2045 888 2100 Principes
910 2047 1096 2099 fuerunt,
1121 2047 1279 2101 partim
1302 2047 1345 2089 in
1370 2063 1415 2090 re
1432 2063 1478 2090 ac
1494 2050 1609 2090 statu
1623 2048 1820 2100 tenuiori,

260 2117 465 2172 sapientia
504 2118 731 2171 plusquam
764 2119 950 2161 humana
979 2120 1174 2171 celebres,
1206 2134 1350 2161 omnes
1378 2134 1477 2161 vero
1507 2118 1588 2160 viri
1617 2119 1751 2161 sancti
1780 2122 1821 2161 et

260 2188 423 2240 sinceri,
463 2189 536 2242 qui
572 2204 649 2231 1166
686 2205 784 2232 81108
812 2205 890 2232 1166
917 2205 1091 2232 suorum
1118 2191 1274 2244 lapsus,
1304 2190 1339 2231 si
1369 2190 1440 2243 qui
1469 2190 1708 2242 acciderint,
1739 2190 1822 2231 dis-

260 2260 533 2311 simulam-unm
587 2263 627 2303 et
676 2262 748 2315 qui
791 2262 1028 2304 sanctitatis
1072 2277 1119 2304 ac
1156 2261 1348 2315 justitiae
1391 2261 1695 2312 testimonium,
1735 2276 1822 2303 non

262 2333 430 2373 tantum
467 2332 581 2386 apud
617 2333 834 2375 universos
864 2348 961 2375 suos
991 2333 1231 2387 discipulos,
1261 2333 1334 2375 sed
1360 2333 1475 2386 ipsos
1505 2347 1673 2386 quoque
1702 2347 1824 2386 pere-

261 2402 407 2455 grinos
450 2405 491 2444 et
533 2403 677 2446 hostes
714 2406 971 2446 meruerunt.
1010 2404 1372 2454 Quemadmodum
1408 2405 1580 2446 Flavius
1607 2404 1635 2446 J
1639 2405 1823 2459 osephus

261 2474 369 2517 Lib.
409 2478 598 2518 contra
635 2477 766 2531 App.
806 2478 841 2519 1.
880 2478 1124 2533 Aegyptios
1153 2478 1267 2532 ipsos
1296 2478 1422 2531 hujus
1452 2478 1513 2520 rei
1540 2480 1669 2520 testes
1698 2477 1822 2520 citat:

263 2547 336 2600 qui
372 2546 520 2589 Mosen
548 2547 673 2602 ἄνδρα
703 2548 948 2601 θαυμαστὸν
975 2551 1043 2593 καὶ
1070 2549 1185 2600 θεῖον,
1217 2550 1586 2592 admirandum
1616 2551 1666 2592 et
1690 2548 1821 2591 divi-

261 2634 402 2671 num,
446 2620 757 2664 existimabant.
795 2622 853 2664 Et
892 2622 1059 2675 Strabo,
1089 2623 1179 2665 Lib.
1210 2623 1272 2665 16.
1303 2621 1612 2676 Geographiae,
1642 2619 1751 2662 Mosi
1781 2622 1822 2662 et

262 2690 411 2745 priscis
447 2691 650 2734 Israelitis
687 2693 769 2735 hoc
805 2694 1098 2736 testimonium
1135 2695 1323 2748 praebet,
1363 2694 1477 2748 quod
1500 2693 1658 2735 fuerint
1672 2693 1821 2735 δικαιο-

262 2766 510 2816 πραγοῦντες
557 2765 624 2807 nx}
671 2763 838 2815 άληθῶς
885 2764 1108 2818 θεοσεβεῖς,
1146 2767 1407 2820 justitiae
1458 2765 1720 2816 cultores,
1772 2767 1823 2806 et

262 2851 385 2878 vere
408 2835 498 2890 pii.
523 2836 667 2890 Atque
691 2838 781 2892 ipse
804 2837 833 2880 J
836 2838 1030 2892 osephus,
1056 2837 1084 2880 J
1088 2838 1244 2880 ohanni
1268 2837 1500 2893 Baptistae,
1520 2836 1683 2879 Jacobo
1698 2835 1822 2878 fratri

263 2906 451 2959 Domini,
489 2910 531 2949 et
559 2906 774 2951 Servatori
802 2911 948 2952 nostro
978 2909 1111 2952 simile
1140 2910 1432 2952 testimonium
1461 2908 1610 2960 reddit,
1641 2907 1750 2949 sicut
1779 2910 1822 2950 et

263 2979 427 3023 Plinius
462 2977 627 3030 Junior,
658 2979 765 3021 Lib.
796 2981 846 3022 10
874 2980 1031 3034 epist.
1062 2981 1151 3023 101.
1182 2981 1243 3022 ad
1271 2981 1563 3033 Trajanum
1591 2978 1822 3032 Impera-
