1931 3224
552 97 616 139 DE
644 96 791 140 D1v1NA
818 96 1220 139 PRAEDESTmATmNE.
1589 98 1665 138 227

102 223 146 264 ti
158 237 181 263 a
193 237 215 264 e
252 222 280 264 b
293 237 314 264 e
324 237 352 263 n
363 237 384 264 e
394 222 411 263 f
421 222 436 263 i
448 235 469 262 c
479 222 531 263 iu
541 237 595 264 m.
633 221 806 263 Infinito
844 222 978 275 igitur
1006 220 1208 263 scientiae
1237 235 1336 262 suae
1365 220 1522 262 lumine
1552 220 1667 263 Deus

103 292 353 346 praevidens
389 292 493 344 fore,
530 294 578 334 ut
614 292 743 335 homo
783 292 836 334 ad
873 292 1106 346 imaginem
1143 306 1264 333 suam
1301 291 1494 333 conditus
1532 291 1667 335 libero

104 363 284 406 arbitrio
325 379 420 406 cum
447 366 541 406 tota
569 364 823 417 posteritate
852 364 1109 414 abuteretur,
1140 377 1223 416 quo
1248 363 1443 416 justitiae
1473 366 1514 405 et
1543 364 1669 406 mise-

103 434 312 477 ricordiae
351 435 621 477 admirandae
657 436 726 477 via
763 434 1032 477 manifestior
1070 434 1320 488 aperiretur,
1360 449 1388 487 p
1400 450 1428 475 u
1437 437 1456 476 t
1468 449 1492 476 a
1503 435 1582 476 vit
1608 449 1632 476 a
1644 434 1669 476 d

106 506 703 559 omnipotentissimam
739 521 885 548 suam
922 506 949 547 b
964 505 1237 547 onitatem
1274 505 1463 559 potius
1502 521 1529 559 p
1544 506 1670 547 erti-

104 590 250 628 nere,
297 576 355 618 de
398 576 536 618 malo
580 576 929 629 benefacere,
975 592 1129 630 quam
1168 576 1362 618 malum
1408 590 1523 618 esse
1567 591 1670 618 non

106 648 188 690 sin
200 663 222 690 e
233 664 253 690 r
264 664 305 701 e,
334 651 383 690 ut
410 650 524 691 recte
551 649 820 702 Augustinus
847 650 1006 690 monet.

158 719 315 762 XXIV.
352 719 402 762 In
437 720 521 762 hoc
551 720 769 762 electionis
798 720 979 771 decreto,
1010 733 1104 761 cum
1131 721 1224 760 tota
1253 720 1465 760 vetustate
1495 720 1536 760 et
1564 732 1670 759 non-

105 791 233 832 nullis
274 791 529 833 reformatae
570 790 786 833 Ecclesiae
822 791 989 844 magnis
1030 789 1274 832 auctoribus
1311 790 1496 843 primum
1533 789 1673 832 locum

107 861 276 904 Christo
306 865 528 916 tamquam
557 863 689 916 capiti
714 865 842 915 atque
865 862 1126 915 redemptori
1151 861 1366 903 Ecclesiae
1392 861 1671 914 assignamus,

109 934 465 986 quemadmodum
490 933 644 975 Esaiae
667 933 732 985 42,
759 934 794 975 1.
819 933 977 975 idcirco
1005 932 1053 974 el
1066 946 1087 973 e
1100 935 1186 974 ctu
1199 947 1217 973 s
1241 932 1337 974 ille
1361 931 1399 973 D
1413 932 1459 974 ei
1486 947 1504 973 s
1517 947 1538 973 e
1549 947 1570 973 r
1580 947 1606 972 v
1616 947 1644 973 u
1656 947 1674 972 s

108 1004 448 1058 appellatur,
489 1019 640 1057 quem
677 1004 913 1058 benigne
951 1003 1158 1057 accipit
1197 1004 1371 1045 anima
1412 1004 1456 1056 ej
1470 1019 1549 1054 us,
1585 1017 1674 1043 seu

109 1070 243 1128 111101·
283 1075 380 1117 1110
420 1076 474 1118 in
518 1090 618 1128 (1110
659 1076 868 1117 animae
907 1076 1022 1128 ejus
1063 1089 1120 1116 co
1135 1075 1421 1128 mplacuit,
1463 1077 1510 1116 ut
1550 1073 1672 1115 Matt.

109 1147 173 1199 12,
204 1147 266 1188 18.
295 1146 407 1188 hunc
435 1147 575 1189 locum
606 1148 722 1200 citat,
754 1150 795 1189 et
824 1147 844 1188 1
877 1147 968 1189 Pet.
999 1147 1034 1197 1,
1066 1147 1128 1188 20.
1154 1146 1309 1188 dicitur
1334 1161 1358 1188 a
1370 1160 1435 1200 gn
1446 1162 1474 1187 u
1484 1161 1502 1187 s
1526 1161 1554 1199 p
1566 1161 1587 1187 r
1598 1161 1622 1187 a
1634 1161 1675 1187 0-

110 1218 368 1272 cognitus
399 1221 523 1261 ante
547 1220 700 1272 jacta
729 1219 912 1260 mundi
940 1218 1307 1260 fundamenta.

163 1288 300 1331 XXV.
338 1288 490 1343 Neque
529 1304 623 1332 cum
653 1290 735 1332 1100
762 1293 930 1345 pugnat
959 1290 1072 1343 quod
1102 1289 1294 1332 Christus
1323 1289 1538 1332 Ecclesiae
1566 1290 1675 1331 redi-

111 1360 288 1402 mendae
326 1375 451 1402 causa
480 1361 535 1402 sit
564 1361 731 1414 electus,
761 1376 860 1403 nam
889 1361 971 1403 etsi
1001 1375 1294 1415 agnoscamus,
1323 1360 1463 1403 Deum
1491 1360 1675 1410 Patrem,

111 1447 172 1474 ex
202 1447 303 1485 quo
333 1434 458 1474 sunt
487 1433 664 1474 omnia
694 1435 744 1475 et
773 1433 919 1486 quin
935 1447 989 1475 os
1019 1432 1131 1474 sibi
1159 1432 1555 1474 reconciliavit
1584 1446 1677 1484 per

112 1502 181 1545 Ch
191 1504 237 1545 ri
249 1506 332 1545 stu
344 1519 407 1557 m,
450 1505 474 1545 2
519 1503 613 1546 Gor.
651 1504 688 1556 5,
729 1504 790 1546 18.
827 1504 1093 1546 voluntatem
1132 1518 1205 1545 seu
1244 1503 1442 1545 affectum
1478 1502 1676 1544 habuisse

113 1575 378 1627 quorundam
406 1575 645 1627 miserendi,
676 1590 807 1628 quum
836 1574 1053 1616 Christum
1080 1574 1124 1615 in
1155 1573 1300 1615 eadem
1330 1573 1583 1616 aeternitate
1611 1588 1677 1614 re-

113 1646 379 1700 demptorem
419 1646 703 1698 constituerit,
742 1646 841 1700 quia
878 1647 1122 1699 redemptor
1161 1646 1251 1687 sine
1280 1644 1533 1686 redimendis
1563 1643 1678 1697 cogi-

112 1717 196 1758 tari
223 1732 310 1758 non
338 1720 482 1770 potest
494 1733 503 1768 ;
527 1720 671 1759 tamen
695 1717 799 1759 haec
822 1718 1020 1759 voluntas
1045 1719 1118 1758 aut
1135 1717 1308 1758 effectus
1331 1715 1443 1757 solus
1466 1715 1511 1755 in
1535 1713 1679 1767 Scrip-

113 1788 221 1829 turis
260 1788 408 1830 electio
445 1789 635 1830 nondum
672 1791 860 1841 vocatur,
900 1789 1000 1841 quia
1036 1787 1327 1829 misericordia
1356 1787 1428 1827 illa
1460 1802 1484 1828 a
1509 1786 1677 1839 justitia

111 1858 438 1912 impediebatur,
484 1860 710 1913 quominus
755 1859 1053 1913 peccatoribus
1096 1861 1192 1900 actu
1239 1858 1454 1911 completo
1499 1858 1679 1899 salutem

116 1929 361 1982 destinaret,
397 1931 480 1972 nisi
518 1931 808 1973 satisfactione
837 1930 1166 1972 interveniente:
1198 1932 1240 1971 et
1265 1930 1365 1982 quia
1396 1928 1547 1970 electio
1577 1928 1681 1969 haec

115 2015 202 2043 non
237 2004 407 2043 tantum
444 2002 585 2055 finem,
623 2002 695 2044 sed
734 2004 775 2044 et
815 2002 954 2044 media
993 2002 1045 2043 ad
1082 2001 1261 2043 salutem
1301 2000 1537 2042 necessaria
1567 2014 1681 2042 com-

117 2073 330 2126 plectitur,
360 2075 409 2114 ut
437 2072 569 2115 Thesi
597 2073 659 2115 19.
692 2076 756 2115 est
786 2076 1016 2115 ostensum.

168 2143 325 2186 XXVI.
364 2143 448 2186 Sed
476 2147 570 2186 tum
600 2145 768 2187 demum
797 2145 945 2187 electio
976 2146 1153 2186 vocatur
1183 2146 1225 2185 et
1257 2146 1331 2193 est,
1365 2159 1459 2186 cuni
1489 2143 1682 2186 Christus

120 2215 412 2269 eligendorum
449 2217 577 2269 caput
607 2217 649 2257 et
677 2215 886 2257 mediator
916 2217 980 2257 est
1010 2215 1279 2266 constitutus,
1310 2217 1352 2256 et
1380 2215 1464 2269 ipsi
1493 2215 1536 2256 in
1568 2215 1682 2256 illius

118 2285 310 2328 membra
338 2289 436 2328 sunt
467 2286 666 2328 destinati
680 2304 689 2338 ς
720 2289 848 2340 atque
877 2286 959 2328 hoc
986 2288 1184 2340 respectu
1212 2286 1256 2327 in
1292 2285 1322 2327 O
1335 2286 1363 2327 h
1375 2301 1395 2328 r
1406 2286 1420 2328 i
1432 2301 1450 2327 s
1462 2289 1480 2327 t
1492 2301 1516 2328 o
1551 2284 1579 2326 J
1591 2300 1612 2327 e
1627 2301 1645 2327 s
1657 2301 1684 2326 u

121 2357 286 2399 electi
311 2357 490 2400 dicimur
512 2358 624 2412 Eph.
650 2358 686 2410 1,
711 2359 749 2400 4.
775 2361 816 2400 et
841 2373 935 2412 per
959 2359 1013 2412 ip
1027 2373 1137 2400 sum
1166 2359 1221 2399 in
1245 2358 1511 2412 adoption
1525 2372 1598 2398 em
1623 2356 1683 2398 fi-

120 2428 318 2470 liorum
345 2428 752 2482 praeordinati,
781 2444 888 2471 vers.
918 2429 954 2470 5.
985 2432 1027 2471 et
1051 2429 1464 2483 praedestinati
1488 2431 1545 2469 ut
1570 2429 1684 2481 ejus

120 2499 353 2553 imagini
394 2499 882 2552 conformaremur,
922 2500 1063 2553 quod
1098 2500 1216 2554 ipse
1247 2502 1391 2541 esset
1418 2499 1684 2554 primoge-

120 2572 272 2614 nitus
301 2572 450 2613 inter
479 2571 682 2613 multos
712 2571 942 2623 fratres,
973 2570 1096 2613 Rom.
1129 2571 1164 2622 8,
1195 2571 1258 2612 30.

175 2643 354 2686 XXVII.
393 2643 538 2696 Atque
576 2642 658 2684 1100
693 2644 819 2696 pacto
850 2641 962 2684 inter
992 2641 1210 2684 Christum
1237 2644 1455 2693 tamquam
1485 2643 1614 2694 caput
1644 2644 1685 2683 et

125 2714 279 2756 electos
318 2716 540 2767 tamquam
578 2713 788 2755 destinata
828 2714 869 2755 et
908 2713 988 2754 don
995 2714 1065 2754 ata
1104 2713 1142 2754 ei
1180 2712 1382 2762 membra,
1413 2726 1521 2764 quae
1550 2712 1686 2754 vivifi-

126 2786 259 2828 canda
297 2801 346 2828 ac
382 2786 427 2827 in
455 2800 587 2827 unum
617 2799 770 2837 corpus
798 2784 1030 2838 redigenda
1059 2783 1234 2836 accepit,
1267 2784 1406 2824 certus
1436 2782 1590 2835 aliquis
1620 2798 1686 2825 re-

126 2858 295 2910 spectus
322 2858 386 2898 est
410 2871 458 2898 ac
482 2857 630 2897 mutua
654 2855 816 2907 relatio,
846 2855 974 2896 etiam
998 2856 1226 2906 antequam
1250 2868 1327 2906 per
1350 2853 1477 2895 fidem
1502 2854 1539 2895 ei
1564 2854 1687 2907 plene

124 2927 351 2979 uniuntur3
391 2927 464 2969 sed
502 2941 599 2968 cum
634 2926 678 2967 in
718 2940 809 2967 sese
823 2966 834 2973 ,
846 2926 936 2978 ejus
974 2924 1111 2966 adhuc
1149 2926 1247 2965 sunt
1281 2924 1455 2976 inimici,
1487 2924 1687 2977 quemad-
