1931 3224
644 134 707 177 DE
736 134 866 178 CoENA
896 135 1061 178 Domm.
1549 134 1626 175 507

70 260 257 312 Domini,
299 262 347 301 ut
388 260 557 301 usitatis
598 260 830 302 lotionibus
872 259 1110 312 Baptismo,
1153 259 1400 301 successisse
1447 258 1626 299 videtur.

122 330 237 373 XIV.
275 331 515 373 Adornavit
543 331 688 384 itaque
716 334 809 372 tum
838 330 1030 372 Christus
1059 330 1186 372 istam
1215 329 1411 380 Coenam,
1441 328 1628 371 convivis

69 403 360 457 Apostolis
399 402 497 453 suis,
539 405 581 443 et
617 402 661 443 in
699 416 844 443 eorum
882 416 1065 455 persona
1103 401 1298 443 omnibus
1335 400 1540 452 fidelibus,
1580 401 1629 441 ut

69 475 196 517 fidem
232 474 334 516 facit
371 474 618 528 Apostolus.
651 473 772 523 Quod
802 474 914 515 enim
942 473 1013 515 hic
1047 473 1157 515 circa
1184 473 1419 526 Apostolos
1448 474 1627 525 gestum,

69 547 169 600 post
206 545 441 599 Apostolus
479 560 564 587 non
594 546 646 587 ad
673 546 872 587 Pastor-es
899 545 1038 597 modo,
1071 545 1143 586 sed
1172 547 1214 585 et
1246 544 1454 596 reliquam
1482 542 1629 584 Eccle-

70 617 176 659 siam
199 617 358 669 retulit,
386 618 406 658 1
433 616 526 658 Cor.
554 617 615 658 11.
643 620 684 658 et
709 617 791 670 ipsi
817 617 886 658 1110
906 631 992 658 non
1008 615 1408 665 administrantium,
1434 614 1505 656 sed
1521 613 1629 656 acci-

69 687 279 741 pientium
306 687 516 729 rationem
545 687 715 738 habent,
744 688 879 740 iisque
907 687 950 728 in
979 687 1152 740 pietatis
1169 688 1283 727 statu
1301 685 1630 727 consistentibus

72 758 297 811 (quantum
336 759 505 811 quidem
535 758 781 800 humanitus
809 759 907 800 sciri
936 761 1091 811 potest,
1121 757 1297 799 occultis
1326 756 1418 798 Deo
1450 755 1626 808 relictis)

69 844 155 871 non
192 832 346 881 autem,
374 844 461 871 non
489 829 729 883 Baptizatis
760 828 1092 877 Catechumenis,
1122 831 1196 870 aut
1225 828 1386 882 Lapsis,
1417 830 1490 868 aut
1518 827 1629 868 inter

69 900 335 954 poenitentes
378 900 634 942 constitutis.
676 900 800 942 Unde
843 900 903 941 ait
939 899 1186 953 Apostolus,
1225 899 1434 941 Probet
1474 913 1575 939 unu
1591 912 1629 939 s-

71 971 303 1024 quisque
327 972 582 1025 seipsum,
608 973 684 1012 etc.
711 970 804 1020 Qua
827 973 969 1012 tamen
994 970 1260 1024 singulorum
1283 969 1348 1010 sui
1363 968 1628 1022 probatione,

69 1043 296 1094 Ecclesiae,
334 1042 646 1094 Pastorumque
676 1042 725 1082 de
755 1041 848 1082 aliis
875 1055 961 1083 non
992 1041 1209 1082 evertitur.
1237 1040 1381 1093 Atque
1409 1040 1508 1081 huic
1536 1039 1630 1092 qui-

70 1114 164 1155 dem
202 1129 255 1155 an
292 1113 425 1155 Judas
462 1113 658 1167 proditor
694 1113 764 1154 ille
801 1112 1056 1163 interfuerit,
1095 1112 1242 1164 quaeri
1281 1112 1388 1153 solet
1418 1113 1460 1152 et
1487 1112 1630 1164 potest

71 1200 121 1227 ex
148 1184 368 1227 Matthaeo
399 1187 440 1225 et
467 1183 612 1225 Marco
644 1198 738 1225 cum
766 1182 879 1224 Luca
909 1185 951 1224 et
980 1182 1175 1224 Jolianne
1207 1183 1478 1235 comparatis.

121 1255 214 1297 XV.
243 1254 396 1308 Neque
423 1258 567 1296 tamen
595 1255 701 1296 haec
730 1254 1047 1296 circumstantia
1071 1254 1277 1307 temporis
1301 1253 1533 1306 vespertini
1557 1267 1630 1294 seu

69 1326 280 1378 nocturni,
316 1327 383 1368 vel
421 1326 505 1368 diei
541 1328 685 1367 sextae
721 1325 1009 1375 hebdomadis,
1049 1327 1122 1366 aut
1161 1324 1448 1376 anniversarii,
1477 1324 1630 1367 tertiae

69 1398 230 1441 scilicet
268 1398 351 1441 diei
384 1401 482 1440 ante
510 1398 878 1448 resurrectionem,
907 1399 956 1438 ut
982 1411 1120 1449 neque
1151 1396 1244 1448 loci,
1275 1410 1428 1450 nempe
1458 1396 1630 1449 privati,

69 1485 206 1523 neque
235 1470 350 1523 quod
379 1470 579 1520 coenatis,
608 1469 787 1522 pedibus
816 1468 985 1518 ablutis,
1011 1468 1371 1517 accumbentibus,
1397 1470 1438 1509 et
1461 1467 1631 1520 quidem

71 1542 292 1584 duodecim
327 1555 516 1592 numero,
555 1554 684 1582 coena
720 1540 913 1593 praebita
950 1539 1032 1581 fuit
1074 1539 1274 1592 (quorum
1311 1539 1518 1591 quaedam
1556 1538 1631 1579 ali-

71 1612 260 1665 quandiu
296 1612 339 1652 111
377 1612 518 1665 prisca
556 1611 746 1653 Ecclesia
784 1610 1078 1663 obtinuerunt)
1108 1610 1459 1663 praescriptionis
1489 1609 1632 1651 obser-

68 1683 337 1735 vationisque
364 1682 661 1724 necessitatem
689 1681 818 1723 ullam
845 1681 1018 1723 habent.

122 1753 236 1795 XVI.
288 1753 432 1806 Atque
482 1753 589 1795 haec
632 1752 796 1795 Coenae
840 1752 1089 1794 Dominicae
1131 1752 1405 1806 praeambula
1447 1752 1629 1793 fuerunt.

70 1824 245 1866 Constat
284 1826 425 1865 autem
464 1838 512 1865 ea
550 1826 656 1875 tota,
694 1823 880 1865 Factis
919 1823 1195 1876 dictisque
1234 1823 1392 1865 Christi
1428 1823 1629 1877 mysticis,

69 1897 111 1936 et
148 1895 200 1936 iis
238 1895 523 1948 respondente
562 1895 869 1948 discipulorum
906 1910 954 1936 ac
987 1895 1175 1936 fidelium
1204 1894 1553 1947 Obedientia,
1585 1910 1632 1937 ac

71 1968 355 2020 consequente
392 1966 705 2008 Gratiarum
742 1967 974 2008 actione.
1012 1965 1061 2009 In
1101 1967 1254 2018 quibus
1291 1980 1512 2008 causarum
1539 1980 1632 2019 my-

70 2038 188 2079 sterii
216 2038 341 2089 hujus
370 2038 692 2091 comprehensio
722 2041 797 2080 est.
1250 2068 1253 2069 ν

122 2108 260 2151 XVII.
311 2108 360 2150 In
401 2108 587 2151 Factis
632 2110 800 2162 quidem
845 2109 1058 2151 Christi
1099 2108 1631 2159 Sacramentalibus,

71 2195 178 2232 quae
216 2181 403 2234 pendent
442 2181 494 2222 ab
531 2181 730 2223 instituto
772 2180 941 2232 Christi,
971 2183 1148 2233 totaque
1179 2182 1268 2233 ejus
1299 2179 1475 2230 actione,
1506 2182 1633 2232 atque

69 2251 131 2292 ita
174 2254 295 2307 gesta
337 2254 435 2293 sunt
473 2254 520 2293 ut
558 2252 750 2293 sensibus
790 2252 1087 2305 objicerentur,
1128 2254 1168 2293 et
1206 2247 1470 2292 sensualibus
1508 2251 1634 2291 rebus

70 2322 232 2375 fierent,
263 2337 312 2364 ac
338 2322 472 2364 menti
502 2323 662 2376 aliquid
691 2324 988 2365 renunciarent
1019 2323 1253 2376 spirituale,
1287 2321 1476 2363 Primum
1502 2321 1634 2374 (quod

71 2393 204 2435 oculis
240 2393 548 2447 Apostolorum
584 2394 924 2448 proponebatur)
964 2397 1027 2436 est
1060 2394 1214 2445 λαβὼν,
1240 2393 1284 2435 id
1309 2397 1384 2445 est,
1410 2394 1634 2445 accepto

70 2480 233 2518 pane,
274 2479 348 2506 seu
387 2480 543 2518 quum
582 2466 891 2519 accepisset
920 2480 1131 2519 panem,
1163 2468 1204 2507 et
1233 2465 1329 2506 inde
1360 2464 1632 2518 poculum,

71 2536 234 2578 scilicet
262 2537 305 2577 in
337 2551 486 2577 manus
517 2551 625 2587 suas,
657 2538 770 2590 quod
799 2540 890 2578 erat
918 2536 1257 2578 Patrisfamilias.
1282 2536 1331 2578 111
1357 2551 1439 2589 quo
1464 2535 1634 2577 initium

72 2610 135 2649 est
177 2608 366 2649 instituti
404 2608 680 2660 actionisque,
721 2624 768 2650 ac
805 2609 1078 2662 peculiariter
1116 2623 1164 2649 ea
1201 2608 1295 2661 ipsa
1332 2607 1557 2660 separandi
1589 2607 1634 2649 in

71 2679 330 2733 singularem
366 2695 502 2721 usum.
540 2680 684 2732 Atque
723 2680 826 2721 adeo
863 2680 908 2720 in
946 2695 1091 2721 earum
1131 2679 1372 2732 sumptione
1400 2679 1444 2719 in
1472 2694 1633 2731 manus,

71 2751 334 2793 voluntariae
372 2752 523 2793 mortis
563 2751 768 2793 indicium
797 2754 869 2793 est.
902 2751 1094 2801 Qualiter
1125 2751 1328 2804 accipere,
1358 2765 1529 2803 ponere,
1559 2750 1634 2792 ha-

71 2822 182 2873 bere,
212 2822 335 2873 ferre,
365 2825 532 2876 gestare
562 2837 606 2863 se
636 2825 709 2864 aut
739 2823 924 2864 animam
953 2822 997 2863 111
1025 2822 1220 2863 manibus
1249 2822 1346 2873 suis,
1376 2821 1633 2863 Hebraismo

71 2894 243 2945 usitato,
288 2896 351 2936 est
394 2896 629 2935 extremum
666 2893 778 2935 vitae
816 2893 1052 2947 periculum
1088 2893 1203 2935 adire
1241 2908 1314 2934 seu
1352 2892 1506 2934 subire.
1535 2891 1633 2935 Jud.

75 2965 137 3017 12,
166 2966 203 3007 3.
233 2965 255 3007 1
289 2964 402 3008 Sam.
432 2966 496 3016 19,
527 2965 562 3006 5.
594 2967 635 3006 et
663 2965 726 3016 28,
756 2965 819 3006 21.
848 2964 932 3007 Job
965 2965 1027 3016 13,
1060 2965 1121 3006 14.
1151 2964 1220 3006 Ps.
1252 2965 1340 3017 119,
1372 2964 1460 3005 109.
