1931 3224
719 141 782 184 DE
811 143 1057 187 ἱ11111111131110.
1594 151 1671 192 179

156 260 271 302 XIX.
309 262 444 317 Impie
482 280 584 319 ergo
623 267 796 319 quidam
834 269 1069 322 sacrificuli,
1111 272 1152 311 et
1183 271 1267 319 alii,
1298 271 1523 324 gentilium
1554 273 1666 314 diras

102 331 272 384 imitati,
311 336 359 375 ut
395 335 618 379 Veritatem
655 353 754 380 suae
787 339 1007 393 religionis
1039 343 1111 382 aut
1140 342 1386 383 assertionis
1420 357 1562 384 coram
1593 344 1668 385 ob-

102 404 338 458 stupefacto
369 408 530 460 populo
562 409 787 461 affirment,
820 411 1023 454 Satanam
1050 413 1117 454 vel
1145 412 1300 454 inferni
1330 414 1441 455 diras
1471 415 1669 457 adversus

102 488 193 516 sese
215 475 437 528 invocant,
465 494 559 521 cum
584 481 697 523 solus
721 481 835 524 Deus
860 484 1053 525 veritatis
1080 484 1271 526 occultae
1293 485 1425 537 judex
1451 488 1491 526 et
1515 486 1668 527 vindex

101 544 145 586 in
181 547 311 588 sacris
348 548 483 590 literis
521 551 644 593 nobis
683 556 964 606 proponatur.
1003 554 1139 609 Impie
1180 570 1349 608 quoque
1380 555 1597 599 Pontificii
1626 558 1670 599 in

96 617 348 669 juramentis
389 620 474 661 suis
504 636 597 663 cum
627 623 895 667 invocatione
924 627 1108 668 nominis
1139 627 1282 680 divini,
1314 627 1568 672 Sanctorum
1587 629 1670 670 >de-

100 686 344 732 functorum
396 692 708 736 invocationem
760 698 1045 751 conjungunt;
1092 701 1239 740 contra
1281 702 1427 754 aperta
1469 701 1668 742 mandata

100 757 192 810 Dei,
232 759 356 803 Deut.
394 763 431 814 6,
462 764 523 806 13.
555 768 596 807 et
627 767 688 816 10,
719 768 780 808 20.
810 768 915 809 116111
945 769 1016 810 Ε3.
1049 770 1112 821 45,
1143 771 1205 811 22.
1236 773 1277 812 et
1305 771 1368 823 65,
1400 772 1460 813 16.
1488 787 1670 825 quorum

100 829 225 872 Thes.
255 833 290 874 7.
322 835 362 874 et
390 835 426 875 9.
457 850 480 876 a
508 837 631 879 nobis
660 853 857 892 expressa
886 842 950 881 est
978 841 1152 882 mentio.

151 901 243 944 XX.
268 903 516 957 Subjectum
542 908 652 949 circa
677 909 791 961 quod.
810 911 1053 962 juramenta
1078 912 1271 965 legitima
1297 917 1530 967 versantur,
1555 918 1664 968 sunt,

100 988 157 1015 63
191 990 324 1027 quae
353 977 602 1031 dicimus,
633 983 724 1021 3111
752 982 1147 1034 promittimus.
1178 982 1292 1024 Nam
1319 984 1531 1027 factorum
1558 988 1667 1029 veri-

99 1046 164 1086 tas
192 1061 268 1100 per
291 1048 535 1100 juramenta
564 1051 779 1104 asseritur,
808 1052 1052 1096 futurorum
1081 1069 1182 1096 vero
1214 1055 1423 1097 certitudo
1454 1072 1530 1110 per
1549 1059 1667 1110 jura-

97 1119 241 1158 menta
269 1119 548 1173 promittitur,
578 1122 689 1164 unde
719 1126 761 1165 61
785 1125 1017 1177 juramenti
1044 1126 1088 1167 in
1117 1127 1392 1168 assertorium
1420 1131 1460 1169 61
1485 1130 1667 1181 promis-

98 1189 257 1230 sorium
285 1189 436 1233 divisio
467 1195 530 1233 631
562 1196 668 1235 orta.

150 1259 263 1302 XXI.
303 1260 544 1316 Utrumque
582 1265 670 1307 sine
709 1266 805 1308 dolo
844 1271 917 1309 aut
953 1268 1112 1321 fraude,
1152 1285 1227 1323 per
1265 1271 1392 1312 verba
1436 1273 1666 1314 secundum

97 1345 362 1375 communem
388 1334 610 1377 hominum
636 1339 984 1381 consuetudinem
1008 1340 1227 1383 intellecta
1252 1341 1344 1383 fieri
1365 1342 1501 1394 debet,
1519 1348 1667 1387 contra

95 1401 358 1446 Jesuitarum
395 1407 601 1448 mentales
639 1410 960 1462 reservationes,
1001 1414 1043 1452 et
1081 1412 1467 1466 Anabaptistarum
1494 1415 1666 1457 fraudu-

94 1473 230 1515 lentas
253 1476 638 1528 aequivocationes.
665 1479 778 1521 Nam
803 1481 838 1522 si
862 1482 906 1522 in
933 1483 1049 1523 omni
1074 1498 1266 1526 sermone
1290 1488 1451 1538 nostro,
1473 1490 1667 1528 nostrum

99 1546 261 1588 etiam
290 1547 415 1589 debet
445 1564 533 1591 esse
564 1552 746 1603 etiam,
775 1556 824 1594 et
852 1569 976 1606 non,
1004 1569 1126 1607 non,
1153 1559 1200 1597 ut
1225 1556 1418 1599 Christus
1442 1559 1665 1612 praecipit,

96 1614 251 1659 Matth.
282 1618 319 1670 5,
348 1621 412 1662 37.
440 1624 481 1663 61
509 1622 744 1677 Apostolus
775 1624 932 1667 Paulus
961 1628 1131 1680 repetit,
1163 1630 1186 1668 2
1217 1627 1309 1670 Cor.
1342 1630 1375 1681 1,
1407 1630 1468 1671 18.
1505 1633 1663 1683 quanto

95 1689 232 1741 magis
261 1689 344 1731 hoc
372 1691 415 1732 in
440 1693 716 1746 jurejurando
749 1698 811 1737 est
842 1697 1162 1739 observandum.

150 1758 287 1802 XXII.
318 1761 441 1810 Quod
470 1779 517 1805 ea
546 1767 769 1818 speciatim
798 1768 965 1820 attinet,
998 1784 1179 1821 quorum
1207 1772 1363 1812 veritas
1388 1773 1662 1825 jurejurando

96 1832 311 1886 asseritur,
351 1849 399 1875 ea
437 1838 550 1877 certo
591 1841 762 1890 oportet
798 1854 884 1881 esse
915 1841 1088 1895 cognita
1119 1857 1166 1883 ac
1194 1845 1432 1896 perspecta.
1465 1842 1663 1885 Temera-

94 1902 205 1944 rium
250 1904 361 1946 enim
405 1909 478 1957 est,
524 1906 662 1949 Deum
704 1910 748 1950 in
786 1912 938 1952 testem
979 1927 1026 1953 ac
1064 1913 1273 1955 vindicem
1314 1916 1505 1957 veritatis
1540 1917 1664 1958 nobis

94 1974 294 2027 incertae,
331 1979 552 2030 tamquam
591 1983 730 2022 certae
768 1995 932 2033 vocare,
972 1983 1082 2024 sicut
1106 1984 1384 2037 jurisjurandi
1413 2001 1534 2028 verus
1564 2003 1664 2030 usus

97 2061 266 2099 quoque
296 2049 500 2099 ostendit3
528 2053 590 2092 est
621 2052 732 2093 enim
763 2051 897 2101 πάσης
931 2054 1171 2106 ἀντιλογίαις
1203 2056 1340 2109 πέρας,
1380 2060 1428 2099 111
1461 2073 1511 2100 ex
1547 2060 1664 2113 Apo-

96 2118 206 2160 stolo
236 2118 344 2168 Heb.
373 2121 410 2172 6,
442 2121 502 2162 16.
534 2123 785 2165 audivimus.

146 2188 305 2231 XXIII.
354 2189 476 2239 Quod
519 2207 648 2245 porro
693 2210 836 2237 rerum
873 2196 1113 2239 futurarum
1153 2200 1458 2252 promissiones
1497 2204 1662 2256 attinet,

90 2260 320 2313 jurandum
357 2262 427 2304 hic
465 2264 589 2306 nobis
628 2280 678 2307 ex
717 2269 984 2322 praescripto
1022 2268 1117 2322 Dei,
1148 2269 1234 2312 Jer.
1263 2272 1300 2324 4,
1333 2273 1368 2314 2.
1397 2273 1442 2314 in
1470 2275 1662 2327 veritate,

93 2331 138 2372 in
164 2332 325 2384 judicio
357 2336 399 2375 et
427 2334 470 2375 in
496 2336 678 2388 justitia.

148 2401 305 2445 XXIV.
335 2403 394 2445 In
422 2406 682 2459 veritate3
714 2410 814 2461 quia
841 2425 928 2453 non
957 2413 1127 2454 tantum
1154 2413 1303 2466 lingua
1334 2429 1381 2456 ac
1413 2416 1563 2470 verbis,
1591 2418 1664 2460 sed.

97 2476 138 2515 et
178 2474 319 2517 animo
360 2491 408 2517 ac
447 2477 609 2520 sincero
650 2482 875 2534 proposito
915 2485 979 2524 est
1009 2485 1361 2537 promittendum,
1392 2490 1539 2529 contra
1568 2489 1662 2530 infi-

95 2544 195 2587 dum
231 2546 313 2589 hoc
342 2547 565 2591 hominum
594 2565 739 2604 genus,
770 2553 842 2606 qui
871 2554 1019 2608 lingua
1044 2557 1203 2609 jurant,
1235 2557 1306 2599 sed
1336 2561 1521 2600 mentem
1551 2560 1662 2613 inju-

93 2619 233 2659 ratam
275 2621 440 2672 gerunt.
487 2619 545 2661 In
583 2622 825 2674 judicio;
869 2625 970 2678 quia
1008 2626 1116 2668 nihil
1154 2627 1303 2669 leviter
1341 2644 1390 2670 ac
1418 2632 1589 2682 temere,
1621 2634 1663 2674 et

96 2688 209 2740 quod
245 2690 363 2732 nullo
399 2692 525 2733 modo
566 2695 630 2734 est
667 2693 711 2735 in
739 2698 886 2737 nostra
915 2700 1141 2750 potestate,
1172 2700 1528 2753 promittendum3
1559 2702 1663 2745 alio-

97 2760 169 2811 qui
211 2761 322 2803 enim
363 2777 518 2805 nomen
560 2763 736 2807 Domini
777 2767 822 2807 in
865 2782 1020 2810 vanum
1059 2770 1299 2812 assumitur.
1338 2770 1396 2813 In
1431 2774 1662 2825 justitia

95 2829 296 2885 denique3
341 2835 442 2887 quia
484 2835 592 2877 nihil
627 2836 710 2878 nisi
750 2837 979 2881 honestum
1022 2855 1070 2881 ac
1102 2841 1266 2893 justum
1296 2845 1359 2884 est
1383 2844 1658 2898 jurejurando

95 2903 452 2956 promittendum3
477 2907 628 2948 illicita
655 2908 767 2950 enim
789 2910 900 2971 male
920 2911 1131 2964 jurantur,
1159 2928 1207 2954 ac
1232 2915 1353 2967 pejus
1370 2916 1659 2961 observantur.

148 2973 282 3017 XXV.
325 2977 392 3019 Ex
435 2978 588 3031 quibus
629 2981 762 3033 patet,
801 2981 1056 3034 juramenta,
1097 2998 1145 3025 ex
1184 2985 1402 3029 iracundia
1430 2991 1504 3031 aut
1532 2989 1662 3031 simili
