1931 3224
276 156 354 198 602
829 150 1072 193 DISPUTATIO
1103 149 1256 192 XLIX.

278 279 457 320 alterum
493 278 655 318 honore
693 276 735 317 et
773 274 924 316 officiis
961 276 1225 318 antevertere
1262 275 1399 326 debet,
1438 275 1561 318 Rom.
1592 277 1653 330 12,
1685 279 1746 320 10.
1776 280 1838 321 11.

278 349 388 391 Phil.
418 350 455 400 2,
484 349 521 389 3.
551 348 587 388 4.

331 418 480 460 XLIX.
518 420 717 459 Horum
753 431 939 458 munus
977 419 1079 468 est,
1117 417 1372 459 sententiam
1409 433 1485 460 suo
1516 418 1661 461 ordine
1691 420 1840 474 dicere,

277 491 423 534 Actor.
464 488 528 540 15,
558 488 595 530 7.
626 488 687 529 12.
719 488 780 529 13.
812 488 833 529 1
865 487 959 530 Cor.
989 488 1052 540 14,
1082 488 1144 530 29.
1175 489 1238 530 31.
1268 503 1355 531 11011
1384 490 1613 532 secundum
1642 491 1841 534 affectum

278 560 421 613 (debet
465 559 577 601 enim
619 558 809 611 ambitio,
853 559 929 611 ira,
973 559 1129 612 odium,
1166 560 1298 613 favor,
1337 560 1498 614 levitas,
1530 562 1840 616 malevolentia,

279 634 356 674 etc.
400 646 507 684 quae
549 630 735 672 carnalia
777 633 887 683 sunt,
925 630 1015 673 JaC.
1051 632 1089 683 3,
1129 632 1190 673 12.
1229 634 1307 674 etc.
1337 633 1499 686 abesse)
1529 636 1602 674 aut
1628 635 1841 687 praejudi-

279 703 388 745 cium
432 705 473 744 et
514 702 734 755 placitum,
776 702 849 744 sed
891 705 1046 754 sancte,
1091 703 1318 745 secundum
1360 703 1441 745 Dei
1478 704 1666 756 verbum,
1696 704 1841 747 Actor.

279 775 341 825 15,
385 774 446 815 15.
489 772 613 815 Unde
653 788 739 814 non
781 788 946 828 semper
985 774 1257 827 numeranda,
1300 775 1372 816 sed
1409 776 1687 828 appendenda
1716 792 1841 830 saepe

278 845 482 898 suffragia
524 846 642 886 sunt:
683 846 730 886 ut
766 844 1026 898 Paphnutio,
1058 845 1144 898 legi
1183 845 1233 887 de
1269 845 1543 888 Abstinentia
1584 846 1842 890 Clericorum

278 932 302 958 a
347 916 533 970 propriis
577 915 781 957 uxoribus
823 915 1115 968 intercedenti,
1160 931 1329 958 assensa
1372 919 1435 958 est
1472 916 1663 960 Nicaena
1706 918 1842 973 Syno-

279 988 367 1030 dus.
406 987 516 1037 Quin
555 987 747 1041 ipsorum
785 990 861 1040 est,
890 988 1124 1029 sententiae
1152 987 1263 1029 latae
1287 988 1533 1042 judicioque
1562 989 1690 1041 facto,
1715 991 1841 1042 juxta

277 1059 528 1114 praesidem,
558 1059 911 1101 subscribere
941 1061 1172 1112 actaque
1200 1059 1435 1101 firmare.

330 1132 375 1174 L.
419 1131 616 1173 Ceterum
657 1130 853 1185 Synodus
895 1133 1092 1184 respectu
1131 1131 1495 1173 tractationis
1538 1146 1736 1184 rerum,
1777 1133 1844 1175 vel

278 1202 1843 1256 6613,(1611106161113,ν61ᾶ1]11(1163116,ν6111111116.Β611ὺ616116

278 1277 354 1326 est,
385 1289 480 1316 cum
509 1274 651 1327 agitur
682 1273 731 1314 de
761 1273 814 1329 iis
845 1288 953 1326 quae
983 1273 1035 1314 ad
1062 1273 1222 1314 bonum
1245 1275 1405 1315 statum
1429 1273 1644 1315 Ecclesiae
1668 1273 1842 1327 faciunt,

279 1362 328 1388 ac
367 1346 624 1387 deliberatur
663 1345 712 1386 de
749 1345 898 1386 mediis
937 1345 1038 1397 erS,
1079 1347 1153 1386 aut
1181 1345 1391 1387 malorum
1419 1345 1628 1397 remediis,
1659 1345 1718 1386 sic
1748 1345 1843 1387 Act.

278 1419 342 1470 20,
383 1418 445 1459 17.
485 1420 526 1458 et
565 1417 627 1468 21,
668 1416 730 1457 18.
768 1415 913 1468 Atque
949 1415 1019 1457 hic
1058 1415 1219 1469 Synodi
1258 1418 1333 1468 est,
1371 1416 1598 1458 formulam
1625 1431 1771 1459 sensus
1802 1420 1844 1459 et

279 1503 519 1540 consensus,
562 1487 824 1540 unitatisque
865 1486 1082 1529 Ecclesiae
1123 1487 1167 1529 in
1210 1487 1404 1529 doctrina
1447 1490 1489 1529 et
1530 1487 1754 1541 disciplina
1794 1503 1844 1530 ex

278 1560 407 1602 verbo
449 1559 530 1601 Dei
573 1561 778 1612 repetere,
818 1558 1093 1612 ordinemque
1133 1561 1175 1600 et
1214 1559 1416 1609 εὐταξίαν,
1459 1561 1588 1612 prout
1628 1558 1844 1602 Ecclesiae

278 1632 462 1687 expedit,
500 1631 779 1681 constituere3
819 1645 867 1672 ac
905 1631 955 1672 de
983 1630 1050 1672 his
1080 1631 1276 1672 omnibus
1306 1631 1476 1685 publica
1505 1630 1712 1683 quaedam
1742 1631 1843 1673 scri-

277 1706 366 1757 pta,
404 1717 537 1755 eaque
575 1702 719 1744 brevia
757 1704 800 1743 et
838 1702 950 1743 clara
989 1702 1130 1752 edere3
1170 1704 1298 1755 atque
1337 1702 1389 1743 ad
1417 1702 1586 1744 illorum
1616 1702 1843 1744 observan-

276 1774 381 1816 tiam
418 1773 627 1827 populum
665 1775 707 1814 et
744 1772 943 1815 Pastores
979 1788 1165 1825 monere,
1205 1773 1525 1815 contumacibus
1563 1773 1842 1815 violatoribus

276 1845 601 1888 Ecclesiasticae
630 1844 879 1897 disciplinae
907 1844 1119 1898 subjectis.

330 1916 395 1959 LI.
425 1916 453 1958 J
464 1916 690 1958 udicans
721 1918 822 1968 est,
854 1931 949 1957 cum
977 1916 1027 1957 de
1056 1915 1198 1957 Factis
1228 1930 1301 1958 seu
1327 1930 1452 1957 causa
1475 1915 1601 1968 hujus
1625 1915 1690 1957 vel
1714 1915 1841 1967 illius,

276 1988 528 2042 praesertim
566 1987 758 2030 Pastoris
795 1987 983 2041 graviter
1013 1987 1277 2039 offendentis,
1307 1987 1521 2028 turbantis
1549 1989 1623 2028 aut
1651 1986 1842 2028 scinden-

275 2060 331 2101 tis
360 2059 610 2112 Ecclesiam,
639 2061 745 2112 puta
775 2059 983 2111 scismate,
1014 2073 1167 2110 errore,
1191 2058 1367 2110 haeresi,
1394 2058 1622 2112 apostasia,
1649 2058 1840 2111 aliisque,

277 2131 509 2184 quaeritur,
539 2130 798 2173 sufficienter
828 2133 870 2172 et
898 2131 1021 2184 plene
1047 2130 1330 2183 cognoscitur,
1357 2133 1398 2172 et
1423 2130 1652 2172 secundum
1669 2130 1841 2183 cognita

275 2203 466 2256 legitime
491 2203 718 2256 judicatur.

329 2272 416 2315 LII.
456 2274 601 2326 Atque
629 2274 700 2315 hic
727 2274 803 2325 illi,
833 2273 920 2315 sive
948 2272 1248 2326 Ecclesiastici,
1278 2274 1364 2315 sive
1392 2273 1508 2314 Laici
1536 2272 1706 2325 fuerint,
1737 2287 1842 2325 quo-

276 2360 370 2387 rum
407 2345 582 2398 negotia
620 2347 661 2386 et
698 2343 1007 2386 controversias
1036 2344 1079 2385 in
1108 2343 1280 2398 Synodo
1310 2344 1464 2386 discuti
1493 2346 1677 2397 oportet,
1707 2343 1841 2385 maxi-

275 2430 342 2457 me
385 2415 457 2468 qui
500 2416 654 2457 erroris
699 2416 908 2469 gravioris
952 2418 1049 2457 sunt
1091 2418 1296 2468 auctores,
1341 2418 1415 2457 aut
1443 2415 1571 2457 alieni
1600 2415 1840 2458 defensores

276 2486 439 2538 (quales
491 2486 645 2529 fratres
687 2486 751 2528 illi
795 2487 868 2540 qui
908 2486 952 2528 in
995 2486 1265 2529 Antiochena
1306 2486 1498 2529 Ecclesia
1542 2486 1842 2540 disceptationi

276 2559 542 2601 occasionem
580 2558 797 2610 dederunt,
838 2573 885 2600 ac
923 2558 967 2599 in
1001 2557 1172 2612 Synodo
1203 2557 1596 2611 Hierosolymitana
1624 2560 1840 2610 notantur,

275 2633 322 2672 ut
361 2630 411 2672 de
448 2630 633 2680 factione
675 2630 1016 2682 Pharisaeorum,
1051 2630 1146 2672 Act.
1177 2630 1239 2672 15.
1271 2631 1306 2671 1.
1336 2630 1392 2683 5.)
1422 2630 1480 2682 111,
1510 2629 1695 2682 inquam,
1726 2629 1841 2673 0111111

275 2702 457 2745 honesta
494 2702 660 2744 ratione
697 2702 918 2754 invitandi,
957 2701 1167 2754 monendi,
1202 2716 1250 2743 ac
1280 2701 1447 2743 demum
1476 2703 1523 2742 ut
1551 2701 1595 2743 in
1624 2700 1839 2755 Synodo

277 2778 650 2829 compareant,
681 2775 912 2828 citandi,
943 2777 985 2816 et
1014 2775 1049 2817 si
1078 2789 1164 2816 non
1193 2775 1398 2826 venerint,
1428 2773 1542 2816 velut
1570 2774 1840 2815 contumaces

277 2862 328 2888 ex
369 2848 537 2889 decreto
577 2846 925 2900 Carthaginensis
964 2846 1126 2899 Synodi
1163 2847 1199 2887 3.
1230 2861 1280 2888 ex
1308 2845 1497 2887 Ecclesia
1527 2843 1733 2897 ejiciendi,
1763 2859 1840 2887 nec

276 2919 507 2972 recipiendi
536 2918 619 2960 nisi
646 2917 910 2971 resipiscant.

330 2988 439 3032 LIII.
470 2989 514 3032 81
543 2991 973 3043 comparuerint,
1003 2989 1237 3043 benigne
1267 2987 1545 3040 audiendi,
1576 3001 1626 3030 ex
1656 2987 1840 3041 scriptis,
