1931 3224
479 125 544 167 DF.
573 124 705 167 Smw
734 124 1040 168 HUMILIATIONIS
1070 124 1243 167 CHRISTI.
1561 124 1639 165 269

80 249 189 292 tium
232 252 379 302 status,
421 249 576 291 inferni
617 250 788 292 nomine
832 265 958 304 saepe
994 250 1036 291 in
1077 249 1206 291 sacris
1243 247 1379 290 literis
1416 247 1638 289 indicetur.

80 319 376 375 Metaphorica
413 324 556 364 autem
592 322 798 376 accipitur
833 338 911 376 pro
941 321 1139 365 extremis
1169 321 1385 363 doloribus
1415 322 1456 362 et
1485 334 1640 372 angus-

80 391 152 433 tiis
181 393 323 445 quales
354 393 542 435 sentiunt
572 393 770 435 damnati.
797 393 910 435 Hinc
935 393 1008 435 alii
1032 393 1278 435 descensum
1302 392 1460 434 realem
1482 390 1640 433 Christi

80 464 133 506 ad
160 464 317 506 inferos
347 467 601 517 statuerunt,
631 465 702 507 alii
730 465 912 518 figurate
941 466 1001 507 sic
1030 465 1202 507 dictum.

133 535 290 578 XXVI.
336 535 417 585 Qui
459 537 613 579 realem
656 537 901 579 descensum
942 538 1108 579 ratione
1145 535 1243 587 loci,
1280 550 1359 589 pro
1398 534 1527 586 varia,
1567 549 1641 576 seu

78 621 190 658 vera,
241 622 315 648 seu
364 608 617 661 imaginaria
658 609 849 650 locorum
890 609 1068 655 ratione,
1109 608 1225 649 varie
1268 608 1397 661 etiam
1439 607 1639 648 sentiunt.

79 676 285 720 Nonnulli
323 678 375 720 ad
404 693 557 732 corpus
587 679 829 731 referentes,
859 680 969 721 nihil
999 679 1114 720 aliud
1142 678 1388 731 intelligunt
1418 692 1544 730 quam
1573 677 1639 719 vel

79 751 354 804 sepulturam,
396 752 465 794 vel
504 766 669 794 moram
712 752 903 806 corporis
946 751 1103 793 Christi
1144 752 1189 793 in
1228 750 1445 804 sepulcr03
1486 749 1560 791 alii
1589 749 1642 790 ad

80 822 265 864 animam
306 823 508 875 referunt,
551 824 678 877 idque
720 825 848 866 varie.
891 823 1006 865 Nam
1049 824 1221 876 quidam
1263 822 1412 863 volunt
1454 821 1639 862 animam

80 891 240 935 Christi
291 894 552 937 descendisse
604 895 656 936 ad
703 895 798 937 loca
840 895 1150 945 damnatorum,
1193 895 1240 934 ut
1281 891 1524 946 praesentia
1566 906 1641 932 sua

79 978 261 1017 poenam
304 980 449 1007 eorum
488 968 677 1020 augeret,
717 969 758 1008 et
795 966 847 1007 ab
888 980 936 1008 eo
974 966 1178 1007 descensu
1214 963 1482 1016 triumphum
1520 976 1642 1003 suum

77 1035 311 1079 inchoaret.
362 1038 449 1079 Alii
499 1038 552 1080 ad
602 1038 743 1080 locum
796 1053 921 1090 quem
970 1038 1016 1079 in
1065 1036 1230 1078 inferno
1282 1035 1556 1086 fabricarunt,
1598 1034 1643 1075 in

80 1122 164 1160 quo
202 1108 351 1150 volunt
389 1109 550 1151 animas
588 1108 767 1150 Patrum
805 1111 903 1151 ante
941 1108 1100 1150 Christi
1128 1110 1311 1149 mortem
1338 1106 1468 1148 fuisse
1498 1106 1643 1147 deten-

78 1181 157 1231 tas,
210 1180 276 1221 cui
323 1179 478 1222 limbi
515 1195 669 1223 nomen
711 1181 1017 1234 imposuerunt.
1059 1179 1147 1221 Alii
1190 1179 1243 1220 ad
1284 1179 1424 1221 locum
1472 1177 1643 1231 quidem

79 1250 376 1293 damnatorum
414 1252 690 1304 descendisse,
732 1254 773 1294 et
811 1252 863 1293 ad
900 1251 1078 1292 limbum
1107 1250 1297 1301 Patrum,
1326 1252 1374 1290 ut
1402 1251 1567 1300 vocant,
1598 1250 1643 1290 at

77 1337 163 1363 non
187 1323 290 1364 reali
315 1322 479 1364 animae
503 1323 758 1376 praesentia,
784 1323 856 1364 sed
878 1325 1047 1364 tantum
1074 1321 1261 1363 efficacia
1278 1319 1513 1362 divinitatis
1529 1334 1642 1361 suae.

130 1392 309 1435 XXVII.
348 1393 494 1435 Prima
531 1394 743 1436 sententia
779 1394 824 1435 in
853 1393 972 1435 brevi
1001 1392 1195 1447 symbolo
1226 1391 1418 1433 admittit
1445 1390 1642 1432 inutilem

77 1465 390 1518 repetitionem,
435 1467 476 1507 et
517 1465 918 1519 interpretationem
957 1478 1065 1517 quae
1103 1463 1247 1518 potius
1275 1462 1474 1504 tenebras
1506 1461 1642 1503 offun-

81 1536 210 1589 deret,
254 1551 382 1589 quam
423 1538 747 1590 praecedentem
789 1536 1014 1578 articulum
1051 1535 1297 1576 illustraret.
1338 1533 1530 1576 Secunda
1556 1547 1643 1575 non

79 1608 218 1650 minus
248 1608 429 1650 absurda
458 1611 533 1661 est,
565 1609 665 1662 quia
695 1609 748 1650 ad
775 1608 962 1662 primum
993 1595 1189 1649 effectum
1217 1606 1381 1648 inutilis
1412 1608 1522 1656 erat3
1548 1620 1643 1647 cum

81 1679 290 1721 damnatis
318 1680 498 1722 victoria
528 1679 687 1722 Christi
717 1680 887 1721 aliunde
916 1679 1182 1721 innotescere
1210 1678 1413 1731 potuerit,
1440 1691 1567 1730 quam
1592 1691 1643 1718 ex

80 1751 246 1792 animae
285 1752 374 1804 ejus
411 1752 664 1805 praesentia,
705 1766 812 1804 quae
849 1753 942 1792 tum
979 1765 1003 1791 a
1041 1764 1219 1803 corpore
1245 1751 1455 1802 separata,
1484 1750 1643 1790 testata

79 1821 223 1875 potius
252 1821 413 1874 fuisset,
445 1837 538 1863 eum
563 1821 700 1863 adhuc
725 1837 815 1863 esse
839 1821 916 1863 sub
940 1823 1156 1875 potestate
1180 1820 1351 1862 mortis:
1379 1835 1462 1872 qua
1477 1819 1643 1861 ratione

79 1893 317 1935 absurditas
347 1894 519 1935 secundi
546 1894 643 1935 finis
672 1893 892 1945 refellitur,
924 1892 1023 1945 quia
1054 1892 1231 1934 durante
1259 1892 1333 1933 illa
1362 1890 1642 1945 separatione,

77 1979 163 2006 non
191 1965 336 2018 potuit
362 1965 550 2018 incipere
576 1964 835 2018 triumphus.

131 2035 334 2087 XXVIII.
376 2036 522 2078 Tertia
566 2038 629 2078 est
669 2051 834 2078 merum
874 2035 1049 2077 humani
1089 2034 1250 2077 cerebri
1277 2034 1511 2085 inventum,
1544 2033 1643 2086 quia

77 2107 195 2149 locus
232 2107 303 2149 1110
340 2123 552 2160 nusquam
588 2108 633 2149 in
671 2107 892 2161 Scriptura
931 2109 1169 2161 comparet;
1199 2121 1276 2148 nec
1306 2121 1356 2148 ex
1387 2121 1435 2147 ea
1463 2120 1644 2158 usquam

77 2178 255 2232 probari
291 2181 447 2232 potest,
487 2181 642 2232 patres,
673 2180 747 2232 qui
775 2180 819 2221 111
848 2179 929 2221 fide
958 2178 1115 2221 mortui
1145 2180 1254 2229 sunt,
1283 2177 1516 2220 inferorum
1545 2176 1644 2218 sub-

77 2252 372 2291 terraneorum
410 2250 647 2292 carceribus
685 2251 877 2303 detineri,
918 2250 992 2303 qui
1030 2250 1074 2291 in
1113 2249 1208 2291 sinu
1236 2248 1438 2290 Abrahae
1465 2248 1643 2301 recipie-

78 2319 235 2362 bantur
271 2320 324 2362 in
363 2321 536 2373 coelo,
564 2321 649 2373 ubi,
682 2320 852 2363 Christo
882 2323 1003 2373 teste,
1035 2323 1155 2362 erant
1185 2319 1419 2370 Abraham,
1451 2318 1571 2362 Isaac
1601 2320 1643 2359 et

78 2390 225 2444 Jacob,
256 2391 380 2434 Matt.
411 2393 448 2444 8,
483 2394 546 2435 11.
577 2393 711 2443 Quem
738 2393 879 2435 locum
908 2392 1175 2446 Augustinus
1202 2391 1304 2433 dicit
1333 2406 1434 2443 esse,
1467 2389 1642 2442 requi-

80 2477 154 2504 em
192 2463 475 2506 beatorum
512 2479 808 2518 pauperum
847 2479 1072 2518 quorum
1106 2466 1186 2506 est
1210 2477 1434 2516 regnum
1467 2462 1642 2503 coelo-

78 2548 209 2586 rum,
254 2533 307 2575 in
350 2535 490 2587 quod.
531 2537 655 2588 post
692 2535 828 2576 hanc
866 2535 1035 2576 vitam
1071 2534 1441 2587 recipiuntur,
1471 2532 1641 2581 Quaest.

78 2603 242 2658 Evang.
270 2604 362 2646 Lib.
392 2606 426 2647 2.
459 2620 551 2659 cap.
578 2605 641 2647 38.
670 2605 762 2647 Nec
791 2605 998 2647 diffitetur
1024 2605 1297 2647 Maldonatus
1321 2603 1500 2655 Jesuita,
1525 2618 1641 2657 pos-

78 2677 344 2718 teriorum
373 2675 779 2729 Theologorum
810 2676 1123 2718 obtinuisse
1149 2674 1485 2728 opinionem,
1511 2674 1640 2716 fuis-

80 2760 131 2788 se
173 2746 267 2788 sub
310 2749 459 2789 terra
502 2746 827 2788 distinctum
871 2748 933 2789 ab
975 2747 1105 2788 aliis
1143 2759 1441 2799 poenarum
1476 2745 1640 2798 locis,

78 2817 123 2859 in
173 2817 270 2860 Luc.
315 2818 378 2870 16,
421 2818 484 2859 21.
527 2817 600 2871 qui
643 2819 755 2859 certe
798 2833 822 2859 a
863 2817 1081 2859 Marcione
1122 2817 1308 2858 mutuati
1350 2819 1458 2869 sunt,
1503 2817 1641 2870 quod

78 2890 363 2943 utramque
399 2890 697 2931 mercedem
734 2889 845 2931 sive
881 2888 1148 2931 tormenti
1185 2888 1298 2929 sive
1327 2887 1638 2942 refrigerii,

78 2959 216 3012 apud
252 2960 462 3002 inferos
493 2959 882 3010 determinent3
922 2960 999 3001 eis
1036 2959 1275 3012 positam
1311 2960 1401 3012 qui
1439 2959 1551 3013 legi
1590 2962 1640 3001 et
