1931 3224
595 128 659 170 DE
690 127 822 169 CULTU
851 126 1142 169 INVOCA'rmNIs.
1569 122 1647 162 383

87 256 305 298 autoribus
344 254 511 304 nostris
550 256 597 294 ut
634 252 876 307 Stephanus
915 250 1110 304 exemplo
1150 263 1225 290 suo
1263 247 1456 302 praeivit,
1498 245 1646 287 Actor.

87 329 122 380 7,
167 328 230 370 60.
271 327 458 380 exceptis
497 326 635 368 solum
672 325 735 377 iis,
775 325 848 378 qui
886 325 1060 377 peccato
1101 321 1153 363 ad
1191 322 1384 371 mortem,
1422 319 1465 360 id
1504 319 1567 359 est
1603 317 1646 357 in

86 398 294 453 Spiritum
347 397 561 449 Sanctum,
615 398 804 450 peccant,
857 409 934 448 pro
988 392 1141 446 quibus
1194 406 1314 433 orare
1358 389 1646 445 prohibemur,

87 471 108 511 1
139 469 237 512 Joh.
263 470 300 521 5,
328 469 388 510 16.
414 467 691 510 Peculiariter
715 470 858 509 tamen
880 465 1003 508 nobis
1026 466 1071 507 in
1096 464 1317 516 Scriptura
1340 462 1411 504 hic
1437 474 1647 503 commen-

86 541 239 582 dantur
269 539 421 593 Reges,
453 542 494 581 et
521 539 566 580 in
596 538 826 581 eminentia
857 536 1092 587 constituti,
1125 535 1146 576 1
1179 534 1324 576 Thess.
1354 535 1391 586 5,
1424 534 1486 575 25.
1515 532 1647 574 Hebr.

86 612 148 663 13,
179 611 241 652 18.
272 613 349 652 etc.
379 610 569 652 Ecclesia
596 610 690 664 ipsa
721 612 763 651 et
789 624 934 651 omnes
963 607 1118 659 Sancti,
1144 606 1256 660 Eph.
1282 606 1319 656 6,
1346 605 1407 646 18.
1436 604 1522 646 Col.
1550 605 1585 656 1,
1610 604 1647 645 3.

86 685 127 724 et
161 683 198 734 4,
241 683 303 723 12.
339 684 415 724 etc.
446 681 604 735 captivi
638 683 679 722 et
715 695 792 734 pro
825 679 993 721 Christo
1025 679 1138 720 cruci
1168 676 1359 730 subjecti,
1392 676 1487 718 Act.
1519 676 1581 727 12,
1611 676 1647 716 5.

85 757 128 795 et
155 754 286 796 Hebr.
318 754 379 805 13,
410 754 447 794 3.
476 753 593 806 aegri
622 755 663 794 et
693 751 854 804 afflicti,
885 751 976 793 Jac.
1005 752 1041 802 5,
1073 751 1136 793 14.
1160 748 1269 791 Item
1292 748 1447 790 fratres
1471 762 1649 801 peccan-

84 828 147 867 tes
176 828 351 879 peccato
381 839 468 866 non
498 825 550 866 ad
578 826 773 875 mortem,
805 824 826 864 1
856 822 955 866 Joh.
985 823 1022 874 5,
1053 823 1114 864 16.

137 896 288 938 XLVI.
327 896 429 939 Res
466 896 730 938 invocationi
769 895 960 948 objectae
999 896 1097 935 sunt
1138 892 1279 934 divina
1316 891 1531 943 beneficia,
1569 890 1651 932 Dei

83 968 245 1022 gloriae
282 968 349 1010 vel
385 967 609 1010 hominum
646 965 890 1008 necessitati
920 980 968 1007 ac
997 965 1126 1006 saluti
1155 963 1392 1015 servientia,
1424 977 1555 1016 eaque
1586 961 1652 1002 vel

84 1040 316 1093 praeterita
346 1042 387 1081 et
417 1041 602 1093 accepta,
631 1038 695 1080 vel
724 1038 868 1079 futura
901 1039 941 1079 et
967 1036 1223 1090 accipienda.

137 1111 309 1154 XLVII.
347 1110 430 1153 Pro
460 1109 680 1154 beneficiis
709 1109 953 1165 praeteritis
983 1111 1024 1150 et
1054 1107 1240 1161 acceptis
1270 1108 1434 1160 gratiae
1463 1105 1652 1160 agendae

84 1183 188 1236 Deo,
234 1185 462 1226 secundum
504 1185 783 1237 praeceptum
825 1181 1039 1234 Apostoli,
1084 1179 1196 1233 Eph.
1241 1180 1278 1230 5,
1322 1179 1385 1220 20.
1433 1177 1652 1220 Gratias

86 1255 236 1308 agite
267 1271 477 1309 semper
507 1256 566 1297 de
598 1255 865 1306 omnibus,
895 1255 948 1295 111
977 1253 1192 1295 nomine
1220 1251 1440 1293 Domini
1470 1250 1653 1292 nostri

85 1327 214 1369 Jesu
253 1327 483 1379 Christi,
519 1326 629 1368 Deo
669 1328 720 1368 et
757 1325 933 1375 Patri3
974 1325 1102 1377 idque
1140 1339 1225 1366 non
1255 1326 1424 1365 tantum
1452 1324 1495 1364 in
1527 1323 1652 1364 rebus

83 1399 206 1440 laetis
245 1414 292 1441 ac
332 1399 480 1452 gratis,
520 1400 591 1441 sed
629 1400 757 1440 etiam
796 1398 992 1440 tristibus
1033 1400 1074 1439 et
1113 1396 1310 1448 adversis,
1351 1395 1520 1448 quando
1560 1393 1651 1435 Deo

81 1485 158 1512 nos
212 1471 264 1512 iis
316 1486 508 1513 exercere
555 1473 628 1512 aut
671 1471 852 1524 probare
896 1470 1031 1511 visum
1085 1469 1225 1520 fuerit,
1270 1467 1464 1520 exemplo
1509 1465 1653 1516 Hiobi,

84 1558 174 1596 cap.
206 1544 241 1594 1,
273 1543 336 1584 21.
367 1545 408 1585 et
436 1542 760 1596 Apostolorum,
790 1542 886 1583 Act.
917 1541 953 1593 5,
984 1542 1048 1582 41.

137 1613 331 1656 XLVIII.
364 1613 512 1656 Oratio
545 1614 787 1656 futurorum
815 1613 1131 1664 beneficiorum,
1163 1612 1249 1653 sive
1280 1626 1327 1653 ea
1353 1611 1439 1652 sint
1466 1624 1653 1652 commu-

83 1687 155 1728 nia
194 1687 281 1728 sive
321 1687 608 1740 particularia,
653 1688 716 1728 est
754 1686 934 1728 duorum
959 1699 1182 1738 generum3
1213 1683 1279 1725 vel
1309 1683 1518 1724 malorum
1548 1695 1654 1734 quae

83 1759 207 1801 nobis
250 1760 477 1802 metuenda
507 1761 617 1810 sunt,
648 1758 904 1812 deprecatio,
934 1757 999 1798 vel
1028 1756 1239 1797 bonorum
1269 1769 1377 1807 quae
1406 1753 1531 1795 nobis
1560 1766 1655 1805 spe-

85 1831 216 1872 randa
252 1834 362 1883 sunt,
395 1830 642 1884 postulatio.
672 1829 790 1871 Haec
821 1832 962 1871 autem
992 1842 1087 1870 cum
1112 1828 1198 1868 sint
1226 1826 1293 1867 vel
1323 1824 1561 1879 corporalia
1591 1822 1656 1864 vel

87 1904 340 1958 spiritualia,
390 1906 571 1956 utraque
609 1916 775 1944 rursum
814 1899 881 1941 vel
915 1900 1166 1954 simpliciter
1197 1897 1248 1939 ad
1278 1896 1458 1938 salutem
1496 1896 1537 1936 et
1575 1892 1654 1934 Dei

86 1975 268 2029 gloriam
291 1975 556 2027 necessaria,
599 1974 664 2016 vel
702 1976 872 2015 tantum
907 1971 1134 2014 secundum
1165 1969 1278 2022 quid,
1309 1982 1386 2010 nos
1418 1967 1656 2024 posteriora

87 2061 182 2089 cum
230 2045 485 2097 conditione,
525 2045 670 2098 priora
710 2044 916 2096 absolute,
960 2046 1002 2085 et
1045 2043 1133 2086 sine
1179 2042 1420 2084 conditione
1466 2037 1657 2092 roganda

87 2117 325 2161 statuimus,

138 2190 289 2233 XLIX.
334 2190 571 2240 Quaeritur
598 2191 680 2242 hic,
720 2206 775 2233 an
811 2190 923 2232 bona
961 2190 1079 2231 nulla
1119 2189 1350 2242 deprecari,
1389 2188 1501 2230 mala
1540 2187 1657 2229 nulla

86 2263 313 2316 imprecari
353 2265 425 2303 aut
462 2261 585 2303 nobis
623 2264 697 2304 aut
737 2263 831 2304 aliis
859 2262 1015 2303 liceat?
1045 2260 1379 2315 Respondemus,
1409 2274 1498 2302 esse
1529 2273 1657 2312 quae-

89 2337 185 2378 dam
228 2339 320 2377 tum
364 2336 603 2389 corporalia
645 2336 737 2376 tum
780 2333 1021 2388 spiritualia
1063 2336 1188 2388 bona,
1229 2349 1350 2387 quae,
1391 2332 1490 2385 quia
1530 2346 1658 2386 supra

86 2407 197 2449 vires
241 2422 337 2449 suas
379 2408 459 2449 viri
502 2407 638 2449 sancti
681 2423 769 2449 esse
807 2407 1069 2460 judicabant,
1114 2419 1422 2458 nonnunquam
1461 2403 1652 2445 modeste

89 2480 304 2534 deprecati
347 2483 458 2530 sunt,
503 2480 550 2519 ut
590 2481 711 2532 patet
749 2478 941 2532 exemplo
981 2478 1127 2530 Mosis,
1166 2477 1246 2519 Ex.
1286 2478 1322 2518 3.
1364 2478 1405 2518 et
1434 2475 1657 2525 Jeremiae,

88 2549 175 2593 Jer.
221 2553 256 2603 1,
300 2555 374 2594 aut
418 2551 517 2604 quia
555 2551 683 2593 etiam
722 2550 902 2592 abusum
938 2549 1209 2598 metuebant3
1252 2546 1465 2600 quomodo
1507 2545 1658 2588 nimias

90 2626 260 2668 divitias
299 2639 432 2678 aeque
475 2626 603 2675 atque
642 2622 942 2676 paupertatem
972 2619 1280 2674 deprecabatur
1309 2617 1501 2671 Sapiens,
1531 2616 1656 2659 Prov.

89 2699 154 2750 30,
185 2698 209 2739 8
240 2699 281 2739 et
309 2699 347 2739 9.

143 2769 187 2811 L.
219 2769 582 2823 Imprecationum
611 2772 755 2811 autem
785 2769 950 2811 diversa
985 2766 1178 2821 exempla
1206 2766 1251 2806 in
1281 2762 1512 2818 Scripturis
1539 2776 1660 2816 repe-

91 2842 271 2893 riuntur,
298 2845 390 2884 tum
418 2857 501 2895 qua
527 2840 674 2883 Sancti
700 2840 783 2883 diei
806 2840 1046 2882 nativitatis
1072 2853 1171 2880 suae
1195 2837 1453 2879 maledicunt
1480 2837 1659 2889 propter

90 2913 382 2967 ingruentium
409 2913 619 2955 malorum
647 2913 916 2966 gravitatem,
946 2911 974 2953 J
978 2912 1043 2953 ob.
1075 2912 1111 2963 3,
1142 2911 1180 2951 3.
1212 2911 1254 2951 et
1283 2907 1370 2950 Jer.
1401 2908 1465 2959 20,
1493 2906 1555 2948 14.
1586 2906 1659 2948 sed

92 2984 197 3026 haec
225 2987 370 3038 potius
399 3001 449 3028 ex
476 2986 725 3028 infirmitate
754 2987 950 3028 videntur
979 2985 1193 3039 profecta3
1222 2986 1314 3025 tum
1344 2997 1428 3035 qua
1455 2980 1508 3023 ad
1535 2985 1659 3027 inno-
