1931 3224
265 167 315 206 530
863 164 1098 205 DISPUTATIO
1128 161 1200 203 IV.

265 289 441 329 verbis
478 289 713 339 disertis,
754 286 835 328 vel
863 287 1164 339 analogice,
1195 300 1282 326 seu
1311 284 1495 325 verbis
1525 283 1806 336 aequipol-

264 359 505 399 lentibus
535 361 694 410 atque
724 373 782 399 ex
810 358 925 411 ipso
956 356 1152 399 Sacrae
1182 355 1506 407 Scripturae
1533 353 1688 395 fonte
1714 369 1807 408 per

262 430 567 482 proximam,
607 428 1037 479 necessaria1n,p
1053 426 1367 479 erspicuam,
1400 426 1562 477 atque
1595 425 1807 467 indubi—

262 501 279 538 t
292 514 315 538 a
327 501 343 538 t
355 514 377 539 a
388 514 427 539 111
469 514 523 539 co
536 514 562 539 11
573 514 590 539 s
603 514 623 539 e
636 514 661 550 q
674 514 699 539 11
712 514 731 539 e
743 499 856 539 ntia
867 514 910 538 m
947 498 971 538 d
984 512 1004 538 e
1017 498 1042 538 d
1054 513 1081 538 11
1094 513 1114 539 c
1125 500 1142 538 t
1153 497 1166 537 i
1179 512 1208 538 s.
1250 496 1371 545 Quod
1398 510 1475 537 nos
1506 510 1805 538 asseveramus,

314 568 364 609 V.
403 569 596 610 Alterum
634 572 706 620 est,
745 569 1077 610 traditiones
1107 568 1234 609 illas
1263 582 1366 608 non
1396 567 1649 620 scriptas,
1680 570 1807 609 tam-

262 654 410 691 quam
447 640 527 680 vel
566 655 651 681 ore
688 643 840 681 tenus
878 655 901 680 a
938 638 1167 690 Christo,
1197 638 1281 679 vel
1311 654 1334 679 a
1362 637 1576 691 Spiritu
1606 638 1804 681 Sancto

261 710 505 761 dictatas,
538 713 586 752 et
616 711 874 751 continua
898 710 1243 752 successione
1267 710 1319 750 in
1343 709 1594 751 Ecclesia
1619 709 1806 752 Catho-
1848 750 1849 753 ,

259 781 360 821 lica
409 784 770 832 conservatas,
818 782 935 835 pari
977 781 1208 835 pietatis
1253 780 1471 832 affectu,
1517 780 1805 833 eademque

258 852 567 893 reverentia
596 867 708 894 esse
738 853 1133 905 suscipiendas,
1165 868 1264 905 qua
1294 867 1471 893 omnes
1499 852 1675 894 libros
1698 855 1805 893 tam

258 921 474 963 Veteris
525 939 675 975 quam
723 923 862 966 Novi
914 924 1250 966 Testamenti
1293 924 1638 978 suscepimus.
1683 924 1805 974 Quod

256 992 406 1033 statuit
434 992 665 1035 Concilium
694 994 998 1036 Tridentinum.
1030 996 1064 1036 1.
1094 994 1276 1037 Decreto
1306 995 1414 1037 Sess.
1444 995 1482 1036 4.

309 1062 381 1104 VI.
419 1063 608 1106 Tertium
647 1069 719 1118 est,
759 1065 786 1107 S
801 1081 920 1108 acra
934 1081 952 1107 s
992 1066 1308 1120 Scripturas
1338 1067 1417 1108 sin
1433 1081 1454 1108 e
1480 1069 1564 1108 tra
1578 1067 1803 1109 ditioni—

256 1135 350 1175 bus
390 1150 483 1177 nec
523 1136 692 1178 fuisse
736 1152 753 1177 s
769 1137 1074 1190 impliciter
1115 1138 1469 1189 necessariaS,
1512 1153 1605 1180 nec
1646 1139 1802 1180 suffi-

256 1220 277 1246 c
288 1205 301 1245 i
314 1220 334 1246 e
346 1220 372 1246 11
384 1208 401 1246 t
413 1221 433 1247 e
445 1221 475 1247 s.
507 1206 626 1256 Quod
655 1208 820 1249 disserit
849 1208 1130 1250 Bellarminus
1159 1210 1208 1251 de
1232 1208 1375 1251 Verbo
1406 1208 1488 1250 Dei
1514 1224 1600 1251 non
1629 1210 1801 1264 scripto,

254 1275 343 1317 Lib.
372 1277 408 1317 4.
440 1293 472 1318 c.
500 1279 525 1318 4
554 1281 630 1320 etc.
662 1279 895 1321 Stanislaus
924 1280 1083 1322 Hosius
1107 1281 1304 1323 adversus
1328 1280 1564 1333 Brentium,
1590 1281 1680 1323 Lib.
1695 1282 1733 1323 4.
1751 1282 1802 1323 de

254 1347 581 1390 Traditionibus.

306 1417 398 1459 VII.
431 1418 721 1473 Probationes,
753 1423 904 1473 quibus
935 1424 1257 1466 asseverationis
1286 1426 1458 1466 nostrae
1488 1424 1618 1467 Thesi
1648 1428 1801 1478 quarta

254 1490 468 1541 expositae
497 1491 718 1533 veritatem
747 1493 943 1535 adversus
975 1494 1222 1537 Pontificios
1249 1497 1489 1549 astruimus,
1518 1499 1617 1538 sunt
1641 1497 1800 1550 partim

253 1559 426 1612 divinae,
466 1562 622 1613 partim
660 1563 978 1617 ecclesiasticae,
1017 1581 1195 1618 quarum
1231 1567 1395 1620 priores
1435 1583 1485 1609 ex
1520 1568 1615 1622 ipso
1654 1568 1798 1610 Verbo

251 1629 330 1671 Dei
360 1632 529 1685 scripto,
560 1634 815 1686 posteriores
846 1650 895 1677 ex
923 1636 1093 1690 scriptis
1121 1640 1293 1691 patrum
1322 1637 1670 1682 Orthodoxorum
1693 1639 1799 1682 hau-

250 1716 390 1743 rimus.

302 1771 416 1814 VIII.
454 1774 649 1816 Priorum
685 1777 986 1829 probationum
1024 1781 1162 1832 prima
1200 1782 1381 1823 sumitur
1419 1797 1443 1823 a
1479 1781 1612 1824 Verbi
1649 1782 1799 1836 scripti

252 1844 464 1895 encomiis,
502 1845 652 1896 quibus
681 1862 843 1889 summa
873 1851 959 1902 ejus
988 1850 1207 1904 perfectio,
1237 1854 1329 1893 tum
1357 1852 1410 1894 ab
1439 1855 1623 1905 auctore,
1652 1855 1746 1895 tum
1775 1869 1798 1895 a

250 1914 405 1955 virtute
443 1918 484 1955 et
523 1916 718 1970 efficacia,
757 1919 840 1972 ipsi
880 1920 931 1961 ab
961 1925 1131 1964 auctore
1161 1938 1236 1965 suo
1268 1924 1321 1965 ad
1349 1923 1486 1976 finem,
1518 1939 1643 1977 quem
1671 1925 1706 1965 is
1733 1925 1798 1966 in-

250 1986 396 2037 tendit,
434 1987 714 2031 infallibiliter
743 1993 1078 2044 consequendum
1107 1995 1429 2048 communicata,
1460 1995 1699 2037 denotatur.
1728 1995 1797 2037 Ab

251 2059 420 2098 auctore
458 2059 568 2099 enim
606 2075 692 2112 suo,
730 2076 880 2115 nempe
916 2063 1007 2106 Deo
1046 2080 1172 2107 causa
1209 2067 1398 2109 omnium
1435 2082 1643 2121 suprema,
1678 2069 1797 2121 cujus

252 2129 392 2169 omnia
433 2144 561 2182 opera
602 2135 698 2173 sunt
739 2134 937 2188 perfecta,
975 2135 1099 2178 Deut.
1137 2138 1199 2190 32,
1240 2138 1277 2179 4.
1315 2138 1527 2180 interdum
1565 2139 1606 2181 V
1617 2154 1638 2181 e
1648 2154 1668 2180 r
1678 2139 1706 2180 b
1717 2155 1745 2180 u
1755 2154 1797 2180 111

250 2197 288 2238 D
302 2213 322 2239 e
333 2199 366 2250 i,
405 2203 452 2241 ut
488 2202 511 2241 2
546 2201 656 2243 Petr.
698 2204 731 2254 1,
771 2205 833 2245 21.
870 2205 1081 2248 interdum
1118 2207 1149 2249 L
1163 2224 1220 2250 ex
1257 2209 1296 2250 D
1309 2210 1374 2262 ei,
1408 2212 1456 2251 ut
1484 2209 1593 2252 Psal.
1623 2211 1659 2262 1,
1690 2211 1725 2252 2.
1755 2213 1797 2252 et

251 2269 312 2320 19,
355 2270 378 2310 8
420 2274 461 2312 et
500 2273 586 2313 119.
624 2274 833 2316 interdum
876 2276 1165 2331 Scriptura
1208 2281 1478 2323 divinitus
1520 2282 1798 2335 inspirata

249 2343 434 2393 vocatur,
474 2345 521 2383 ut
548 2344 571 2383 2
600 2343 706 2385 Tim.
735 2346 770 2396 3,
802 2346 862 2387 16.
892 2347 931 2388 Α
959 2350 1115 2392 virtute
1144 2355 1185 2393 et
1216 2351 1403 2394 efficacia
1432 2353 1514 2394 sibi
1543 2368 1567 2394 a
1595 2352 1686 2395 Deo
1715 2353 1796 2394 im-

249 2412 429 2453 mediate
467 2415 784 2467 communicata,
824 2418 976 2460 dicitur
1008 2435 1035 2473 p
1050 2436 1073 2462 o
1086 2437 1104 2462 s
1117 2437 1134 2462 s
1147 2437 1167 2464 e
1195 2423 1224 2464 11
1237 2438 1260 2465 0
1273 2439 1315 2464 111
1326 2424 1378 2465 in
1390 2439 1410 2466 e
1420 2439 1462 2466 m
1491 2440 1510 2466 s
1522 2440 1545 2466 a
1556 2440 1583 2478 p
1595 2425 1610 2466 i
1622 2439 1643 2466 e
1653 2439 1681 2466 n
1691 2426 1710 2465 t
1721 2439 1742 2465 e
1753 2438 1795 2465 m

250 2483 471 2525 reddere
500 2486 562 2526 ad
591 2486 837 2539 salutem,
868 2490 891 2529 2
921 2489 1184 2544 Tim.3,15.

301 2552 373 2594 IX.
412 2554 601 2597 Secunda
634 2558 793 2609 petitur
823 2559 874 2600 ab
904 2562 1093 2614 epitheto
1123 2564 1397 2617 perfectionis
1427 2582 1474 2609 ac
1503 2567 1792 2618 sufficientiae,

250 2625 360 2674 quod
397 2626 479 2678 ipsi
516 2641 709 2680 expresse
747 2630 994 2673 attribuitur
1031 2633 1097 2674 Ps.
1138 2636 1198 2687 19,
1238 2637 1273 2677 8.
1303 2638 1339 2678 9.
1368 2637 1400 2678 L
1413 2653 1433 2680 e
1443 2654 1471 2679 x
1501 2638 1561 2691 (id
1591 2640 1665 2690 est,
1695 2638 1794 2680 doc-

250 2694 377 2746 trina)
417 2695 454 2735 D
468 2711 488 2737 e
501 2697 513 2737 i
552 2712 573 2738 e
584 2700 630 2738 st
666 2699 679 2739 i
692 2702 779 2741 nte
791 2715 818 2753 g
829 2715 849 2741 r
861 2716 895 2742 a.
924 2701 1141 2756 Integrum
1172 2708 1312 2748 autem
1343 2710 1405 2749 est
1435 2709 1501 2750 cui
1529 2709 1637 2750 nihil
1666 2709 1792 2761 deest,

251 2766 292 2803 et
333 2768 450 2807 extra
492 2769 602 2819 quod
643 2769 748 2811 nihil
791 2785 935 2813 eorum
976 2788 1082 2826 quae
1119 2779 1215 2817 sunt
1253 2779 1351 2830 ejus,
1390 2780 1526 2833 accipi
1562 2781 1717 2834 potest,
1746 2782 1795 2821 ut

251 2836 361 2875 recte
402 2836 639 2880 observavit
676 2840 807 2882 Arist.
845 2841 933 2884 Lib.
972 2844 1008 2884 2.
1039 2845 1088 2886 de
1117 2847 1234 2888 coelo
1265 2864 1297 2889 c.
1325 2849 1362 2889 4.
1392 2848 1517 2891 Ν11111
1548 2865 1650 2904 ergo
1681 2850 1795 2904 quod.

250 2903 314 2945 lex
346 2904 422 2946 Dei
452 2910 525 2959 est,
556 2911 673 2950 extra
700 2911 837 2965 Iegem
867 2912 947 2954 Dei
975 2915 1178 2969 scriptum
1209 2920 1430 2972 reperitur.

302 2975 351 3017 X.
389 2975 499 3019 Hinc
535 2978 648 3021 Deus
687 2982 788 3023 olim
817 2984 1048 3038 prohibuit,
1076 3002 1127 3028 ne
1158 2989 1259 3040 quid
1286 2990 1374 3044 legi
1402 3006 1501 3033 suae
1530 2992 1791 3045 adjiceretur,
