1931 3224
268 131 345 172 572
819 126 1059 168 DISPUTATIO
1088 125 1260 167 XLVII.

268 254 396 296 tiam
434 255 649 307 gratum
687 250 1002 301 facientem,
1042 248 1132 290 sed
1170 248 1346 302 gratis
1366 248 1581 302 ⁴datam,
1619 264 1713 291 nec
1749 250 1829 291 ita

267 339 510 378 pugnare
566 337 677 363 cum
731 319 1099 373 improbitate
1154 319 1321 370 vitae,
1381 321 1438 360 ut
1497 320 1657 361 simul
1717 335 1829 363 cum

269 410 289 436 e
301 410 325 435 a
368 409 389 435 e
401 409 418 434 8
431 408 449 434 8
461 407 482 434 0
523 407 552 433 11
567 407 588 434 0
601 406 628 444 q
638 407 664 432 u
678 406 698 433 0
711 407 734 433 a
745 393 784 443 t,
828 406 911 444 quo
957 391 1068 433 dicto
1114 405 1284 432 causam
1321 405 1441 433 suam
1473 392 1655 445 jugulat.
1695 391 1828 443 Adde,

269 465 382 518 quod
409 463 519 505 inter
549 463 797 505 Pontificios
820 477 907 504 non
932 462 1069 504 adhuc
1093 464 1270 514 constet,
1295 477 1349 503 an
1373 462 1592 515 impositio
1614 478 1827 515 manuum,

267 536 322 577 sit
350 533 584 577 essentialis
610 534 759 586 ordini,
783 533 998 575 nonnullis
1023 533 1066 575 id
1090 533 1360 587 negantibus,
1385 536 1433 575 ut
1449 535 1538 586 jam
1555 534 1828 577 ostendimus.

267 608 504 658 Praeterea,
545 620 640 647 cum
678 605 953 659 impositione
993 620 1195 647 manuum
1223 605 1289 646 usi
1316 605 1474 647 fuerint
1502 605 1715 658 Apostoli,
1743 620 1830 648 non

266 680 404 721 solum
442 678 486 719 in
526 677 806 729 ordinatione,
847 677 920 719 sed
960 677 1089 719 etiam
1127 677 1171 718 in
1202 677 1428 719 collatione
1458 677 1706 730 specialium
1734 677 1829 731 Spi-

266 751 374 792 ritus
419 749 565 792 Sancti
594 750 815 801 donorum,
844 749 1004 791 dictum
1033 748 1137 790 illud
1165 749 1201 789 2.
1232 748 1285 789 ad
1313 747 1419 789 Tim.
1448 763 1486 790 v.
1517 749 1578 790 16.
1610 749 1829 791 commode

266 823 316 864 de
353 824 533 874 utraque
564 820 800 876 χειροθεσίᾳ
842 821 977 874 accipi
1006 834 1142 874 posse,
1172 820 1320 873 negari
1349 834 1435 861 non
1465 822 1620 873 potest,
1650 820 1828 874 proinde

266 893 318 935 ad
359 893 538 946 alicujus
580 892 833 934 sacramenti
874 891 1189 934 institutionem
1225 906 1311 934 non
1348 891 1548 945 pertinet,
1587 906 1682 933 cum
1719 892 1829 934 dona

265 964 450 1018 Spiritus
479 963 827 1015 extraordinaria,
856 962 1092 1005 Pontificiis
1119 962 1366 1014 fatentibus,
1395 962 1448 1004 ad
1472 962 1655 1016 gratia-m
1680 962 1829 1005 Sacra-

233 1034 244 1042 ”
265 1038 507 1078 mentorum
535 1049 621 1077 non
649 1035 903 1090 pertineant.

318 1106 447 1149 XLV.
476 1106 543 1149 Ex
572 1107 696 1148 dictis
724 1107 827 1148 satis
858 1108 1038 1158 constat,
1066 1105 1228 1147 nullum
1257 1105 1448 1147 ordinem
1476 1120 1564 1147 0880
1592 1119 1828 1147 sacramen-

264 1182 355 1222 tum
382 1179 558 1232 proprie
587 1178 759 1220 dictum.
789 1176 889 1219 Non
916 1180 1060 1219 tamen
1089 1191 1340 1231 pugnamus,
1370 1177 1405 1218 si
1430 1176 1524 1230 quis
1547 1176 1632 1219 late
1656 1179 1826 1230 sumpto

266 1251 520 1295 sacramenti
556 1251 738 1302 nomine,
776 1250 887 1292 idem
925 1249 1053 1292 etiam
1091 1264 1214 1291 verae
1245 1249 1505 1291 ordinationi
1534 1248 1827 1291 ministrorum

265 1323 641 1365 communicaverit
653 1338 661 1373 ;
700 1322 928 1363 dummodo
966 1322 1078 1363 inter
1109 1335 1255 1363 omnes
1283 1321 1520 1373 conveniat,
1548 1322 1660 1363 inter
1688 1336 1827 1364 sacra-

265 1397 409 1437 menta
437 1394 616 1436 univoce
647 1393 771 1445 dicta,
800 1407 887 1434 non
915 1407 1040 1446 posse
1068 1391 1230 1434 referri.
1260 1391 1355 1434 Hoc
1384 1406 1508 1434 sensu
1535 1391 1732 1434 Calvinus
1757 1392 1829 1434 In-

265 1466 351 1508 stit.
381 1465 472 1507 Lib.
501 1466 538 1507 4.
570 1481 660 1518 cap.
693 1466 754 1506 14.
784 1466 882 1506 sect.
913 1464 977 1505 20.
1000 1464 1141 1517 impo
1155 1463 1248 1505 siti
1263 1478 1358 1505 one
1371 1479 1412 1505 m
1437 1478 1702 1517 manuum,
1731 1479 1831 1517 qua

264 1538 548 1580 Ecclesiae
593 1536 837 1578 ministri
880 1536 934 1577 in
977 1551 1126 1577 suum
1153 1549 1341 1576 munus
1371 1534 1695 1588 initiantur,
1725 1550 1830 1577 non

262 1609 473 1651 invitus
512 1609 725 1662 patitur
762 1607 950 1649 vocari
988 1607 1414 1658 Sacramentum,
1455 1621 1473 1647 8
1489 1607 1547 1648 011
1575 1607 1723 1648 inter
1753 1622 1829 1648 or-

266 1680 480 1722 dina-ria
519 1679 547 1722 S
560 1694 735 1721 acram
748 1681 872 1721 enta
910 1694 938 1720 n
951 1693 1014 1720 on
1042 1693 1160 1720 num
1173 1680 1300 1720 erat.
1332 1676 1400 1720 Sic
1431 1677 1559 1719 etiam
1586 1677 1828 1731 intelligen-

264 1751 340 1794 dus
370 1753 434 1793 est
461 1750 781 1802 Melanchthon,
810 1751 863 1792 in
891 1750 941 1791 lo
955 1750 1030 1792 cis
1061 1764 1312 1793 commun.
1343 1752 1394 1791 et
1418 1749 1497 1802 Ap
1511 1749 1571 1790 ol.
1598 1748 1826 1791 confess.

262 1823 303 1865 A
313 1839 341 1864 11
353 1837 382 1879 g
392 1838 420 1864 u
431 1825 489 1864 st.
532 1837 556 1863 a
566 1837 587 1863 r
596 1823 627 1863 t.
672 1822 734 1863 13.
777 1821 849 1862 ubi
892 1835 979 1862 non
1019 1820 1122 1873 vult,
1163 1820 1353 1862 ordinem
1391 1834 1479 1861 esse
1517 1822 1829 1862 sacramentum

262 1894 435 1948 proprie
479 1893 651 1945 dictum,
694 1894 741 1933 ut
783 1893 821 1934 ei
858 1891 1143 1934 Bellarminus
1181 1890 1362 1944 affingit,
1402 1891 1475 1933 sed
1511 1891 1748 1945 impropria
1787 1894 1828 1933 et

264 1965 453 2020 generali
491 1965 818 2018 significatione,
847 1978 932 2016 qua
960 1963 1088 2005 etiam
1117 1965 1281 2005 veteres
1311 1962 1413 2004 olim
1442 1977 1470 2015 p
1483 1977 1504 2016 e
1516 1962 1542 2003 d
1553 1977 1578 2003 11
1591 1977 1634 2003 111
1664 1963 1714 2004 10
1727 1963 1770 2004 ti
1782 1977 1827 2004 0-

262 2053 290 2078 n
301 2052 322 2079 0
333 2052 376 2078 111
388 2070 397 2088 ,
439 2052 468 2090 p
480 2052 504 2078 a
515 2051 543 2077 n
555 2051 576 2078 e
586 2051 629 2077 m
656 2036 684 2077 b
697 2051 717 2077 e
729 2051 756 2076 n
770 2050 790 2077 e
803 2035 853 2076 di
865 2049 886 2076 c
896 2037 915 2076 t
926 2050 954 2076 u
968 2050 1010 2076 m
1041 2033 1362 2076 Catechumenis
1392 2033 1550 2085 datum,
1581 2036 1659 2076 etc.
1689 2048 1827 2076 sacra-

261 2111 406 2151 menta
443 2108 726 2162 appellarunt.
764 2107 804 2148 A
815 2123 843 2149 u
854 2122 919 2161 gu
930 2122 948 2148 8
959 2109 989 2149 t.
1028 2106 1060 2148 L
1071 2106 1086 2147 i
1096 2107 1136 2148 b.
1175 2107 1211 2148 2.
1251 2107 1277 2148 d
1289 2121 1310 2148 e
1338 2121 1366 2160 p
1379 2122 1400 2148 e
1412 2121 1444 2148 c.
1474 2121 1517 2148 m
1529 2121 1550 2148 0
1561 2122 1594 2148 1.
1625 2121 1646 2147 0
1657 2122 1681 2148 a
1693 2121 1733 2160 p.
1762 2107 1826 2148 26.

262 2180 503 2222 Ambros.
535 2180 592 2222 de
624 2179 852 2222 Sacram.
882 2178 991 2221 Lib.
1022 2179 1058 2220 3.
1090 2193 1201 2232 cap.
1233 2179 1267 2219 1.
1297 2178 1552 2221 Bernard.
1582 2178 1739 2221 Serm.
1769 2178 1826 2220 de

263 2251 438 2293 Coena
475 2251 514 2293 D
528 2266 616 2293 0111.
658 2253 708 2293 et
737 2265 830 2292 con
845 2251 1082 2293 secratio
1113 2250 1310 2292 altaris
1339 2252 1650 2292 sacramentum
1679 2249 1826 2303 appel-

260 2323 386 2375 latur,
416 2323 468 2364 in
498 2323 585 2376 glo
600 2338 662 2365 88.
693 2337 853 2365 causa
884 2324 919 2364 1.
954 2337 994 2375 q.
1023 2322 1059 2364 3.
1090 2336 1197 2375 cap.
1230 2321 1291 2363 15.

750 2471 1341 2519 MATRIMONIUM.

314 2604 463 2648 XLVI.
503 2604 621 2647 Idem
660 2605 710 2647 de
747 2603 1024 2646 Matrimonio
1056 2603 1290 2655 dicendum,
1321 2603 1355 2644 si
1382 2603 1493 2645 forte
1523 2605 1692 2645 sanctae
1723 2603 1825 2645 alias

260 2676 534 2728 institutioni,
573 2676 695 2729 eique
732 2676 910 2728 divinae,
952 2675 980 2719 S
993 2691 1016 2718 a
1027 2691 1048 2718 c
1058 2691 1078 2717 r
1090 2691 1114 2717 a
1125 2690 1168 2716 m
1180 2690 1200 2717 e
1212 2690 1239 2716 11
1249 2674 1293 2717 ti
1320 2689 1487 2727 nomen,
1517 2690 1542 2716 a
1571 2675 1825 2727 quibusdam

260 2747 442 2790 inditum
470 2747 611 2790 fuerit.
644 2747 766 2798 Quod
797 2748 926 2790 etiam
954 2747 1065 2789 inter
1093 2747 1381 2790 Scholasticos
1410 2745 1710 2789 animadvertit
1733 2746 1824 2788 Du-

260 2819 427 2871 randus,
466 2819 510 2861 in
548 2820 586 2862 4.
627 2819 722 2861 dist.
761 2820 824 2861 26.
864 2834 903 2873 q.
943 2820 980 2861 3.
1020 2819 1092 2861 ubi
1121 2819 1256 2871 docet,
1285 2817 1330 2860 M
1342 2833 1365 2860 a
1376 2820 1394 2859 t
1405 2818 1502 2861 rim
1514 2832 1538 2859 0
1549 2832 1576 2859 11
1587 2817 1639 2859 iu
1650 2833 1693 2859 111
1722 2833 1750 2859 11
1761 2832 1785 2860 0
1795 2833 1824 2860 11

262 2903 377 2930 0880
406 2888 816 2933 Sacramentum
847 2891 988 2934 sicut
1016 2905 1172 2932 unum
1202 2905 1261 2932 ex
1290 2890 1441 2942 aliis,
1470 2904 1565 2931 nec
1589 2889 1822 2942 gratiam

262 2959 510 3002 conferre
535 2976 592 3002 ex
618 2976 780 3015 opere
804 2964 1047 3015 operato.
1072 2961 1189 3004 Idem
1215 2961 1345 3004 etiam
1369 2961 1471 3004 dicit
1490 2960 1642 3003 Glossa
1663 2975 1821 3004 causa
