1931 3224
222 140 286 181 DE
316 138 420 182 Vm
447 155 492 182 Ac
519 139 664 183 MORTE
691 141 880 182 AETERNA
910 154 957 182 ΕΤ
986 139 1314 184 CONSUMMATIONE
1343 154 1488 181 SECULI.
1552 140 1630 181 659

83 279 133 306 ex
159 264 212 306 iis
239 264 330 306 vult
357 264 611 318 patefacere.
640 265 752 307 Hinc
781 268 844 307 est
873 265 985 318 quod
1012 265 1179 318 Angeli,
1204 266 1278 318 qui
1302 278 1467 317 semper
1491 264 1634 305 vident

82 334 232 377 faciem
269 333 422 387 Patris,
461 338 603 378 tamen
640 337 839 390 ignorent
876 336 985 379 diem
1022 335 1192 387 Judicii,
1230 335 1360 377 Marc.
1400 335 1462 388 13,
1501 336 1563 376 32.
1594 338 1636 376 et

82 420 167 448 non
203 405 285 447 nisi
322 421 372 448 ex
410 407 668 450 revelatione
707 408 1042 450 extraordinaria
1080 407 1161 449 Dei
1194 407 1418 460 accipiant,
1449 421 1557 459 quae
1586 422 1636 448 ex

83 477 269 530 ejusdem
296 477 515 520 voluntate
544 478 596 520 ad
625 479 961 521 aedificationem
988 478 1203 521 Ecclesiae
1227 478 1356 520 servis
1381 477 1538 520 Christi
1562 493 1637 533 pa-

80 548 298 599 tefaciunt,
326 551 376 591 ut
402 548 543 591 videre
574 552 638 591 est
667 550 802 604 Apoc.
834 551 869 603 1,
900 550 936 592 1.
967 553 1009 592 et
1037 550 1074 603 5,
1103 551 1139 592 3.
1289 544 1296 548 ”

134 619 290 662 XXIV.
323 620 391 662 Ex
416 620 568 673 quibus
594 621 721 663 etiam
745 624 872 674 patet,
899 622 1116 676 speculum
1140 622 1244 663 illud
1268 622 1502 674 TrinitatiS,
1525 621 1639 674 quod

82 691 275 734 nonnulli
311 691 527 734 Pontificii
555 692 734 746 fingunt,
766 695 885 747 quasi
914 694 957 735 in
987 710 1035 736 eo
1064 695 1199 736 beatis
1228 695 1272 736 in
1303 695 1418 736 coelo
1451 694 1639 736 omnium

82 763 303 806 hominum
334 763 525 806 internae
553 779 601 806 ac
633 767 828 807 externae
856 765 1127 808 necessitates
1158 781 1206 807 ac
1235 780 1380 819 preces
1410 765 1639 816 reluceant,

83 850 136 877 ne
171 835 340 888 quidem
369 850 463 877 cum
493 835 584 877 aliis
615 851 760 878 eorum
789 837 1026 879 sanioribus
1054 837 1363 890 hypothesibus
1394 836 1638 886 convenire,

85 907 185 959 quia
209 906 350 948 omnia
375 907 449 949 illa
478 922 527 949 ex
555 907 636 950 Dei
660 908 793 950 libero
815 908 982 950 decreto
1004 909 1200 962 pendent.
1223 908 1507 957 Quamobrem
1527 907 1640 949 Deus

85 979 389 1021 scrutationem
426 980 630 1033 cordium,
661 983 702 1022 et
731 981 909 1022 aliarum
938 996 1078 1023 rerum
1108 997 1158 1023 ex
1188 982 1324 1023 causis
1354 980 1640 1034 contingenti-

85 1050 165 1092 bus
193 1050 469 1105 pendentium
498 1053 788 1106 cognitionem
817 1055 986 1105 certam,
1016 1068 1064 1094 ac
1090 1052 1369 1094 universalem
1393 1067 1536 1094 curam
1560 1051 1640 1093 sibi

86 1122 246 1175 passim
273 1122 480 1175 vendicat,
510 1126 559 1164 ut
586 1123 688 1164 alibi
718 1123 1053 1165 demonstratum
1083 1126 1159 1175 est,
1190 1139 1284 1165 cum
1313 1123 1363 1164 de
1387 1122 1641 1166 Sanctorum

85 1193 352 1236 invocatione
381 1196 445 1236 est
474 1195 627 1237 actum.
658 1186 716 1236 Et
743 1209 843 1236 vero
873 1194 999 1236 Sacra
1021 1192 1243 1247 Scriptura
1269 1194 1422 1236 diserte
1444 1197 1640 1247 testatur,

88 1265 201 1318 quod
225 1265 367 1308 sicut
395 1281 545 1308 nemo
575 1267 730 1308 novit
759 1280 894 1319 quae
923 1267 1045 1307 sunt
1069 1265 1121 1306 in
1144 1265 1371 1317 homine,
1396 1266 1504 1307 nisi
1529 1265 1644 1319 Spi-

86 1337 229 1379 ritus
264 1337 504 1381 hominis
543 1339 632 1392 qui
671 1340 751 1380 est
786 1339 840 1380 in
876 1338 1011 1391 ipso,
1046 1337 1122 1379 sic
1149 1352 1299 1379 nemo
1328 1337 1481 1379 novit
1511 1352 1643 1390 quae

88 1412 212 1451 sunt
240 1409 352 1462 Dei,
381 1409 488 1451 nisi
516 1409 760 1463 Spiritus
790 1408 900 1461 Dei,
931 1409 951 1449 1
984 1408 1076 1450 Cor.
1106 1409 1142 1460 2,
1175 1408 1237 1449 11.

142 1480 276 1523 XXV.
305 1480 372 1523 Ex
400 1481 480 1523 hac
508 1481 590 1523 Dei
617 1481 826 1532 beatifica,
857 1483 898 1522 et
928 1495 1096 1522 omnem
1121 1482 1291 1534 captum
1314 1480 1499 1521 hominis
1525 1494 1644 1522 exce-

88 1553 213 1595 dente
241 1553 402 1595 visione
430 1553 665 1595 necessario
694 1554 889 1594 nascetur
917 1553 1051 1594 totius
1080 1551 1264 1593 hominis
1294 1550 1542 1604 plenaria
1570 1566 1644 1593 re-

88 1625 315 1667 novatio
361 1626 409 1667 et
452 1624 853 1675 sanctificatio,
897 1623 1000 1665 adeo
1043 1625 1091 1664 ut
1129 1638 1207 1676 pro
1248 1623 1525 1676 proportione
1563 1638 1645 1676 qua

89 1711 207 1739 mens
250 1697 376 1739 beata
412 1696 553 1739 Deum
588 1696 633 1737 in
669 1711 744 1737 sua
782 1695 919 1748 gloria
956 1694 1006 1736 de
1043 1694 1150 1735 facie
1187 1694 1230 1734 in
1268 1693 1419 1735 faciem
1448 1694 1642 1735 intuetur

91 1769 219 1810 etiam
257 1783 329 1812 cor
365 1768 551 1811 hominis
587 1767 632 1809 in
668 1782 855 1809 amorem
894 1767 996 1818 ejus,
1034 1767 1076 1807 et
1104 1764 1429 1807 admirationem
1459 1764 1645 1806 omnium

91 1854 269 1893 operum
298 1840 386 1893 ejus
417 1839 472 1881 sit
501 1838 823 1881 accendendum.

144 1909 299 1953 XXVI.
327 1910 377 1952 Id
406 1910 670 1953 demonstrat
699 1909 836 1963 primo
861 1909 956 1963 ipsa
979 1908 1153 1950 visionis
1177 1908 1303 1961 hujus
1329 1908 1548 1950 beatificae
1571 1923 1646 1950 na-

90 1984 198 2025 tura.
229 1982 342 2025 Nam
369 1982 512 2025 fideles
542 1983 672 2024 etiam
699 1981 770 2023 hic
795 1996 973 2023 omnes
1001 1983 1214 2022 retecta
1242 1979 1383 2021 facie
1412 1980 1646 2033 gloriam

91 2053 310 2097 Domini
347 2057 403 2096 ut
440 2055 493 2097 in
531 2054 752 2108 speculo
791 2054 1090 2105 intuentes,
1130 2053 1182 2093 in
1212 2052 1427 2093 eandem
1461 2052 1647 2105 imagi-

91 2140 205 2168 nem
241 2126 714 2169 transformantur
743 2126 802 2168 de
831 2125 1012 2179 gloria
1040 2125 1093 2166 in
1122 2124 1367 2177 gloriam,
1397 2123 1503 2165 sicut
1530 2124 1648 2177 Apo-

93 2197 226 2239 stolus
255 2197 446 2252 loquitur
475 2199 500 2239 2
523 2197 618 2241 Cor.
642 2199 678 2251 3,
707 2198 770 2239 28.
797 2200 956 2250 quanto
980 2197 1116 2250 magis
1140 2195 1319 2237 intuitus
1344 2195 1414 2237 ille
1439 2195 1648 2248 gloriosus

93 2268 258 2311 divinae
297 2269 515 2322 essentiae,
545 2270 810 2312 voluntatem
837 2268 1023 2310 hominis
1054 2282 1101 2309 ac
1130 2267 1313 2319 reliquas
1342 2281 1487 2309 omnes
1515 2267 1649 2308 virtu-

92 2342 156 2383 tes
185 2343 227 2383 et
254 2340 479 2384 facultates
509 2341 554 2383 in
583 2356 832 2384 consensum
860 2340 1044 2394 ejusdem
1068 2338 1308 2380 sanctitatis
1332 2341 1374 2380 et
1397 2339 1559 2391 gloriae
1582 2354 1649 2380 ra-

93 2412 196 2466 piet.
235 2411 599 2462 Quemadmodum
638 2413 701 2454 sol
740 2411 1020 2454 communicat
1054 2410 1237 2465 speculo,
1267 2426 1291 2452 a
1321 2424 1403 2463 quo
1432 2409 1648 2462 recipitur,

95 2497 213 2526 suam
240 2483 471 2538 imaginem
499 2499 547 2526 ac
574 2483 797 2537 fulgorem.

146 2553 325 2597 XXVII.
353 2554 631 2597 Demonstrat
660 2555 766 2596 illud
794 2554 941 2596 deinde
969 2552 1120 2596 Sacrae
1148 2552 1391 2606 Scripturae
1419 2555 1651 2606 perpetuus

94 2628 230 2668 tenor.
268 2625 382 2668 Nam
418 2626 774 2680 quemadmodum
811 2626 915 2667 haec
952 2624 1033 2666 Dei
1070 2623 1174 2666 visio
1212 2639 1297 2666 non
1333 2623 1415 2665 nisi
1442 2624 1649 2666 mundis

96 2697 256 2741 corde
291 2699 570 2753 promittitur,
608 2698 732 2741 Matt.
770 2698 807 2750 5,
846 2698 883 2739 8.
914 2711 937 2737 a
965 2711 1068 2738 non
1096 2695 1367 2749 regenitis
1397 2698 1649 2748 removetur,

96 2768 195 2812 Joh.
234 2771 272 2823 3,
309 2772 345 2813 3.
383 2771 486 2814 item
516 2787 541 2813 a
568 2784 727 2813 carne
758 2771 808 2811 et
836 2768 1120 2821 sanguine,
1152 2768 1172 2808 1
1204 2766 1296 2809 Cor.
1327 2767 1388 2819 15,
1418 2768 1481 2809 50.
1512 2766 1650 2816 Quum

96 2841 200 2884 item
226 2841 271 2884 in
299 2843 524 2885 coelestem
552 2841 669 2883 illam
697 2839 933 2883 Jerusalem
960 2840 1191 2893 negetur
1219 2838 1486 2880 introitus
1513 2838 1651 2880 omni

98 2912 237 2964 quod
277 2912 551 2966 pollutum
593 2915 693 2964 est,
738 2914 827 2953 aut
864 2910 1328 2953 abominationem
1366 2909 1523 2962 facit,
1560 2912 1652 2951 aut

97 2983 452 3036 mendacium,
489 2983 572 3037 Ap.
600 2984 665 3035 21,
695 2983 758 3025 27.
787 2983 978 3035 sequitur
1006 2982 1239 3024 necessario
1269 2983 1409 3023 totum
1437 2981 1652 3023 hominem
