1931 3224
642 120 706 163 DE
735 119 868 161 Curru
896 119 1189 161 INvocATmNis.
1619 123 1696 163 375

132 262 226 290 mus
269 262 364 289 eum
405 261 489 289 non
532 248 700 288 tantum
745 245 1025 288 communiter
1063 248 1104 287 et
1143 245 1436 297 essentialiter,
1467 247 1539 288 sed
1569 247 1699 287 etiam

132 318 425 373 personaliter,
455 320 496 360 et
526 318 623 360 licet
653 312 780 360 Sacra
811 316 1031 371 Scriptura
1059 317 1104 358 in
1131 316 1403 358 invocatione
1434 332 1587 359 110111011
1618 317 1701 358 Ρ3-

132 390 210 431 tris
247 389 512 442 frequentius
550 391 778 443 proponat,
817 388 916 441 quia
954 388 1141 441 reliquae
1174 403 1380 441 personae
1419 389 1456 429 ei
1493 388 1704 442 originem

133 476 252 502 suam
294 461 459 512 debent,
505 463 547 502 et
586 460 685 513 quia
724 461 768 502 in
808 475 934 513 opere
972 459 1277 513 redemptionis
1315 462 1486 501 nostrae
1515 459 1702 512 primum

132 533 271 574 locum
322 533 483 582 servat3
535 533 678 572 tamen
721 533 762 572 et
805 531 990 583 reliquas
1031 545 1235 584 personas
1277 530 1472 572 distincte
1514 530 1703 572 invocari

132 618 270 658 posse,
300 601 546 655 Scripturae
575 601 670 643 loca
701 604 743 643 et
771 602 961 656 exempla
992 602 1201 643 evincunt.

186 673 302 716 XIII.
344 673 484 723 Quum
523 673 634 714 enim
671 672 800 714 Pater
837 672 1000 714 inducit
1028 673 1298 726 unigenitum
1327 688 1449 714 suum
1478 673 1522 714 in
1553 673 1699 714 orbem

132 749 354 798 terrai-um,
399 747 676 798 praeceptum
719 745 769 786 de
813 759 861 785 eo
903 744 1165 798 promulgat,
1208 745 1276 786 Et
1319 745 1551 786 adorent
1593 759 1706 786 eum

133 831 315 860 omnes
351 816 553 870 Angeli
589 815 711 867 Dei,
752 816 876 857 sicuti
914 830 966 857 ex
994 815 1062 857 Ps.
1095 816 1159 867 65,
1191 818 1227 857 6.
1258 818 1441 857 testatur
1464 816 1702 870 Apostolus

132 888 241 931 Heb.
286 888 322 940 1,
364 889 400 930 6.
449 888 541 930 Imo
582 887 705 929 ideo
745 886 962 940 accepit
999 901 1190 928 nomen
1230 902 1392 940 super
1431 901 1579 928 omne
1617 901 1703 928 no-

131 974 243 1001 men
285 959 432 1012 (etiam
471 974 554 1012 qua
581 958 810 1011 Mediator)
839 961 896 999 ut
924 957 977 999 in
1007 972 1196 1000 nomen
1225 958 1354 1000 Jesu
1385 973 1534 1000 omne
1565 973 1703 1012 genu

132 1046 184 1073 se
220 1031 444 1082 flectat,
484 1030 595 1071 Phil.
627 1031 663 1082 2,
694 1029 757 1070 10.
787 1028 911 1071 Unde
943 1031 984 1071 et
1014 1029 1206 1071 Ecclesia
1236 1028 1394 1071 Christi
1423 1030 1629 1080 universe,
1660 1032 1701 1071 et

130 1102 332 1156 Apostoli
370 1101 602 1155 sigillatim,
644 1102 733 1154 ejus
774 1115 943 1154 quoque
971 1116 1126 1143 nomen
1154 1102 1323 1154 saepius
1354 1100 1552 1142 distincte
1582 1101 1703 1142 invo-

132 1176 241 1225 cant,
283 1175 331 1214 ut
369 1173 510 1215 videre
549 1176 612 1214 est
650 1173 747 1215 Act.
787 1175 823 1224 9,
862 1173 926 1214 14.
957 1174 978 1214 1
1011 1171 1105 1215 Cor.
1136 1173 1170 1225 1,
1200 1174 1237 1214 2.
1267 1172 1390 1214 Rom.
1421 1173 1456 1224 1,
1487 1173 1522 1214 7.
1555 1173 1579 1213 2
1609 1171 1702 1213 Cor.

131 1245 167 1298 1,
197 1246 234 1286 2.
265 1243 355 1286 Gal.
387 1245 422 1296 1,
452 1245 488 1286 3.
522 1246 599 1286 etc,
630 1245 654 1285 2
681 1243 780 1286 Joh.
806 1245 842 1296 1,
872 1245 909 1285 3.
941 1244 1076 1297 Apoc.
1107 1245 1142 1295 1,
1172 1244 1208 1285 5.
1241 1245 1317 1285 etc.

184 1316 299 1358 XIV.
333 1315 541 1369 Spiritum
572 1331 741 1368 quoque
772 1315 975 1358 Sanctum
1005 1316 1203 1358 distincte
1232 1316 1421 1359 invocari
1451 1331 1587 1369 posse,
1614 1329 1700 1356 11011

134 1390 302 1430 tantum
340 1388 628 1442 proprietates
667 1402 826 1439 omneS,
867 1402 974 1440 quae
1014 1388 1058 1429 in
1093 1403 1193 1430 vera
1220 1388 1490 1430 invocatione
1521 1403 1649 1442 supra
1678 1403 1702 1429 a

132 1460 255 1501 nobis
307 1460 539 1512 requisitae
591 1461 701 1511 sunt,
746 1459 1062 1510 demonstrant3
1107 1460 1176 1502 sed
1223 1459 1350 1501 etiam
1392 1459 1702 1513 Apostolorum

132 1533 260 1584 atque
303 1530 519 1573 Ecclesiae
558 1531 721 1584 primae
761 1531 1014 1585 exemplum,
1054 1533 1101 1572 ut
1139 1533 1162 1572 2
1194 1530 1286 1572 Cor.
1318 1532 1380 1582 13,
1408 1531 1470 1572 13.
1498 1530 1632 1584 Apoc.
1665 1532 1701 1582 1,

130 1603 168 1645 4.
206 1602 314 1644 Item
350 1601 445 1644 Act.
483 1602 520 1653 4,
562 1602 624 1643 24.
663 1603 699 1644 si
737 1602 980 1644 conferatur
1020 1618 1113 1644 011111
1144 1602 1275 1644 Hebr.
1306 1604 1343 1654 3,
1373 1603 1409 1644 7.
1442 1605 1483 1644 et
1511 1602 1607 1644 Act.
1637 1602 1700 1653 28,

131 1675 194 1717 25.
226 1676 261 1717 si
292 1673 535 1717 conferatur
564 1689 657 1716 cum
687 1673 783 1716 Esa.
813 1675 850 1727 6,
880 1675 916 1716 3.
949 1677 1026 1716 etc.

183 1746 278 1789 XV.
317 1746 637 1798 Secundum,
678 1746 792 1799 quod
820 1746 944 1788 nobis
972 1747 1095 1788 initio
1126 1747 1196 1788 hic
1226 1746 1520 1801 explicandum
1551 1746 1701 1788 sumsi-

129 1834 236 1871 mUS,
266 1822 341 1871 est,
372 1834 469 1873 per
499 1833 654 1871 quem
682 1818 788 1860 haec
816 1818 1030 1861 invocatio
1058 1819 1227 1860 institui
1258 1819 1420 1860 debeat.
1451 1819 1559 1869 Quia
1591 1820 1701 1860 0111111

130 1890 245 1933 Deus
283 1890 396 1944 ignis
438 1905 689 1932 consumens
729 1893 804 1942 est,
834 1893 876 1932 et
915 1890 1028 1932 oculi
1068 1891 1157 1943 ejus
1187 1893 1276 1932 tam
1305 1890 1402 1943 puri
1433 1893 1532 1931 sunt
1561 1893 1609 1931 ut
1636 1891 1701 1931 111-

125 1963 338 2016 justitiam
377 1963 532 2004 intueri
575 1977 662 2004 non
697 1962 875 2017 possint.
918 1962 1027 2004 Hab.
1069 1963 1104 2013 1,
1147 1963 1210 2004 13.
1241 1963 1529 2015 consequitur,
1560 1962 1699 2004 homi-

130 2034 254 2076 nibus
295 2034 474 2078 infirmis
517 2049 564 2077 ac
608 2036 904 2087 peccatoribus
948 2034 1226 2076 mediatorem
1271 2048 1358 2075 esse
1403 2034 1699 2086 quaerendum,

128 2124 204 2163 per
230 2124 356 2163 quem
380 2109 484 2163 ipsis
509 2109 647 2151 aditus
669 2110 722 2151 ad
737 2109 900 2163 gratiae
916 2108 1119 2150 thronum
1135 2107 1323 2161 patefiat,
1341 2106 1471 2148 Hebr.
1487 2106 1525 2158 4,
1542 2106 1604 2147 14.
1624 2108 1700 2148 etc.

180 2180 296 2223 XVI.
326 2181 452 2223 Hunc
481 2181 772 2233 mediatorem,
801 2195 878 2223 nec
907 2180 1018 2221 inter
1047 2179 1251 2232 Angelos,
1281 2181 1329 2220 ut
1360 2178 1463 2220 olim
1488 2177 1699 2219 Platonici

129 2253 449 2305 contenderunt,
489 2267 566 2294 nec
602 2253 715 2294 inter
754 2252 933 2294 Sanctos
972 2251 1206 2302 defunctos,
1247 2253 1294 2291 ut
1331 2250 1545 2303 quondam
1573 2249 1699 2290 Anti-

127 2323 415 2375 dicomaritae,
459 2326 500 2365 et
538 2326 740 2376 utrosque
778 2323 936 2364 imitati
966 2321 1182 2363 Pontificii
1212 2321 1455 2375 opinantur,
1489 2335 1694 2373 quaeren-

129 2395 228 2437 dum
267 2395 484 2447 sentimus,
526 2394 625 2448 quia
662 2395 770 2436 nulli
798 2394 1075 2448 Angelorum,
1106 2396 1180 2436 aut
1210 2393 1464 2435 Sanctorum
1496 2392 1539 2433 in
1571 2389 1698 2433 coelis

127 2468 408 2519 receptorum,
452 2466 659 2519 ejusmodi
701 2466 987 2520 proprietates
1030 2466 1300 2517 conveniunt,
1345 2464 1491 2517 quales
1536 2463 1579 2504 in
1618 2463 1698 2505 hac

125 2536 386 2580 Mediatione
414 2538 699 2591 requiruntur.

179 2607 315 2651 XVII.
345 2609 459 2651 Nam
486 2625 563 2652 nec
592 2609 764 2663 Angeli,
794 2625 869 2651 nec
899 2609 1045 2652 Sancti
1075 2609 1262 2651 defuncti
1291 2609 1342 2650 ad
1372 2608 1481 2650 113110
1510 2607 1695 2649 muneris

126 2681 410 2724 Sacerdotalis
453 2684 618 2735 partem
662 2697 686 2723 a
725 2682 818 2724 Deo
863 2684 960 2723 sunt
1005 2682 1139 2733 electi,
1180 2696 1291 2722 011111
1329 2682 1508 2721 tamen
1545 2693 1696 2721 nemo

126 2753 233 2796 sibi
275 2756 452 2795 sumat
489 2753 628 2795 hunc
665 2753 946 2805 honorem,
984 2752 1093 2794 nisi
1134 2752 1223 2805 qui
1251 2753 1480 2794 vocatur
1511 2766 1534 2792 a
1564 2750 1696 2802 Deo,

125 2824 294 2867 sicuti
322 2825 526 2877 Aaron,
555 2824 687 2868 Hebr.
719 2825 755 2878 5,
784 2826 822 2867 4.
851 2840 928 2868 nec
957 2824 1119 2866 meritis
1146 2839 1194 2866 ac
1218 2826 1355 2866 morte
1380 2838 1455 2866 sua
1481 2822 1562 2865 Dei
1585 2822 1694 2865 iram

124 2895 304 2949 placare,
345 2899 419 2938 aut
457 2896 618 2938 aditum
646 2896 770 2938 nobis
798 2897 851 2939 ad
878 2896 1082 2938 thronum
1113 2895 1277 2949 gratiae
1306 2895 1471 2948 aperire
1500 2896 1695 2949 possunt,

126 2966 198 3018 qui
240 2966 324 3020 ipsi
366 2982 453 3009 11011
489 2967 571 3009 nisi
610 2967 775 3010 divinae
812 2967 1125 3010 misericordiae
1167 2969 1208 3009 et
1247 2966 1404 3008 Christi
1441 2967 1694 3009 mediationi
