1931 3224
480 138 529 165 nn
558 121 662 165 NAT.
691 121 771 165 Dm
798 137 845 166 ET
875 122 1008 166 D1v1x.
1039 122 1205 164 Arrius.
1469 126 1473 128 ’
1594 124 1646 165 49

93 263 218 302 quem
246 247 395 290 referri
422 247 587 289 debent.
617 246 741 289 Unde
765 250 807 289 et
831 247 927 289 hinc
951 247 1042 302 ipsa
1064 246 1301 300 'theologia
1325 261 1477 288 nomen
1502 247 1645 288 habet.

144 319 197 362 II.
222 319 323 361 Non
346 322 490 360 tamen
514 318 762 373 simpliciter
788 321 849 360 est
874 318 1110 372 subjectum
1135 318 1517 371 contemplationis,
1544 332 1646 371 qua-

91 391 190 432 liter
226 389 546 444 Metaphysicus
581 390 631 432 de
659 389 750 432 Deo
781 405 906 444 agere
935 390 1133 440 instituit,
1166 389 1431 443 qualiterque
1460 389 1574 431 Deus
1606 403 1649 430 80

93 462 233 516 ipsum
272 476 368 503 vere
407 463 637 516 cognoscit,
678 465 719 504 et
756 477 833 504 nos
863 463 906 503 in
937 462 1068 504 altera
1100 462 1186 503 vita
1216 461 1353 503 Deum
1382 461 1545 514 plenius
1578 475 1646 502 00-

94 547 357 587 gnoscemus,
386 535 405 575 1
434 532 544 576 Cor.
571 535 633 585 13,
662 534 698 575 9.
729 537 822 576 010.
853 535 877 575 2
908 533 1017 575 Cor.
1049 534 1110 584 12,
1135 534 1173 575 4.
1199 532 1279 575 Sed
1306 548 1388 586 qua
1412 533 1501 586 ejus
1519 532 1650 574 scien-

94 605 155 646 tia
191 605 235 646 in
270 605 350 647 hac
378 605 467 646 vita
496 608 558 647 est
588 604 777 646 debitum
806 604 935 646 officii
963 605 1111 654 nostri,
1142 607 1189 645 ut
1218 619 1314 645 011111
1343 618 1439 645 vere
1469 617 1648 656 cognos-

96 679 249 728 centes,
278 677 411 718 vitam
440 679 654 719 aeternam
683 676 976 730 adipiscamur,
1005 675 1033 717 J
1047 676 1124 718 oh.
1155 677 1218 726 17,
1248 677 1285 717 3.

148 747 222 790 ΙΠ.
262 748 463 798 Quamvis
501 751 643 789 autem
681 748 967 800 quaerendum
1000 747 1044 788 in
1083 747 1318 800 Theologia
1352 762 1437 789 non
1465 747 1532 798 sit,
1572 747 1650 788 An

57 833 62 837 ·
95 820 239 862 Deus
281 821 373 862 sit:
417 834 513 861 cum
549 822 597 860 ut
633 819 808 861 scientia
847 833 970 860 suum
1008 819 1257 872 subjectum,
1295 819 1356 860 ita
1394 818 1473 860 hoc
1511 819 1649 871 ipsum

96 891 333 945 Theologia
362 894 691 947 praesupponat,
723 891 920 943 quodque
949 891 1004 940 id,
1034 894 1082 931 ut
1111 905 1184 931 sua
1209 891 1300 931 luce
1325 890 1497 940 clarum,
1523 905 1546 930 a
1571 889 1652 942 piis

97 963 303 1018 disputari
339 963 402 1005 fas
436 978 522 1005 non
560 963 636 1012 sit;
677 965 820 1004 tamen
858 965 1036 1015 propter
1073 961 1264 1002 insanam
1304 964 1345 1003 et
1384 962 1478 1014 plus
1523 976 1651 1014 quain

97 1034 362 1077 Diabolicam
400 1035 640 1076 Atheorum
679 1034 945 1087 quorundam
981 1032 1288 1086 blasphemiam
1327 1032 1464 1074 Deum
1492 1047 1651 1086 negan-

97 1106 218 1158 tium,
257 1106 364 1148 Jac.
402 1107 439 1157 2,
479 1108 541 1147 19.
578 1105 659 1147 Ρ8.
697 1106 761 1156 10,
789 1106 826 1146 4.
859 1106 921 1154 14,
952 1106 988 1145 1.
1019 1107 1068 1146 01
1096 1105 1159 1154 53,
1191 1105 1227 1145 2.
1259 1104 1471 1157 (quamvis
1500 1108 1653 1146 conatu

97 1179 251 1233 potius,
289 1193 417 1231 quam
446 1176 587 1230 8011811)
619 1176 775 1230 duplici
802 1176 969 1225 indicio,
1005 1175 1250 1217 Naturae
1289 1179 1339 1217 et
1373 1175 1652 1227 Rationis,

97 1249 142 1291 id
171 1249 566 1291 demonstrabimus.

151 1321 224 1364 IV.
254 1321 500 1364 Naturae
527 1320 763 1363 hominis
793 1320 975 1373 quidem,
1006 1319 1119 1372 quod
1148 1319 1252 1361 haec
1281 1319 1412 1369 notio,
1443 1321 1490 1359 ut
1517 1318 1653 1373 prima

98 1394 267 1445 veritas,
311 1397 352 1435 et
394 1394 580 1448 primum
620 1392 877 1448 principium
913 1391 1124 1432 humanae
1167 1391 1299 1432 menti
1337 1391 1392 1431 sit
1437 1390 1653 1443 inscripta,

98 1464 239 1507 Rom.
268 1466 305 1516 2,
345 1466 407 1507 15.
439 1468 480 1507 01
510 1465 563 1507 ad
592 1480 696 1514 eam,
726 1463 1044 1505 inclinationem
1075 1465 1116 1504 et
1143 1462 1471 1517 propensionem
1500 1461 1655 1503 habeat

98 1537 227 1578 talem
267 1539 308 1578 et
345 1539 524 1587 tantam,
563 1539 611 1578 ut
648 1536 853 1577 indicasse
892 1535 947 1576 sit
984 1535 1166 1585 evicisse,
1204 1534 1343 1576 Rom.
1383 1535 1419 1584 1,
1453 1535 1512 1575 19.
1543 1534 1655 1574 Act.

101 1609 162 1659 17,
202 1608 265 1650 27.
302 1608 365 1649 28.
406 1608 551 1660 Atque
588 1607 649 1649 ita
678 1622 834 1658 sensus,
865 1609 906 1649 et
935 1621 1160 1648 consensus
1190 1605 1424 1648 communis
1455 1604 1654 1653 omnium,

99 1678 238 1721 Deum
267 1694 355 1721 esse
384 1679 538 1732 arguit.

153 1751 206 1793 V.
250 1751 360 1801 Quin
401 1753 598 1792 natura
633 1751 752 1804 ipsa
789 1750 996 1804 ratioque,
1034 1750 1077 1790 id
1112 1752 1186 1799 est,
1215 1748 1434 1789 universus
1463 1747 1655 1798 mundus,

98 1821 271 1873 fabrica,
310 1822 468 1872 ordine,
506 1821 794 1876 dispositione,
835 1824 988 1862 ornatu
1027 1835 1101 1862 suo
1131 1834 1178 1862 ac
1207 1820 1324 1861 vario
1355 1834 1444 1869 11811,
1475 1818 1656 1860 maxime

99 1893 228 1936 homo
255 1893 528 1947 μικρόκοσμος,
557 1893 643 1935 11110
674 1893 818 1946 imago
844 1891 936 1943 Dei,
963 1907 1045 1945 qua
1070 1891 1256 1945 pressius
1280 1890 1419 1932 Deum
1444 1889 1656 1943 exprimit,

99 1965 468 2018 sapientissimum,
511 1964 938 2007 beneficentissimum
982 1966 1023 2005 et
1066 1962 1409 2016 potentissimum
1452 1961 1656 2002 artificem

100 2039 142 2079 et
180 2036 459 2079 architectum
497 2037 621 2079 nobis
660 2036 845 2096 exhibet,
883 2034 910 2077 J
923 2034 986 2076 ob
1026 2035 1087 2085 12,
1128 2034 1164 2075 7.
1203 2033 1239 2074 8.
1277 2034 1313 2074 9.
1355 2035 1449 2074 010.
1488 2031 1564 2073 Ρ8.
1595 2032 1657 2072 19.

99 2107 238 2150 Rom.
269 2109 306 2159 1,
337 2109 399 2150 20.
429 2108 542 2149 Act.
572 2108 635 2159 17,
664 2108 728 2149 26.

152 2179 225 2222 VI.
264 2178 342 2221 Cui
379 2179 583 2222 accedunt
622 2182 663 2222 et
693 2179 800 2221 aliae
828 2178 1027 2229 rationes,
1059 2192 1216 2230 eaeque
1246 2191 1394 2230 graves
1425 2178 1467 2217 et
1495 2175 1656 2223 variae3

97 2266 250 2306 nempe
287 2267 311 2293 a
347 2251 505 2302 mundi,
545 2254 587 2294 et
624 2251 807 2293 maxime
846 2250 1069 2300 constanti,
1110 2252 1151 2291 et
1189 2248 1383 2290 ordinato
1415 2246 1659 2289 coelestium

99 2325 232 2374 motu,
271 2322 323 2364 ad
360 2323 545 2376 primum
583 2325 807 2373 motorem,
847 2324 1073 2374 motusque
1103 2323 1332 2370 auctorem,
1365 2318 1437 2372 qui
1465 2321 1561 2359 actu
1591 2317 1658 2367 sit,

99 2393 266 2435 Arist.
307 2393 416 2436 Lib.
454 2394 758 2448 Metaphys.
799 2395 862 2435 12.
902 2408 934 2435 0.
972 2394 1008 2435 6.
1049 2393 1101 2434 ab
1140 2392 1286 2434 ordine
1317 2405 1537 2432 causarum
1567 2390 1657 2431 effi-

100 2464 301 2506 cientium
341 2465 394 2506 ad
433 2465 617 2518 primam
657 2464 920 2515 efficientem,
957 2465 1000 2506 in
1042 2480 1123 2517 qua
1154 2465 1422 2514 consistatnr,
1452 2465 1493 2504 et
1522 2477 1546 2503 a
1576 2475 1658 2514 qna

98 2536 287 2589 reliquae
314 2536 598 2589 dependeant;
625 2552 648 2578 a
671 2537 826 2578 finibus
851 2537 903 2578 ad
930 2539 1167 2578 extremum
1195 2536 1322 2577 finem
1352 2537 1392 2576 et
1420 2534 1654 2582 finitorem;

100 2608 153 2649 ab
191 2622 291 2660 esse,
328 2607 440 2649 bono
480 2610 522 2649 et
557 2608 827 2661 perfectione,
866 2607 918 2649 ad
955 2607 1136 2662 primam
1174 2606 1410 2655 essentiam,
1447 2619 1658 2645 summum

99 2678 258 2721 bonum
297 2682 339 2721 01
375 2678 727 2733 perfectissimam
764 2681 981 2728 naturam;
1020 2694 1044 2719 a
1083 2677 1363 2719 conscientiae
1402 2678 1518 2717 metu
1560 2677 1657 2728 post

100 2751 281 2792 admissa
330 2753 515 2806 peccata,
566 2753 786 2804 tanlquam
829 2749 1056 2792 metuentis
1100 2762 1345 2802 supremum
1382 2746 1587 2799 judicem3
1633 2761 1657 2787 a

100 2822 250 2875 poenis
283 2822 509 2873 atrocibus,
545 2822 698 2875 quibus
728 2821 842 2863 Deus
871 2822 1162 2873 contemptum
1192 2819 1268 2871 sui,
1300 2821 1341 2860 et
1370 2818 1530 2859 atrocia
1558 2832 1655 2871 pec-

100 2897 194 2943 cata
222 2895 358 2948 punit,
389 2897 484 2936 etc.
514 2893 613 2935 Cic.
645 2893 704 2935 de
732 2892 920 2934 Natur.
951 2892 1103 2933 Deor.
1494 2880 1498 2883 ⁵

151 2964 247 3007 VII.
288 2965 370 3008 Sed
407 2965 543 3007 multo
582 2964 744 3006 firmius
780 2964 823 3005 id
852 2966 1021 3005 tenetur
1050 2978 1073 3004 a
1102 2962 1296 3004 fidelibus
1325 2961 1653 3003 testimonio

830 3037 840 3045 ·
1495 3034 1511 3058 4
