1931 3224
628 74 693 117 DE
721 74 763 117 S.
792 75 946 118 SANGTA
975 74 1205 116 Tmmmrn.
1644 77 1695 118 65

137 202 465 256 simplicissima,
504 201 684 252 infinita,
714 202 899 252 aeterna,
927 199 1219 250 immutabilis,
1247 199 1503 252 intelligens,
1532 201 1696 242 miseri-

140 287 244 322 cors,
268 274 397 325 justa,
427 272 552 324 bona,
584 274 742 323 sancta,
773 271 1056 324 omnipotens,
1085 273 1162 312 etc.

192 341 393 384 XXXIII.
422 342 541 384 Haec
571 343 808 384 divinarum
836 356 1114 395 personarum
1141 341 1343 393 Trinitas,
1373 356 1459 384 non
1487 344 1535 383 ut
1559 357 1697 385 essen-

136 414 222 455 tiae
259 413 341 455 Dei
368 413 522 465 unitas,
553 429 603 456 ex
635 416 826 465 naturae,
856 414 929 455 sed
958 428 1008 455 ex
1038 413 1168 455 solius
1197 411 1442 465 Scripturae
1470 412 1697 454 documen-

136 485 193 543 tis
223 484 504 527 demonstrari
531 488 687 540 potest.
968 480 973 483 ⁷
1087 479 1105 484 ⁰

191 555 389 598 XXXIV.
427 556 554 598 Liber
593 557 705 598 enim
741 558 918 598 naturae
946 557 1060 598 viam
1088 555 1273 597 ostendit
1302 554 1459 596 rationi
1487 554 1697 595 humanae

138 642 163 669 a
191 627 396 669 creaturis
425 628 479 669 ad
505 627 645 670 Deum
674 629 919 675 creatorem,
947 629 1166 679 tamquam
1191 626 1244 667 ab
1269 625 1429 667 effectis
1452 625 1505 667 ad
1530 640 1698 667 causam

139 697 300 738 entium
331 697 512 751 primam
541 701 670 751 atque
699 697 982 740 universalem
1010 697 1271 750 assurgendi,
1300 696 1424 738 Rom.
1455 697 1491 748 1,
1521 697 1582 738 19.
1612 697 1675 737 20.

191 767 369 810 XXXV.
407 767 534 810 Liber
573 771 716 811 autem
748 767 1006 822 Scripturae,
1036 768 1126 809 sola
1155 767 1341 820 Spiritus
1370 766 1411 808 S.
1439 767 1698 808 revelatione

138 840 465 892 supernaturali,
505 840 631 881 fidem
673 839 959 882 Christianam
987 840 1040 880 ad
1067 853 1271 892 magnum
1299 838 1402 880 illud
1434 838 1606 891 pietatis
1635 853 1699 880 ar-

140 925 290 952 canum
327 911 378 952 de
415 925 500 952 uno
538 910 645 962 Deo,
677 911 870 964 personis
900 910 1044 962 Trino,
1077 910 1256 960 deducit,
1287 910 1400 962 quod
1426 923 1504 951 nec
1532 909 1699 951 ratione

139 981 454 1034 comprehendi,
491 996 569 1023 nec
602 996 728 1023 sensu
756 981 932 1035 percipi,
961 996 1038 1023 nec
1065 981 1213 1033 lingua
1243 980 1436 1033 exprimi,
1464 994 1542 1021 nec
1571 994 1698 1032 expe-

136 1052 292 1093 rientia
321 1052 476 1104 doceri,
505 1067 582 1094 nec
613 1052 806 1106 exemplo
837 1052 1040 1094 declarari
1068 1054 1226 1104 potest.

120 1117 123 1122 ¹
190 1122 388 1164 XXXVI.
421 1122 537 1171 Quae
562 1138 586 1164 a
610 1113 821 1165 Mercurio
846 1123 1127 1176 Trismegisto
1151 1122 1196 1163 in
1220 1122 1329 1163 libro
1356 1122 1428 1174 qui
1451 1122 1698 1164 inscribitur

136 1192 375 1246 Pimander,
392 1194 557 1235 Diam.
574 1195 784 1245 dicuntur,
809 1193 1086 1235 Monadem
1111 1192 1372 1246 genuisse
1397 1192 1696 1244 Monadem,

138 1267 188 1306 et
229 1279 377 1307 suum
414 1266 468 1306 in
505 1281 557 1307 se
598 1267 846 1308 ardorem
882 1265 1202 1315 reflexisse,
1242 1264 1346 1305 adeo
1384 1266 1482 1304 sunt
1519 1264 1698 1305 obscura

137 1338 179 1377 et
217 1336 430 1390 ambigua,
468 1339 518 1378 ut
555 1338 600 1378 in
639 1337 828 1379 diversos
865 1351 1011 1378 sensus
1040 1336 1156 1377 trahi
1183 1335 1364 1388 possint,
1394 1350 1442 1376 ac
1470 1335 1616 1388 potius
1647 1335 1697 1376 de

136 1407 221 1449 alia
251 1408 304 1449 ab
332 1423 417 1450 uno
447 1408 539 1450 Deo
569 1411 747 1463 propter
776 1409 842 1450 sui
869 1409 1002 1463 ipsius
1032 1422 1222 1450 amorem
1249 1407 1543 1460 productione,
1571 1407 1697 1448 intel-

135 1478 307 1533 ligenda
333 1479 571 1532 videantur,
602 1496 731 1533 quam
761 1481 811 1522 de
841 1495 902 1531 ea,
932 1495 1060 1533 quam
1086 1494 1165 1521 nos
1194 1479 1414 1530 credimus,
1444 1479 1568 1519 unius
1598 1477 1697 1519 Filii

136 1550 188 1592 ab
217 1565 301 1593 uno
331 1550 460 1593 Patre
488 1552 762 1604 generatione
788 1554 830 1593 et
854 1550 1040 1604 Spiritus
1065 1550 1106 1592 S.
1132 1550 1185 1592 ab
1209 1552 1393 1602 utroque
1413 1549 1695 1603 processione.

187 1621 407 1664 XXXVII.
447 1622 648 1671 Quamvis
687 1623 799 1664 enim
835 1622 1064 1664 nonnullae
1101 1621 1287 1675 purioris
1324 1620 1562 1674 Religionis
1598 1619 1697 1660 reli-

138 1693 274 1745 quiae,
305 1694 374 1735 vel
402 1709 453 1735 ex
480 1693 775 1735 Hebraeorum
802 1693 1046 1745 traditione,
1075 1693 1143 1734 vel
1171 1708 1222 1734 ex
1249 1692 1491 1733 Bibliorum
1516 1691 1697 1732 lectione

137 1765 350 1817 collectae,
380 1765 494 1819 apud
520 1765 783 1807 Mercurium
810 1765 932 1806 illum
961 1764 1299 1816 Trismegistum,
1330 1762 1555 1804 Platonem
1582 1763 1698 1815 ipso-

136 1851 316 1888 rumque
354 1835 585 1888 discipulos
615 1838 781 1878 exstare
810 1836 1046 1886 videantur,
1074 1849 1161 1876 non
1189 1836 1333 1876 tamen
1364 1848 1415 1875 ex
1443 1833 1496 1874 iis
1531 1833 1698 1874 ostendi

135 1909 290 1960 potest,
322 1907 436 1959 quod
463 1909 550 1949 tres
581 1907 805 1948 distinctas
832 1920 1036 1960 personas
1059 1906 1104 1948 in
1127 1920 1213 1947 una
1237 1904 1408 1946 Deitate
1432 1904 1697 1957 agnoverint,

137 1978 209 2020 sed
236 1981 323 2020 tres
353 1979 498 2031 potius
530 1978 666 2026 οὐσίαις
697 1980 826 2031 atque
856 1978 1062 2019 essentias
1091 1977 1276 2019 diversas
1306 1975 1616 2018 constituerint.

188 2048 433 2092 XXXVIII.
449 2049 545 2092 Hoc
560 2050 812 2103 mysterium
828 2048 1052 2090 Trinitatis
1068 2049 1112 2090 in
1126 2047 1252 2090 Novo
1269 2047 1544 2088 Testamento
1559 2044 1695 2086 multo

136 2120 303 2173 clarius,
329 2120 572 2164 distinctius
599 2136 647 2163 ac
670 2121 949 2174 frequentius,
975 2134 1103 2173 quam
1126 2119 1171 2160 in
1193 2117 1363 2167 Vetere,
1378 2117 1574 2168 traditur,
1591 2129 1697 2168 quo-

134 2191 250 2233 niam
288 2192 452 2234 scilicet
478 2192 571 2235 Deo
601 2193 772 2246 plenam
800 2207 849 2234 ac
875 2191 1110 2246 perfectam
1137 2191 1264 2243 hujus
1292 2188 1477 2231 abstrusi
1502 2186 1696 2241 mysterii

136 2262 471 2315 patefactionem
497 2264 542 2304 in
568 2262 750 2305 Messiae
779 2264 1007 2305 adventum
1037 2262 1205 2304 differre
1233 2259 1408 2314 placuit.

189 2332 389 2375 XXXIX.
427 2333 603 2376 Interim
640 2334 736 2376 loca
767 2334 971 2377 nonnulla
997 2332 1167 2375 Veteris
1196 2330 1459 2374 Testamenti
1487 2329 1693 2383 produce-

135 2418 240 2455 mus,
279 2418 331 2445 ex
369 2404 524 2457 quibus
551 2404 773 2458 pluralitas
802 2407 931 2458 atque
960 2404 1064 2447 adeo
1093 2403 1282 2445 Trinitas
1310 2415 1589 2455 personarum
1615 2414 1693 2440 nu-

136 2489 254 2516 mero
292 2475 477 2529 plurium
505 2476 756 2518 adumbrata
784 2476 931 2529 colligi
957 2477 1113 2529 potest.
1144 2474 1261 2523 Quae
1289 2473 1341 2514 ad
1369 2473 1394 2513 6
1422 2471 1693 2525 potissimum

136 2545 289 2588 classes
317 2547 508 2589 revocari
533 2551 726 2601 possunt.

188 2616 274 2659 XL.
312 2617 458 2659 Prima
498 2618 641 2661 classis
679 2622 742 2661 est
780 2634 927 2662 eorum
962 2620 1166 2669 locorum,
1204 2618 1250 2659 in
1286 2616 1438 2669 quibus
1476 2614 1692 2656 Elohim

137 2702 232 2729 cum
266 2688 295 2731 J
306 2688 475 2731 ehova
503 2691 787 2743 conjungitur.
816 2689 868 2732 In
895 2690 978 2731 illis
1008 2690 1133 2749 enini,
1162 2688 1190 2730 J
1202 2688 1372 2729 ehova
1397 2701 1526 2727 unam
1553 2699 1692 2727 essen-

135 2759 252 2811 tiam,
282 2758 498 2801 Elohim
525 2760 669 2813 plures
697 2775 901 2814 personas
929 2762 974 2802 in
998 2775 1046 2801 ea
1069 2759 1291 2801 distinctas
1314 2757 1486 2809 indicat,
1509 2756 1692 2798 maxime

137 2829 250 2881 quod
278 2830 374 2872 voci
396 2830 554 2883 plurali
576 2830 795 2873 Elohim
818 2831 1028 2884 adjectiva
1052 2833 1093 2872 et
1117 2830 1245 2872 verba
1269 2829 1500 2883 singularia
1523 2828 1691 2881 saepius

135 2900 431 2955 adjungantur.

1533 2973 1548 2997 5
