1931 3224
285 156 362 197 562
843 153 1083 194 DrspurATIO
1112 150 1283 192 XLVII.

283 279 456 330 tionem,
487 292 593 331 quae
620 276 857 318 necessaria
885 290 971 319 non
998 276 1092 328 fuit,
1123 291 1218 318 cum
1245 275 1289 317 id
1315 277 1467 317 notum
1494 275 1623 317 fuerit
1653 275 1847 317 omnibus

284 350 480 392 fidelibus
518 348 680 390 remitti
707 350 882 402 peccata
910 347 1251 401 poenitentibus:
1282 362 1361 389 nec
1388 348 1441 389 ad
1470 346 1850 389 extraordinariam

284 421 365 462 Dei
401 419 714 473 providentiam
751 419 922 471 referat,
953 419 1066 472 quod
1096 422 1187 461 erat
1214 419 1509 472 providentiae
1539 418 1777 460 ordinariae
1804 417 1850 459 in

283 491 495 541 Ecclesia3
539 505 634 532 cum
675 490 957 544 Evangelium
999 505 1086 532 non
1123 490 1251 532 fuerit
1290 489 1492 532 Patribus
1526 490 1733 543 ignotum,
1772 504 1850 531 nec

283 563 418 605 solida
440 563 662 617 potuerint
684 562 769 604 frui
794 562 1098 614 consolatione,
1123 562 1205 603 nisi
1227 561 1433 604 beneficia
1456 561 1666 615 passionis
1692 560 1850 603 Christi

282 634 462 686 venturi,
487 650 565 688 per
587 635 763 676 verbum
788 634 922 688 ipsius
941 633 1119 676 fuissent
1140 634 1463 676 communicata.
1488 633 1522 674 P
1536 648 1589 675 er
1613 632 1846 686 gratiam

283 707 422 748 enim
464 705 683 748 Domini
726 705 906 747 nostri
944 705 1077 748 Jesu
1115 704 1324 746 Christi
1363 720 1635 747 servamur
1682 705 1769 746 καθ’
1812 702 1850 746 ὃν

282 778 430 831 τρόπον,
462 777 904 830 quemadmodum
934 778 984 818 et
1014 776 1204 818 Patres
1233 776 1432 828 nostri,
1461 776 1557 818 Act.
1589 776 1652 827 15,
1679 775 1740 816 11.

334 847 493 890 XXIII.
534 847 777 891 Johannem
806 847 1051 902 Baptistam
1080 847 1347 901 praedicasse
1376 847 1670 889 remissionem
1699 860 1850 899 pecca-

280 923 435 972 torum,
475 919 693 962 Christum
732 920 907 962 eandem
946 920 1188 971 contulisse,
1227 934 1279 961 ne
1319 918 1550 961 adversarii
1579 918 1749 971 quidem
1776 931 1850 958 ne-

283 994 399 1044 gant.
428 990 520 1033 Nec
549 991 724 1033 dubium
754 993 830 1043 est,
859 990 1102 1033 Johannem
1132 991 1205 1044 qui
1229 990 1388 1033 Scribis
1412 994 1454 1033 et
1476 990 1718 1033 Pharisaeis
1742 990 1850 1031 iram

282 1061 363 1104 Dei
392 1062 678 1115 denunciavit,
707 1062 1055 1116 resipiscentibus
1085 1062 1421 1104 misericordiam
1448 1062 1530 1104 Dei
1559 1062 1848 1104 annunciasse.

283 1133 348 1175 De
392 1132 562 1176 Christo
605 1136 768 1176 certum
813 1136 888 1185 est,
935 1133 1166 1176 absolvisse
1209 1149 1305 1176 eum
1343 1149 1368 1175 a
1404 1134 1589 1188 peccatis
1628 1133 1848 1187 plurimos,

282 1205 537 1247 nominatim
574 1205 795 1247 mulierem
830 1205 961 1257 illam,
1001 1220 1108 1258 quae
1145 1204 1243 1247 Luc.
1277 1206 1312 1247 7.
1342 1208 1517 1258 peccata
1546 1220 1621 1247 sua
1649 1205 1850 1258 lacrymis

284 1278 325 1318 et
368 1277 553 1319 externis
591 1277 782 1330 gestibus
820 1277 1123 1328 confitebatur3
1160 1277 1203 1318 id
1241 1278 1383 1319 autem
1420 1276 1534 1328 fecit,
1575 1275 1728 1317 nullo
1767 1274 1849 1316 ad-

283 1348 468 1390 hibito
505 1349 672 1390 verbo
712 1348 1138 1400 Sacramentali,
1177 1349 1267 1390 sed
1305 1348 1534 1403 propria
1572 1362 1628 1389 ac
1668 1348 1849 1400 singu-

282 1419 387 1460 lari
425 1434 517 1461 sua
554 1421 860 1472 potestate,
899 1422 947 1461 ut
986 1419 1271 1462 Bellarminus
1307 1419 1520 1472 loquitur:
1559 1421 1601 1460 et
1629 1417 1850 1472 propriam

284 1490 456 1542 quidem
493 1489 663 1532 Christo
702 1490 886 1533 fatemur
925 1506 1028 1543 esse,
1059 1491 1131 1532 sed
1162 1505 1290 1543 quani
1320 1505 1538 1532 servorum
1569 1504 1741 1531 suorum
1769 1489 1849 1530 mi-

281 1561 459 1603 nisterio
497 1562 559 1603 ita
595 1563 764 1612 exserit,
802 1564 849 1603 ut
887 1562 993 1615 ipsis
1021 1562 1198 1604 verbum
1229 1563 1319 1615 ejus
1349 1561 1676 1615 proferentibus,
1707 1560 1850 1602 effica-

283 1632 388 1675 citer
413 1635 584 1686 annuat,
610 1635 652 1675 et
679 1633 793 1686 quod
817 1633 1027 1687 promisit,
1055 1633 1225 1675 efficiat.
1250 1631 1351 1675 Ideo
1377 1633 1496 1685 dixit,
1523 1632 1676 1675 Sicut
1698 1631 1850 1673 misit

282 1719 358 1746 me
382 1704 565 1757 Pater,
591 1705 670 1746 ita
691 1705 853 1746 mitto
869 1719 983 1758 vos,
1010 1720 1094 1758 qua
1117 1704 1382 1760 praefatione
1398 1704 1641 1757 praemunit
1656 1702 1849 1744 ministe-

281 1776 391 1817 rium
418 1775 523 1818 illud
552 1777 602 1818 de
631 1779 904 1830 peccatorum
932 1776 1200 1825 remissione;
1228 1791 1278 1818 ex
1304 1790 1386 1828 qua
1411 1775 1623 1828 sequitur:
1650 1773 1851 1827 quemad-

281 1847 454 1889 modum
483 1846 678 1889 Christus
708 1862 732 1888 a
756 1847 884 1889 Patre
907 1846 1072 1899 missus,
1097 1847 1241 1899 verbo,
1266 1847 1355 1888 sine
1380 1845 1654 1888 Sacramento
1680 1843 1852 1898 speciali

281 1919 456 1969 peccata
495 1918 670 1970 remisit,
710 1917 770 1960 sic
800 1918 948 1960 eodem
976 1918 1119 1969 verbo,
1148 1919 1319 1961 nomine
1349 1918 1520 1970 Christi,
1550 1932 1672 1959 veros
1701 1916 1852 1957 Minis-

281 1989 372 2029 tros
402 1991 577 2041 peccata
605 1989 834 2041 remittere,
866 1989 956 2031 sine
986 1989 1275 2032 Sacramento.

335 2057 490 2100 XXIV.
508 2062 511 2067 “
530 2058 579 2100 In
618 2059 783 2101 actibus
821 2060 1095 2113 poenitentis,
1136 2063 1178 2102 et
1206 2060 1394 2101 Ministri
1423 2059 1703 2111 absolutione,
1734 2058 1851 2099 nulla

282 2129 449 2170 ostendi
476 2132 622 2183 potest
651 2131 850 2184 analogia
878 2130 1207 2173 Sacramentalis
1237 2132 1349 2173 inter
1374 2131 1544 2184 signum
1574 2132 1615 2172 et
1643 2144 1733 2172 rem
1763 2130 1850 2182 sig-

280 2199 509 2252 nificatam,
552 2204 600 2242 ut
644 2201 759 2254 quod
800 2202 849 2243 fit
886 2202 931 2244 in
967 2203 1090 2256 signo
1133 2205 1307 2245 externo
1346 2203 1384 2244 ei
1423 2202 1537 2255 quod
1573 2201 1751 2243 interius
1787 2200 1865 2252 fit,

280 2273 551 2325 respondeat.
592 2273 794 2322 Quamvis
833 2274 945 2316 enim
972 2274 1150 2316 verbum
1179 2274 1453 2326 absolventis,
1483 2275 1755 2327 peccatorum
1783 2286 1850 2313 re-

281 2342 528 2385 missionem
565 2346 608 2385 et
645 2345 886 2396 annunciet,
927 2347 970 2386 et
1006 2345 1163 2387 factam
1205 2346 1430 2399 significet,
1472 2359 1555 2397 quo
1586 2358 1710 2386 sensu
1738 2342 1851 2384 inter

282 2414 404 2467 signa
442 2414 589 2456 referri
626 2418 792 2468 posset3
830 2415 945 2458 nulla
982 2418 1126 2459 tamen
1156 2420 1221 2459 est
1251 2417 1452 2470 analogia
1480 2417 1589 2465 talis,
1620 2415 1757 2468 qualis
1787 2416 1851 2456 est

280 2484 393 2526 inter
420 2499 511 2527 rem
541 2485 838 2528 elementarem
869 2489 911 2528 et
940 2487 1178 2540 coelestem,
1207 2489 1252 2530 in
1282 2488 1376 2529 aliis
1406 2487 1702 2530 Sacramentis.
1728 2485 1850 2527 Adde

282 2555 396 2608 quod
426 2571 550 2598 omne
579 2555 901 2600 Sacramentum
930 2560 994 2600 est
1017 2558 1206 2612 sigillum
1232 2559 1361 2601 verbo
1388 2573 1636 2612 appensum,
1662 2558 1775 2611 quod
1799 2557 1850 2599 de

283 2626 553 2670 absolutione
580 2628 664 2678 dici
692 2644 779 2672 non
807 2632 965 2683 potest,
996 2645 1104 2683 quae
1133 2631 1228 2684 ipsa
1256 2630 1433 2672 verbum
1463 2632 1539 2681 est,
1566 2628 1680 2682 quod
1705 2627 1848 2681 sigillo

282 2698 454 2741 deberet
478 2699 711 2754 obsignari.
733 2699 826 2743 Nec
850 2701 964 2743 valet
989 2702 1103 2754 quod
1126 2701 1413 2744 Bellarminus
1437 2701 1528 2743 Lib.
1554 2701 1589 2742 1.
1615 2700 1665 2741 de
1689 2698 1848 2753 poenit.

281 2782 370 2822 cap.
387 2770 450 2812 10.
468 2785 519 2812 ex
539 2772 681 2814 verbis
702 2771 873 2824 Christi,
895 2772 1350 2826 Quorumcunque
1374 2771 1711 2815 remiseritis
1734 2784 1850 2824 pec-

283 2843 420 2890 cata,
460 2844 538 2884 etc.
579 2841 900 2885 Sacramentum
937 2844 1029 2886 vult
1067 2845 1230 2896 cudere,
1271 2844 1371 2898 quia
1411 2841 1588 2897 (inquit)
1627 2843 1850 2885 verbum

284 2913 364 2952 est
392 2912 601 2965 signum
633 2915 925 2968 corporale
956 2919 1007 2957 et
1037 2917 1328 2969 sensibile,
1359 2918 1409 2958 et
1438 2917 1518 2957 est
1547 2912 1848 2967 promissio

284 2982 497 3034 gratiae
546 2985 948 3038 justificantis,
999 2988 1167 3029 verbo
1212 3001 1430 3030 annexa.
1473 2985 1585 3028 Nam
1628 2985 1663 3026 si
1706 2999 1850 3026 omnes
