1931 3224
691 122 755 165 Di:
784 122 929 165 meo
960 123 1168 167 Amn'rmo.
1637 124 1711 165 151

148 248 380 303 improprie
424 251 465 290 et
509 247 811 290 catachrestice
855 248 1066 301 censetur)
1106 262 1195 289 sese
1224 248 1276 289 ad
1307 262 1411 299 eam,
1442 261 1707 301 praeparare,

148 319 370 373 disponere
400 322 442 361 et
472 320 687 374 applicare
715 320 840 372 valet,
870 334 953 361 non
984 319 1123 376 magis
1153 334 1280 372 quam
1309 319 1361 360 ad
1390 319 1707 372 generationem

148 394 190 434 et
216 391 544 433 vivificationem
576 407 695 433 suam
726 391 952 445 quisquam
982 391 1214 444 quidquam
1244 390 1418 433 confert.

199 462 378 505 XXXII.
417 462 517 505 Non
558 466 700 506 tamen
738 463 982 516 diffitemur,
1012 463 1151 505 Deum
1178 463 1586 505 Antecedaneis
1616 463 1709 516 qui-

146 535 336 587 busdam,
371 537 523 588 utpote
556 537 648 576 tum
676 537 840 588 natura,
869 537 962 577 tum
989 536 1095 589 lege,
1125 535 1195 576 hic
1223 535 1300 587 uti,
1331 535 1483 588 quibus
1512 537 1710 588 peccator

146 606 198 647 ad
236 607 300 648 sui
338 605 677 660 desperationem
717 606 933 659 adductus,
964 607 1017 648 ad
1045 606 1381 649 consolationem
1410 606 1635 660 Evangelii
1665 610 1707 647 et

145 693 263 732 spem
301 677 344 718 in
380 677 471 719 Deo
509 677 838 728 manuducatum
879 680 923 719 at
951 693 1050 720 vero
1079 678 1122 719 vi
1151 678 1348 732 Spiritus,
1378 693 1454 732 per
1483 677 1709 732 Evangelii

144 748 516 802 praedicationem,
555 763 662 802 opus
698 749 781 791 hoc
817 749 861 790 111
898 749 1022 790 nobis
1048 749 1241 801 efficitur,
1267 764 1319 791 ne
1346 750 1440 802 quis
1467 749 1706 798 arbitretur,

142 835 220 862 nos
258 821 466 863 violentos
502 823 664 874 raptus,
704 823 747 863 et
774 820 1119 863 Enthusiasticos
1150 824 1191 863 et
1218 824 1539 863 momentaneos
1567 824 1708 864 motus

143 895 340 935 statuere.

195 962 394 1005 XXXIII.
436 963 632 1006 Ceterum
674 964 778 1006 haec
820 965 1100 1018 regeneratio,
1144 980 1168 1006 a
1211 980 1295 1017 qua
1332 968 1394 1007 est
1432 965 1627 1018 potentia
1667 968 1708 1007 et

141 1034 402 1088 principium
438 1035 544 1076 bene
582 1034 751 1076 volendi
780 1035 1018 1088 agendique
1048 1035 1249 1076 divinitus
1278 1036 1451 1088 tributa,
1481 1039 1528 1078 ut
1558 1036 1612 1077 sit
1642 1039 1708 1078 to-

140 1106 240 1147 talis
268 1106 514 1148 reformatio
545 1108 587 1148 et
615 1107 849 1158 renovatio,
881 1109 923 1147 et
952 1107 1183 1148 secundum
1212 1107 1461 1160 subjectum,
1486 1110 1626 1149 totum
1652 1124 1706 1150 sc.

140 1177 368 1229 hominem,
409 1179 450 1218 et
490 1192 634 1219 omnes
673 1178 762 1230 ejus
799 1178 922 1229 vires,
963 1181 1004 1220 et
1034 1178 1259 1231 objectum,
1290 1178 1530 1220 universam
1555 1194 1707 1233 nempe

140 1249 221 1291 Dei
256 1249 415 1303 legem3
454 1263 541 1290 non
577 1251 721 1290 tamen
759 1251 823 1291 est
850 1249 1009 1301 totalis,
1039 1250 1268 1292 secundum
1296 1250 1579 1292 intensionem
1609 1266 1706 1304 gra—

140 1321 282 1373 duum,
323 1336 395 1363 seu
434 1321 831 1363 excellentissimum
871 1321 1050 1375 gradum
1079 1322 1297 1375 qualitatis
1327 1323 1477 1375 bonae,
1507 1324 1578 1366 sed
1608 1339 1705 1377 par-

140 1392 256 1434 tialis
279 1393 403 1446 juxta
432 1393 612 1446 gradum
639 1393 936 1445 remissiorem,
965 1393 1009 1435 in
1039 1409 1122 1446 quo
1154 1409 1241 1436 esse
1270 1397 1413 1448 potest
1443 1398 1484 1436 et
1516 1398 1578 1437 est
1607 1411 1706 1438 con-

139 1464 340 1507 trarium:
390 1464 473 1506 hoc
523 1467 596 1517 est,
649 1464 693 1505 in
743 1467 895 1517 mente,
948 1465 1180 1517 voluntate,
1223 1466 1456 1518 affectibus,
1499 1467 1704 1520 potentia,

138 1535 383 1589 viribusque
422 1536 600 1578 actionis
637 1538 857 1578 remanent
895 1536 1099 1588 reliquiae
1136 1537 1349 1589 peccantis
1378 1540 1565 1590 naturae,
1597 1553 1705 1591 quae

140 1607 405 1660 agnitionem
445 1606 609 1648 faciunt
642 1606 940 1658 obscuriorem,
976 1607 1240 1648 voluntatem
1273 1608 1532 1661 affectusque
1556 1609 1702 1650 remis-

140 1679 283 1730 siores,
323 1678 646 1732 potentiamque
674 1678 964 1729 infirmiorem,
994 1678 1098 1720 adeo
1128 1681 1176 1719 ut
1203 1693 1289 1720 non
1319 1679 1461 1721 omnia
1491 1695 1598 1732 quae
1628 1695 1702 1723 vo-

139 1750 291 1801 lumus,
309 1764 437 1803 opere
454 1749 753 1803 compleamus,
772 1750 791 1790 1
813 1748 906 1790 Cor.
925 1750 986 1800 13,
1008 1749 1069 1790 12.
1085 1748 1208 1792 Rom.
1225 1750 1260 1800 7,
1279 1750 1314 1790 8.
1333 1750 1395 1790 24.
1411 1750 1540 1792 Marc.
1557 1752 1593 1803 9,
1610 1752 1673 1792 24.

192 1819 389 1862 XXXIV.
429 1820 613 1862 Proinde
648 1820 693 1861 in
731 1835 815 1862 uno
850 1820 1083 1873 eodemque
1113 1819 1285 1861 homine
1314 1823 1475 1872 renato,
1506 1824 1702 1874 respectu

140 1892 295 1935 diversi
336 1892 549 1946 principii,
588 1907 674 1934 non
716 1895 859 1934 autem
901 1892 1092 1945 subjecti,
1137 1891 1270 1932 duae
1316 1892 1471 1944 quasi
1514 1895 1700 1945 partes

140 1964 364 2018 oppositae
401 1965 658 2015 statuuntur,
697 1978 819 2005 caro
859 1966 901 2004 et
940 1963 1201 2016 spiritus,
1240 1962 1394 2004 Matth.
1424 1964 1486 2014 26,
1515 1964 1581 2005 41.
1610 1963 1699 2005 Gal.

138 2036 176 2088 5,
206 2036 268 2078 17.
295 2035 386 2077 Imo
417 2035 517 2077 duo
549 2035 703 2088 quasi
731 2034 999 2087 homines,
1029 2037 1150 2076 vetus
1181 2037 1223 2076 et
1251 2050 1398 2087 novus,
1428 2035 1540 2088 Eph.
1570 2036 1607 2087 4,
1637 2037 1699 2077 22.

139 2107 226 2150 Col.
255 2108 292 2160 3,
323 2108 359 2149 9.
391 2109 589 2149 externus
614 2109 656 2148 et
679 2106 882 2159 internus,
909 2109 1083 2160 apertus
1109 2109 1150 2149 et
1183 2107 1384 2159 occultus,
1416 2106 1539 2148 Rom.
1570 2108 1606 2159 7,
1636 2108 1699 2149 22.

139 2180 160 2221 1
201 2179 292 2221 Pet.
330 2180 368 2230 3,
407 2179 444 2220 4.
486 2194 533 2220 ac
572 2179 752 2231 denique
788 2179 994 2220 naturalis
1034 2194 1108 2221 seu
1147 2179 1339 2221 animalis
1379 2182 1420 2220 et
1453 2179 1699 2232 spiritualis,

140 2252 161 2293 1
202 2251 295 2293 Cor.
325 2252 362 2302 2,
394 2251 456 2292 15.
487 2250 609 2293 Unde
638 2250 683 2291 in
711 2250 885 2292 homine
915 2250 1108 2304 regenito
1140 2251 1276 2294 carnis
1301 2251 1562 2305 spiritusque
1585 2252 1701 2293 lucta

139 2321 342 2375 exsurgit,
380 2320 503 2363 Rom.
534 2321 569 2362 7.
600 2319 693 2362 Gal.
717 2321 753 2362 5.
778 2321 818 2362 A
841 2321 1191 2374 praedominante
1216 2323 1358 2364 tamen
1383 2322 1589 2376 qualitate
1613 2323 1700 2376 spi-

137 2393 258 2444 ritus,
299 2394 340 2434 et
369 2391 598 2433 secundum
626 2391 838 2446 insignem
866 2391 1117 2444 profectum,
1148 2392 1399 2445 simpliciter
1440 2393 1700 2447 spiritua-

138 2464 207 2505 lis
245 2462 411 2514 dicitur,
450 2462 471 2503 1
512 2461 606 2504 Cor.
645 2463 681 2515 2,
722 2462 783 2504 15.
823 2461 913 2504 Gal.
951 2464 987 2515 6,
1019 2464 1055 2505 1.
1086 2465 1131 2504 at
1160 2463 1389 2504 secundum
1418 2464 1628 2506 defectum
1658 2467 1699 2506 et

137 2534 442 2584 infirmitatem,
473 2548 546 2575 seu
575 2534 862 2587 comparative
892 2534 1021 2576 etiam
1050 2535 1309 2587 carnalis,
1339 2537 1360 2576 1
1393 2535 1485 2577 Cor.
1514 2537 1551 2587 3,
1582 2537 1616 2577 1.

190 2604 367 2647 XXXV.
408 2605 552 2658 Atque
587 2605 686 2646 hinc
721 2605 783 2658 fit,
822 2608 870 2647 ut
906 2606 1092 2658 homine,
1132 2606 1212 2648 Dei
1249 2605 1424 2660 Spiritu,
1457 2609 1498 2648 et
1529 2607 1698 2659 quidem

138 2692 189 2718 ex
216 2679 350 2730 parte,
381 2678 598 2728 renovatO,
630 2676 809 2718 liberum
840 2677 1064 2719 arbitrium
1094 2692 1137 2719 se
1166 2677 1324 2719 habeat
1352 2677 1509 2730 partim
1542 2679 1594 2719 ad
1620 2679 1697 2721 bo-

137 2764 251 2802 num,
290 2749 451 2803 partim
488 2748 540 2790 ad
568 2748 739 2790 malum.
770 2749 847 2790 Ad
882 2749 1075 2791 bonum
1114 2749 1296 2802 quidem,
1327 2750 1441 2802 quod
1469 2751 1698 2792 secundum

137 2835 268 2864 novas
304 2822 427 2872 vires,
464 2833 681 2873 novasque
718 2819 1015 2863 inclinationes
1045 2823 1086 2862 et
1114 2823 1268 2873 motus,
1299 2836 1323 2862 a
1352 2820 1517 2875 Spiritu
1545 2821 1625 2864 Dei
1654 2822 1697 2863 111

137 2894 278 2935 mente
307 2894 349 2934 et
376 2892 596 2934 voluntate
626 2891 794 2933 effectas
822 2892 1076 2946 inditasque,
1106 2892 1236 2934 homo
1265 2891 1345 2934 hac
1374 2893 1587 2945 spirituali
1616 2908 1693 2947 po-

137 2964 284 3015 tentia,
328 2964 475 3006 eodem
517 2962 680 3016 Spiritu
721 2963 893 3016 praevio
936 2966 978 3005 et
1021 2963 1265 3015 comitante,
1308 2963 1533 3017 intelligat,
1579 2964 1692 3015 velit,
