1931 3224
297 159 347 200 80
894 154 1137 196 DISPUTATIO
1166 149 1238 191 IX.

295 282 350 323 sit
403 281 546 323 eadem
597 294 690 321 cum
741 276 1006 332 processione
1046 275 1121 316 illa
1162 275 1345 323 aeterna,
1387 271 1662 313 fundamenta
1701 274 1846 314 tamen

300 352 428 393 habet
468 351 511 393 in
542 350 707 403 origine
736 351 776 391 et
806 347 950 389 ordine
978 359 1265 400 personarum.
1293 341 1393 383 Ideo
1424 342 1536 383 enim
1562 342 1693 384 Pater
1720 357 1745 384 a
1771 358 1846 385 ne-

296 423 408 464 mine
446 422 641 473 mittitur,
683 420 781 473 quia
818 434 842 460 a
876 418 1043 459 nemine.
1081 418 1155 468 est,
1194 414 1265 456 sed
1302 428 1326 455 a
1365 427 1474 464 sese3
1501 413 1635 455 Filius
1664 428 1688 454 a
1716 412 1845 456 Patre

298 494 495 545 mittitur,
527 493 624 545 quia
653 507 677 533 a
704 491 851 539 Patre;
877 492 918 530 et
940 487 1133 529 similiter
1157 484 1343 538 Spiritus
1368 483 1548 526 Sanctus
1573 484 1626 525 ab
1650 486 1844 538 utroque,

300 565 411 616 quod
441 565 492 605 ab
517 566 697 615 utroque
725 561 792 602 sit.
822 559 943 609 Quod
971 572 1070 600 vero
1101 557 1203 598 alibi
1232 558 1275 597 et
1297 554 1431 596 Filius
1453 569 1478 595 a
1501 553 1666 608 Spiritu
1689 555 1845 599 Sancto

300 634 413 676 mitti
452 635 624 683 dicatur,
663 632 742 673 Es
781 632 844 682 61,
883 631 917 671 1.
954 628 1068 670 Luc.
1104 628 1142 679 4,
1182 627 1244 668 18.
1282 625 1326 666 id
1362 639 1449 666 non
1486 640 1570 678 qua
1598 625 1745 679 Filius,
1775 628 1846 669 sed

298 705 506 747 humanae
534 706 707 744 naturae
734 703 942 754 respectu,
970 702 1017 741 ut
1046 702 1087 741 et
1115 697 1273 749 unctio,
1301 696 1625 750 intelligendum
1655 699 1730 739 est.

348 774 460 816 XIX.
489 775 691 816 Attamen
720 773 772 814 ad
801 770 1133 814 controversiam
1161 769 1271 810 hanc
1298 768 1410 809 inter
1439 767 1622 810 Graecos
1650 767 1846 811 Latinos-

303 861 383 898 que
411 844 707 886 moderandam
737 845 778 884 et
804 841 1151 895 componendam,
1180 854 1265 881 non
1289 839 1568 889 incommode,
1588 840 1713 892 juxta
1737 840 1848 882 anti-

306 930 483 969 quorum
525 914 789 967 quorundam
826 911 1180 966 phraseologiam,
1219 911 1416 952 dixerunt
1452 910 1637 963 quidam,
1675 911 1850 954 Patrem

294 1001 369 1040 per
412 985 565 1026 Filium
605 983 812 1038 Spiritum
847 982 1049 1024 Sanctum
1077 982 1252 1035 spirare,
1281 984 1323 1023 et
1352 981 1463 1034 Spir.
1492 981 1533 1024 S.
1562 997 1587 1023 a
1613 981 1744 1024 Patre
1772 997 1849 1036 per

301 1056 456 1098 Filium
497 1055 733 1109 procedere.
771 1054 859 1096 Isto
897 1054 1008 1096 enim
1045 1053 1244 1107 loquendi
1278 1054 1406 1095 modo
1445 1053 1497 1094 ab
1536 1056 1721 1106 utroque
1760 1068 1848 1095 esse

293 1127 575 1181 significatum
606 1129 648 1168 et
675 1126 823 1168 modus
848 1125 1104 1167 subsistendi
1127 1125 1460 1178 assignificatur3
1483 1139 1639 1178 nempe
1663 1124 1848 1167 mediate

293 1200 334 1239 et
365 1198 634 1239 subordinate
662 1212 687 1238 a
715 1197 842 1238 Patre
866 1212 942 1250 per
965 1195 1122 1238 Filium
1145 1196 1386 1249 procedere,
1412 1210 1496 1248 quo
1522 1198 1564 1237 et
1588 1195 1847 1237 Graecorum

293 1269 344 1310 ab
380 1283 462 1310 uno
491 1268 712 1323 principio,
742 1268 870 1310 etiam
897 1266 1111 1321 personali
1138 1267 1290 1320 Patris,
1319 1269 1500 1321 propter
1531 1266 1709 1320 originis
1735 1266 1848 1308 ordi-

293 1340 447 1392 nisque
476 1340 519 1381 in
548 1339 676 1381 Patre
707 1340 1049 1391 antecessionem,
1078 1353 1164 1381 non
1192 1338 1356 1380 tollitur
1384 1338 1563 1392 spiratio
1593 1340 1635 1379 et
1662 1337 1848 1392 Spiritus

299 1409 443 1452 Sancti
493 1409 726 1463 processi03
778 1411 904 1461 atque
949 1410 1100 1451 relatio
1144 1412 1185 1451 et
1235 1408 1527 1450 subordinatio
1569 1408 1754 1462 Spiritus
1794 1407 1848 1450 ad

302 1481 457 1522 Filium
486 1481 709 1532 stabilitur,
739 1479 767 1521 J
779 1480 854 1521 oli.
885 1480 946 1533 15,
977 1481 1037 1521 26.
1069 1483 1111 1522 et
1139 1480 1201 1531 16,
1230 1480 1292 1521 14.
1322 1480 1384 1522 15.

345 1550 438 1592 XX.
476 1551 542 1592 Ex
585 1551 761 1604 originis
799 1553 940 1592 autem
977 1551 1157 1602 ratione,
1194 1550 1415 1593 relationis
1454 1551 1580 1592 modo
1616 1550 1847 1603 ordineque

292 1637 415 1675 quem
455 1621 638 1674 Spiritus
675 1621 854 1665 Sanctus
891 1622 943 1663 ad
981 1622 1154 1664 Patrem
1190 1624 1231 1663 et
1258 1621 1415 1664 Filium
1442 1621 1587 1673 habet,
1614 1621 1719 1663 haec
1745 1636 1847 1674 pro-

299 1693 457 1747 prietas
509 1693 709 1745 exsurgit,
760 1695 808 1733 ut
858 1693 1212 1745 quemadmodum
1229 1692 1439 1750 'Spiritus
1482 1692 1662 1735 Sanctus
1705 1693 1848 1734 omnia

299 1763 429 1804 habet
465 1778 488 1804 a
524 1763 650 1805 Patre
689 1766 730 1805 et
764 1763 886 1815 Filio,
924 1779 997 1805 seu
1033 1779 1058 1806 a
1093 1750 1226 1806 Patre
1259 1779 1337 1817 per
1374 1763 1545 1816 Filium,
1584 1779 1632 1806 ac
1668 1763 1848 1818 proinde
1888 1815 1892 1824 ι

297 1833 489 1875 similiter
526 1834 615 1886 agit
653 1836 694 1875 et
730 1837 940 1887 operatur,
977 1835 1038 1876 ita
1066 1835 1207 1877 omnia
1235 1835 1364 1877 refert
1392 1850 1468 1888 per
1495 1834 1654 1876 Filium
1683 1834 1736 1877 ad
1764 1833 1846 1880 Pa-

307 1906 430 1945 trem.
467 1905 611 1957 Atque
643 1919 691 1946 eo
724 1908 915 1960 respectu
948 1906 1153 1958 quaedam
1177 1905 1303 1959 ἐξοχὴ
1339 1909 1381 1949 et
1421 1905 1582 1956 ἀξίωσις
1622 1907 1685 1947 est
1711 1905 1846 1958 ipsius

294 1974 435 2016 Patris
469 1978 510 2016 et
533 1975 631 2017 Filii
657 1976 708 2017 ad
733 1975 939 2030 Spiritum
969 1977 1023 2029 S„
1049 1992 1156 2030 quae
1180 1979 1273 2019 tota
1298 1977 1475 2030 originis
1500 1979 1542 2018 et
1567 1977 1727 2018 ordinis
1750 1979 1846 2018 tan·-

292 2049 384 2087 tum
412 2049 485 2088 est.

352 2116 464 2158 XXI.
505 2117 615 2166 Quin
652 2119 776 2160 sicuti
814 2120 943 2162 oriter
979 2121 1089 2173 hinc,
1127 2120 1250 2163 taciti
1285 2120 1413 2162 illius
1438 2119 1604 2162 consilii
1641 2119 1776 2162 divini
1801 2119 1846 2160 in

305 2202 432 2241 opere
469 2189 771 2242 redemptionis
809 2191 1132 2244 sapientissima,
1170 2194 1212 2234 et
1240 2206 1518 2245 personarum
1547 2192 1705 2246 origini
1732 2189 1845 2233 ordi-

292 2273 427 2310 neque
465 2259 881 2313 'convenientissima,
925 2264 965 2303 et
1008 2263 1269 2304 admirabilis
1311 2262 1542 2304 dulcedinis
1584 2261 1844 2313 oeconomia,

295 2344 367 2371 seu
392 2330 627 2383 dispositio,
651 2331 712 2372 ita
735 2334 776 2373 et
800 2331 982 2385 Spiritus
1006 2333 1150 2375 Sancti
1170 2349 1277 2387 opus
1294 2336 1423 2386 atque
1440 2333 1647 2384 officium3
1664 2332 1768 2374 adeo
1782 2333 1844 2383 ut,-

300 2401 651 2452 quemadmodum
665 2400 794 2443 Pater
808 2402 889 2444 Dei
902 2404 1001 2445 irati
1017 2406 1058 2446 et
1074 2405 1338 2457 conciliandi,
1352 2404 1569 2458 fontisque
1583 2403 1844 2456 redemptio-

298 2472 364 2512 nis
386 2474 568 2523 nostrae,
591 2472 724 2514 Filius
747 2473 1027 2527 redemptoris
1052 2478 1093 2517 et
1117 2476 1414 2528 conciliatoris,
1437 2476 1498 2517 ita
1513 2475 1700 2529 Spiritus
1714 2473 1844 2517 Sanc-

293 2544 361 2583 tus
384 2543 524 2584 meriti
550 2545 591 2583 et
616 2543 807 2585 beneficii
829 2544 1046 2598 impetrati
1062 2561 1086 2587 a
1100 2545 1222 2597 Filio,
1239 2547 1528 2601 applicatoris,
1542 2544 1843 2587 illuminatoris

294 2614 335 2653 et
372 2613 693 2654 sanctificatoris
728 2615 863 2655 nostri
892 2615 1188 2668 conditionem,
1216 2620 1358 2670 partes
1387 2620 1429 2660 et
1455 2631 1607 2658 munus
1636 2615 1843 2658 sustineat

296 2685 337 2723 et
368 2686 632 2735 exsequatur.
661 2683 856 2736 Utroque
885 2687 1026 2727 autem
1055 2689 1096 2727 et
1123 2686 1196 2729 illo
1225 2688 1378 2741 agendi
1406 2687 1564 2739 ordine,
1594 2689 1636 2729 et
1658 2701 1735 2728 nos
1761 2686 1842 2727 sal-

294 2752 418 2793 vandi
439 2767 564 2806 opere
584 2753 766 2808 Spiritus
782 2753 960 2797 Sanctus
974 2756 1146 2810 insuper
1161 2773 1185 2799 a
1199 2758 1328 2800 Patre
1342 2758 1537 2811 Filioque
1551 2756 1842 2811 distinguitur.

347 2821 481 2864 XXlI.
519 2824 580 2866 Ut
620 2839 719 2878 ergo
758 2841 807 2867 ex
844 2826 910 2867 his
947 2830 1125 2880 apparet
1162 2829 1375 2871 distinctio
1414 2829 1599 2883 Spiritus
1638 2827 1784 2870 Sancti
1817 2841 1842 2868 a

297 2890 423 2933 Patre
458 2893 663 2946 Filioque,
700 2910 851 2950 nempe
889 2897 1087 2950 operibus
1122 2901 1214 2940 tum
1249 2899 1301 2940 ad
1337 2900 1461 2952 intra,
1499 2902 1591 2941 tum
1628 2899 1680 2941 ad
1709 2900 1840 2948 extra,

295 2976 402 3014 quae
441 2964 623 3006 maxime
651 2967 876 3019 conspicua
903 2970 1000 3009 sunt
1027 2968 1071 3009 in
1100 2968 1288 3021 gratioso
1314 2970 1388 3011 illo
1425 2984 1553 3023 opere
1580 2968 1841 3022 redemptio-
