1931 3224
284 133 363 174 554
835 130 1077 173 DISPUTATIO
1113 130 1283 173 XLVII.

284 270 398 298 esse
439 256 754 297 institutam
796 270 820 296 a
864 255 992 307 Deo,
1036 255 1169 297 licet
1212 258 1424 310 tempus
1470 259 1519 299 et
1561 259 1747 301 modus
1785 260 1838 302 in

284 327 572 380 Scriptura
601 340 704 367 non
731 325 961 379 legatur.
989 326 1039 367 [n
1069 326 1248 368 eundem
1275 328 1311 368 4.
1341 327 1529 370 Sentent.
1560 329 1655 371 dist.
1686 331 1722 372 7.

337 399 389 440 V.
426 398 555 439 Meris
593 411 695 450 ergo
734 397 1100 451 suppositionibus
1130 399 1271 439 totum
1299 398 1382 440 hoc
1409 399 1619 453 innititur,
1647 404 1696 443 ut
1727 403 1839 455 quod

284 469 399 510 addit
438 467 609 509 Holcot.
648 467 692 508 in
726 468 763 509 4.
803 467 918 509 Sent.
950 483 988 520 q.
1019 468 1055 509 2.
1086 467 1211 510 Tam
1239 468 1465 512 formam
1496 486 1650 524 quam
1679 476 1838 516 mate-

282 540 413 581 riam
454 539 670 592 aliquot
708 538 1189 582 Sacramentorum
1219 556 1353 594 quae
1383 557 1486 584 non
1515 546 1639 585 sunt
1669 544 1728 586 de
1755 560 1838 587 ne-
1916 543 1931 567 ⁴³

283 611 549 652 cessitate
601 610 822 662 salutis,
868 611 1229 653 occultandas
1272 613 1449 655 fuisse
1490 613 1543 655 in
1587 614 1838 658 Ecclesia
1911 664 1931 683 a

282 681 567 734 primitiva
591 683 821 734 propter
845 682 1145 724 irrisiones
1172 682 1483 727 Gentilium.
1508 684 1736 729 Praeterea
1761 702 1838 730 nec
1912 684 1931 726 ζ4

278 753 361 806 ipsi
386 753 515 794 etiam
540 752 568 794 J
571 753 730 795 esuitae
754 753 836 794 hoc
858 755 1052 807 tempore
1078 755 1358 797 consentiunt.
1383 755 1497 798 Nam
1521 771 1616 799 cum
1637 757 1837 800 Bellarm.
1912 798 1915 801 ,

280 826 452 875 asserat,
479 822 723 865 Chrisma
747 838 837 866 esse
862 825 1085 866 materiam
1101 825 1447 880 confirmationis,
1464 828 1591 881 idque
1608 843 1658 870 ex
1675 829 1838 871 duobus
1914 856 1917 861 >

279 893 424 946 script.
463 893 566 934 10015
603 894 786 947 probare
824 898 1009 949 conetur,
1049 911 1214 951 nempe,
1255 899 1279 939 2
1317 897 1410 940 Cor.
1442 899 1477 951 1,
1508 900 1571 941 21.
1603 902 1644 942 et
1673 901 1735 941 22.
1764 901 1838 943 0101
1911 909 1922 944 f.

279 965 445 1017 dicitur,
476 964 637 1006 Deum
667 980 761 1008 nos
791 967 1174 1022 confirmasse,
1204 971 1454 1023 unxisse,
1485 973 1536 1012 et
1566 971 1836 1024 signasse,

281 1039 357 1078 etc.
397 1039 438 1078 et
467 1038 487 1078 1
519 1037 616 1079 Joh.
647 1039 684 1090 2,
714 1040 776 1080 27.
805 1039 895 1080 0101
924 1040 1110 1093 agitur
1141 1041 1199 1082 de
1228 1041 1489 1083 unctione
1518 1057 1673 1095 quam
1702 1043 1836 1084 acci·
1911 1030 1931 1083 ss⁴

278 1108 452 1162 pimus
497 1109 557 1150 ab
597 1123 674 1161 eo,
713 1109 778 1151 De
815 1109 998 1153 Sacram.
1038 1112 1227 1153 confirm.
1266 1112 1356 1154 Lib.
1390 1114 1426 1154 2.
1466 1128 1556 1167 cap.
1596 1114 1631 1156 8.
1672 1116 1713 1156 et
1742 1130 1837 1156 cum
1917 1123 1924 1167 ζ,

280 1179 494 1222 existimet
525 1179 700 1234 Gregor.
730 1181 780 1223 de
808 1181 976 1224 Valent.
1006 1197 1096 1236 cap.
1121 1184 1158 1225 3.
1183 1183 1272 1226 Lib.
1300 1185 1349 1226 de
1373 1200 1486 1227 num.
1511 1185 1696 1229 Sacram.
1721 1201 1836 1239 pro·
1917 1183 1931 1234 ξ

280 1251 679 1295 habilissimam
703 1269 816 1296 esse
838 1256 1170 1298 sententiam
1192 1255 1485 1298 Valdensis
1509 1260 1558 1299 et
1581 1258 1834 1311 aliorum,

279 1341 549 1379 nunquam
601 1326 661 1368 ab
712 1326 1005 1380 Apostolis
1057 1328 1327 1381 Spiritum
1368 1328 1623 1371 Sanctum
1663 1330 1834 1373 fuisse
1915 1333 1920 1366 Ῑ

280 1397 482 1450 datum,
523 1398 630 1440 nisi
668 1399 919 1440 adhibita
955 1400 1190 1441 materia
1228 1401 1596 1442 substantiali
1626 1402 1756 1454 olei,
1787 1405 1837 1444 et
1915 1404 1919 1426 ⁷*

278 1467 300 1508 f
306 1483 329 1510 0
340 1483 362 1509 r
371 1483 415 1509 m
424 1483 448 1509 a
479 1484 505 1510 v
518 1483 538 1510 e
550 1469 605 1510 rb
618 1484 641 1511 0
654 1485 674 1510 r
684 1485 711 1511 0
722 1485 786 1512 m:
818 1485 944 1523 quam
975 1471 1103 1512 etiam
1133 1471 1388 1513 auctoritate
1411 1471 1592 1514 Fabiani
1615 1472 1838 1515 Pontificis

277 1540 460 1594 probare
491 1543 668 1582 conatur
697 1540 867 1583 Catech.
898 1541 1054 1584 Concil.
1086 1542 1319 1585 Tridentin.
1351 1557 1428 1596 cap
1458 1544 1495 1585 3.
1526 1546 1626 1586 sect.
1652 1545 1688 1586 5.
1720 1544 1837 1587 Idem
1907 1552 1910 1554 ’

276 1613 420 1653 tamen
459 1612 712 1654 sententiam
752 1613 955 1665 Thomae,
984 1615 1021 1656 3.
1053 1617 1164 1668 part.
1194 1616 1314 1658 artic.
1344 1617 1381 1657 2.
1408 1616 1461 1658 ad
1490 1617 1525 1658 1.
1553 1615 1763 1658 Paludani
1792 1617 1836 1658 in

273 1682 311 1723 4.
363 1683 548 1725 distinct.
602 1685 637 1726 7.
681 1687 841 1737 quaest.
889 1686 925 1727 1.
969 1688 1010 1727 et
1053 1685 1203 1728 Scoti
1243 1687 1333 1729 ubi
1372 1702 1554 1741 supra,
1593 1688 1836 1741 improbare
1918 1675 1922 1704 '¹

275 1768 361 1796 non
399 1770 525 1796 ausus
563 1755 657 1808 fuit,
695 1756 930 1810 Apostolos
967 1773 1133 1811 nempe,
1173 1773 1223 1800 ex
1258 1759 1399 1811 aliqua
1429 1758 1744 1813 dispensatione
1773 1760 1836 1801 di—
1915 1778 1921 1815 *¹

274 1826 373 1867 vina
401 1826 490 1867 sine
513 1826 652 1869 forma
676 1830 718 1869 et
742 1828 921 1870 materia
943 1828 1028 1880 illa,
1054 1829 1217 1871 dedisse
1242 1830 1466 1883 proprium
1491 1830 1687 1872 effectum
1709 1831 1835 1884 hujus

274 1896 549 1951 Sacramenti,
589 1899 702 1952 quod
741 1902 853 1941 certe
882 1914 968 1942 non
995 1900 1205 1952 fecissent,
1236 1901 1270 1942 si
1301 1901 1366 1954 (ut
1395 1902 1528 1943 voluit
1556 1901 1833 1944 Pseudofabi-

274 1969 397 2022 anus)
434 1970 478 2011 in
516 1970 667 2012 ultima
696 1970 848 2024 Coena,
879 1987 903 2013 a
933 1971 1102 2015 Christo
1134 1974 1273 2016 edocti
1305 1973 1485 2016 fuissent
1514 1973 1704 2016 Ohrisma
1734 1988 1832 2016 con-
1909 1993 1912 1998 ·

273 2041 411 2082 ficere.

326 2111 400 2154 VI.
437 2111 528 2154 Nec
566 2116 630 2156 est
659 2115 773 2168 quod
802 2116 896 2169 quis
925 2119 1145 2158 moveatur
1175 2117 1339 2159 duobus
1367 2118 1454 2159 illis
1481 2117 1588 2159 10015
1617 2132 1642 2159 a
1670 2112 1834 2160 Bellarss
1911 2112 1915 2160 ᾗ

273 2184 388 2226 mino
431 2185 635 2237 adductis,
673 2187 718 2227 in
757 2187 911 2239 quibus
942 2187 1143 2241 Apostoli
1181 2203 1205 2230 0
1216 2188 1243 2229 b
1255 2189 1299 2230 si
1311 2203 1339 2243 g
1348 2204 1377 2230 n
1388 2203 1412 2230 a
1421 2189 1500 2231 tio
1511 2189 1565 2230 ni
1579 2204 1597 2230 s
1637 2191 1679 2230 et
1715 2204 1743 2230 u
1752 2204 1780 2230 n
1792 2204 1832 2231 c-

273 2256 446 2297 tionis
496 2257 792 2310 meminerunt,
844 2258 930 2301 imo
985 2262 1027 2301 et
1069 2259 1543 2313 confirmationis3
1588 2275 1681 2302 cum
1726 2260 1833 2302 nihil
1909 2259 1911 2262 ⁴

273 2341 448 2380 prorsus
478 2328 531 2369 ad
559 2343 649 2370 rem
675 2329 846 2383 faciant,
876 2330 956 2372 nisi
987 2331 1195 2383 ostendat,
1226 2346 1297 2373 eos
1325 2332 1583 2374 intellexisse
1608 2332 1831 2374 confirma-

271 2398 433 2440 tionem
471 2399 588 2441 illam
625 2400 956 2451 ceremonialem,
986 2404 1028 2443 et
1057 2402 1195 2444 oleum
1224 2403 1332 2445 illud
1362 2403 1541 2456 visibile,
1573 2419 1667 2446 cum
1694 2404 1832 2446 forma
1908 2452 1910 2454 ,

270 2470 535 2524 praescripta
580 2472 863 2525 applicatum3
906 2489 992 2516 non
1036 2477 1178 2516 autem
1222 2475 1589 2518 confirmationem
1630 2474 1830 2529 Spiritus,
1911 2496 1915 2503 ·

271 2542 431 2584 Electis
473 2543 571 2585 solis
611 2545 840 2599 propriam,
881 2548 922 2587 et
961 2546 1205 2589 unctionem
1242 2547 1520 2601 spiritualem,
1561 2549 1603 2588 et
1640 2547 1831 2588 immate-
1913 2589 1916 2595 ,

270 2614 430 2667 rialem,
461 2630 544 2668 qua
572 2615 802 2659 Christiani
830 2616 1000 2659 Christo
1030 2618 1162 2672 capiti
1191 2633 1266 2661 suo
1297 2618 1535 2661 conformes
1563 2619 1683 2660 fiunt.
1709 2617 1830 2660 Certe
1910 2632 1916 2660 ι

271 2687 384 2739 apud
422 2678 676 2740 Johannem,
715 2688 895 2731 Lorinus
931 2689 1097 2732 Jesuita
1134 2705 1209 2745 per
1246 2691 1491 2733 unctionem
1521 2691 1830 2732 doctrinam
1905 2698 1907 2702 ⁴

270 2757 483 2811 intelligit,
522 2758 587 2800 vel
617 2760 746 2802 etiam
773 2761 913 2813 ipsum
932 2760 1169 2815 Christum,
1200 2764 1247 2804 ut
1276 2762 1614 2805 abstractum
1643 2762 1715 2805 sit
1743 2776 1829 2817 po-

271 2828 435 2870 situm
471 2845 566 2883 pro
608 2835 881 2875 concreto.
921 2832 1142 2882 Quomodo
1173 2836 1314 2876 autem
1343 2835 1575 2888 probarent
1603 2834 1708 2877 haec
1738 2850 1828 2878 esse

270 2898 545 2952 intelligenda
574 2901 624 2943 de
654 2917 729 2944 suo
761 2902 1011 2956 Chrismate‚
1042 2919 1136 2946 cum
1163 2906 1352 2947 nondum
1381 2906 1492 2948 inter
1520 2905 1619 2948 illos
1649 2908 1825 2959 constet,

272 2983 325 3011 an
364 2969 419 3011 sit
455 2973 738 3014 necessarium
776 2976 823 3015 ut
859 2974 1097 3018 balsamum
1126 2977 1219 3019 oleo
1250 2977 1440 3029 addatur,
1469 2976 1721 3019 necessitate
1750 2977 1826 3020 Sa·
1901 2982 1904 2985 “
