1931 3224
262 130 340 171 588
815 127 1056 170 DISPUTATIO
1084 126 1278 170 XLVIII.

262 269 300 295 v.
331 253 393 295 10.
422 251 476 295 Si
506 252 624 305 quis
653 251 804 293 venit
833 251 896 292 ad
924 265 1016 292 vos
1046 253 1096 293 et
1124 250 1261 293 hanc
1290 252 1595 296 doctrinam
1624 269 1728 296 non
1756 254 1826 296 af-

263 324 390 374 fert,
419 339 480 365 ne
509 322 752 376 recipite
782 336 896 364 eum
924 322 1150 376 domum,
1180 338 1275 366 nec
1302 339 1396 366 ave
1428 325 1474 366 ei
1503 324 1684 367 dicite.

316 395 466 436 XLIX.
506 393 598 436 Nec
635 396 779 436 tamen
807 394 884 435 sub
914 394 996 436 hoc
1025 397 1250 448 praetextu
1277 396 1377 438 licet
1407 396 1660 450 conjugibus
1690 411 1732 438 se
1761 411 1826 439 se-

262 481 422 522 parare,
462 468 535 507 aut
574 465 715 507 officia
752 466 996 519 conjugalia
1034 466 1192 507 eisdem
1230 481 1398 520 negare,
1437 470 1485 508 ut
1514 467 1825 521 Anabaptistae

263 537 351 579 sine
390 537 474 578 ullo
516 536 761 590 Scripturae
799 537 992 590 exemplo
1033 537 1182 578 solent,
1211 536 1303 579 Nec
1331 537 1456 579 liberi
1484 541 1712 593 propterea
1741 539 1825 581 sol-

260 610 417 650 vuntur
457 608 661 661 obsequio
701 609 949 662 parentibus
988 609 1145 662 debito,
1183 625 1260 651 nec
1299 610 1382 651 alia
1417 610 1584 652 vincula
1612 611 1826 653 naturalia

261 683 335 722 aut
363 679 543 722 moralia
570 695 647 734 per
676 681 1157 722 excommunicationem
1185 681 1509 734 abrumpuntur.
1536 680 1651 723 Nam
1678 682 1826 735 regula

260 751 366 793 haec
402 751 580 793 immota
619 754 694 804 est,
724 752 837 804 quod
868 752 1165 795 ceremonialia
1194 755 1236 794 et
1264 752 1450 806 positiva
1479 767 1646 806 semper
1675 753 1826 795 cedant

260 822 493 865 moralibus
522 838 570 865 ac
597 823 884 865 naturalibus:
914 823 1029 866 Deus
1060 824 1171 866 enim
1199 824 1290 866 vult
1314 824 1650 866 misericordiam
1674 827 1717 866 et
1739 839 1825 866 non

261 893 527 936 sacrificium.
566 893 648 937 Sed
684 894 921 948 Apostolus
959 895 1117 937 Paulus
1157 898 1199 937 et
1228 895 1446 937 <Iohannes
1476 896 1582 938 Iocis
1612 899 1737 938 antea
1767 897 1825 939 ci-

260 965 374 1018 tatis,
410 967 545 1019 agunt
584 966 633 1007 de
672 966 962 1008 familiaritate
1000 967 1073 1008 illa
1104 967 1449 1020 conversationiS,
1482 983 1565 1021 qua
1594 967 1825 1011 Christiani

261 1052 311 1079 ex
350 1038 392 1079 vi
430 1037 722 1092 φιλαδελφίας
765 1040 806 1079 et
843 1037 1124 1080 fraternitatis
1153 1038 1420 1081 Christianae
1449 1040 1656 1092 ejusmodi
1686 1040 1825 1082 officia

260 1108 339 1149 sibi
377 1110 525 1150 mutuo
555 1111 772 1162 praestare
801 1109 951 1162 solent,
981 1125 1005 1152 a
1036 1125 1218 1163 quorum
1250 1110 1488 1152 officiorum
1517 1111 1724 1165 singulari
1754 1112 1824 1154 de-

259 1180 351 1222 bito
391 1180 745 1222 excommunicati
785 1181 996 1234 excidunt,
1035 1196 1121 1224 non
1159 1185 1303 1225 tamen
1342 1198 1366 1224 a
1406 1183 1618 1225 communi
1646 1186 1824 1227 naturae

254 1252 362 1305 jure,
393 1252 507 1305 quod
536 1266 701 1306 semper
729 1252 984 1295 inviolatum
1013 1256 1169 1296 manet.

313 1322 358 1365 L.
398 1322 559 1364 Eadem
593 1338 763 1376 quoque
800 1323 910 1366 ratio
940 1324 1097 1366 invicte
1126 1325 1390 1367 demonstrat
1417 1326 1483 1378 (ut
1514 1326 1564 1368 de
1593 1326 1687 1369 aliis
1718 1327 1822 1369 abu-

259 1395 375 1437 sibus
404 1394 474 1436 hic
502 1408 588 1436 non
617 1393 785 1447 loquar)
810 1394 1039 1437 Pontifices
1062 1396 1219 1449 injuste
1242 1412 1319 1451 per
1345 1399 1825 1442 excommunicationem

258 1467 398 1520 Reges
437 1481 485 1508 ac
520 1465 741 1519 Principes
770 1467 938 1520 privare
968 1467 1129 1522 Regnis
1159 1483 1207 1510 ac
1236 1469 1469 1512 ditionibus
1498 1470 1595 1522 suis,
1624 1473 1698 1512 aut
1726 1470 1825 1512 sub-

259 1539 370 1580 ditos
409 1538 570 1580 solvere
605 1539 849 1590 juramento
883 1539 1116 1593 fidelitatis,
1148 1542 1262 1595 quod
1292 1543 1350 1584 eis
1380 1542 1570 1595 legitime
1598 1543 1825 1596 praestite-

258 1613 380 1661 runt3
420 1611 520 1664 quia
557 1608 662 1650 haec
694 1609 863 1652 vincula
891 1613 990 1653 sunt
1017 1613 1231 1655 naturalia
1260 1628 1309 1655 ac
1338 1614 1528 1667 moralia,
1560 1629 1610 1656 ex
1638 1614 1680 1656 vi
1707 1615 1825 1657 tertii

258 1685 300 1725 et
338 1683 477 1736 quinti
514 1683 733 1737 praecepti
770 1682 991 1725 hominum
1031 1684 1310 1726 conscientias
1342 1685 1591 1739 obligantia,
1621 1686 1824 1738 quemad-

256 1755 429 1797 modum
467 1755 703 1809 Apostolus
739 1756 783 1797 id
812 1771 980 1809 quoque
1012 1756 1196 1809 explicat
1224 1756 1346 1799 Rom.
1379 1757 1439 1799 13.
1472 1759 1513 1798 et
1543 1757 1563 1798 I
1590 1756 1680 1799 Pet.
1709 1757 1746 1799 3.
1777 1772 1824 1799 ac

256 1827 432 1880 proinde
461 1842 537 1881 per
566 1827 1048 1869 excommunicationem
1077 1827 1183 1869 solvi
1207 1830 1280 1869 aut
1304 1827 1501 1881 abrumpi
1524 1842 1609 1869 non
1633 1831 1822 1882 possunt.

309 1897 375 1939 LI.
413 1897 504 1940 Nec
543 1913 643 1940 vero
683 1899 891 1952 ejusmodi
927 1899 1140 1941 factorum
1178 1899 1312 1940 ullum
1342 1901 1482 1941 exstat
1511 1900 1750 1954 exemplum
1779 1899 1823 1942 in

255 1969 433 2022 antiqua
469 1968 662 2011 Ecclesia
698 1969 890 2023 Judaica,
921 1973 994 2012 aut
1023 1971 1065 2011 in
1091 1971 1310 2024 primitiva
1339 1970 1591 2022 Christiana,
1621 1971 1694 2012 sed
1722 1986 1822 2014 con-

254 2041 386 2082 traria
415 2040 612 2093 plurima,
642 2041 687 2082 in
716 2041 921 2096 Philippo
950 2041 1104 2095 Arabe,
1135 2041 1321 2094 Juliano,
1349 2042 1605 2094 Theodosio,
1629 2042 1820 2086 Maximo

254 2114 451 2165 tyranno,
490 2112 668 2165 aliisque
704 2113 776 2166 qui
808 2113 860 2154 ab
890 2113 1079 2155 Ecclesia
1110 2113 1478 2166 excommunicati,
1508 2114 1550 2155 vi
1581 2129 1821 2157 excommu-

254 2184 481 2225 nicationis
517 2184 680 2238 Regnis
718 2185 804 2227 suis
841 2199 928 2226 non
967 2185 1218 2227 exciderunt.
1257 2184 1350 2226 Nec
1385 2200 1485 2227 vero
1525 2200 1707 2238 aequum
1745 2189 1820 2240 est,

255 2257 303 2296 ut
340 2254 506 2308 Regum
537 2255 877 2299 Christianorum
904 2258 947 2298 in
976 2257 1226 2311 Regnorum
1254 2257 1521 2311 possessione
1551 2257 1735 2300 deterior
1764 2258 1820 2300 sit

255 2327 456 2380 conditio,
487 2342 614 2380 quam
644 2328 813 2382 Regum
840 2328 1087 2380 infidelium,
1118 2328 1190 2381 qui
1220 2328 1578 2370 excommunicari
1605 2343 1691 2370 non
1720 2343 1819 2382 pos-

255 2400 365 2449 sunt,
405 2400 479 2439 aut
517 2413 645 2451 quam
684 2399 1024 2441 Christianorum
1060 2399 1336 2452 reliquorum,
1369 2400 1442 2452 qui
1472 2416 1548 2454 per
1577 2415 1818 2444 excommu-

252 2470 511 2512 nicationem
548 2469 892 2512 Ecclesiasticam
924 2470 1170 2512 muneribus
1200 2470 1285 2512 suis
1315 2473 1388 2512 aut
1416 2471 1539 2513 bonis
1568 2472 1748 2526 privatis
1777 2474 1819 2514 et

252 2541 548 2583 haereditariis
577 2556 664 2583 non
693 2541 904 2583 excidunt.
934 2541 1048 2583 Nam
1078 2543 1472 2595 excommunicatio,
1497 2545 1545 2585 ut
1569 2543 1817 2587 Dominicus

253 2629 278 2655 a
315 2613 419 2656 Soto
460 2616 574 2656 recte
613 2613 866 2665 observavit,
896 2628 1001 2655 non
1032 2617 1112 2656 est
1142 2614 1391 2667 privatio
1422 2615 1658 2668 alicujus
1688 2616 1816 2658 boni

252 2686 494 2739 proprii,
526 2673 666 2739 quod
695 2689 1085 2740 transgressor
1112 2687 1255 2741 legis
1282 2687 1434 2742 prius
1464 2687 1816 2741 possederat,

253 2758 346 2799 sed
384 2761 465 2800 est
495 2758 740 2811 privatio
770 2758 1034 2800 bonorum
1065 2760 1439 2812 communium,
1471 2774 1605 2813 quae
1635 2760 1695 2801 ab
1724 2759 1840 2802 Εο-,

253 2830 422 2871 clesia
461 2833 578 2872 erat
615 2832 1000 2885 percepturus,
1036 2833 1094 2872 ut
1133 2831 1528 2873 communionis
1557 2830 1815 2884 spiritua-

251 2900 345 2951 lis,
376 2904 425 2943 et
454 2903 795 2955 receptionis
828 2902 1321 2945 Sacramentorum.

305 2971 393 3014 LII.
422 2973 641 3015 Hactenus
671 2974 909 3016 communio
939 2976 1111 3016 externa
1142 2976 1184 3015 et
1212 2976 1419 3027 quatenus
1449 2987 1497 3015 ea
1524 2974 1719 3026 privatur
1743 2989 1814 3016 ex-

1920 2331 1931 2727 k--uam—-hna-.-AQ
1928 2312 1931 2322 -
1923 2235 1931 2295 ,μή
1922 2133 1931 2227 ,ΛΒ-’.41
1926 2110 1931 2125 ,Α
1927 2079 1931 2102 a„
1930 2059 1931 2062 „
1927 2044 1930 2045 ,
1929 1994 1931 2006 1.
