1931 3224
543 135 607 177 DE
637 135 840 178 SABBATHO
869 150 916 177 ET
947 150 1010 176 DIE
1039 134 1250 177 DOMINICO.
1607 133 1683 174 189

118 261 326 312 videlicet,
363 260 429 302 vel
464 262 512 301 ut
548 276 638 302 rem
675 262 793 314 cujus
831 260 1007 303 scientia
1043 262 1117 301 aut
1153 273 1253 300 usus
1291 259 1389 299 ante
1427 271 1513 298 non
1540 256 1682 308 fuerit,

119 332 185 373 vel
216 346 343 384 quam
371 331 659 373 intermissam
698 334 739 373 et
774 332 986 374 exoletam
1015 331 1276 373 revocaverit
1307 332 1349 371 et
1377 329 1558 383 pristino
1589 327 1682 369 usui

119 402 365 445 restituerit.
396 401 478 444 Sed
502 418 654 456 parum
678 402 865 454 interest,
893 402 994 455 quid
1023 402 1078 443 sit
1109 402 1158 443 de
1186 400 1405 454 temporis,
1437 402 1509 441 aut
1536 413 1684 452 perso-

119 489 281 526 narum,
321 474 461 526 quoad
498 473 826 525 institutionem,
867 472 1205 523 circunistantia3
1244 470 1417 513 tametsi
1445 470 1564 523 prior
1592 484 1685 511 sen-

119 545 254 587 tentia
282 544 547 598 probabilior
576 545 709 587 videri
738 547 893 599 potest.

172 615 286 658 XVI.
325 615 563 657 Rationalis
599 616 770 658 interim
808 619 849 658 et
878 616 1043 658 divinae
1073 616 1308 670 sapientiae
1339 614 1591 657 conveniens
1618 613 1685 654 in-

120 687 356 729 stitutionis
395 689 482 740 ejus
523 688 764 741 assignatur
789 703 926 740 causa,
957 704 981 729 a
1006 688 1197 741 jubentis
1229 686 1482 729 auctoritate
1515 688 1556 726 et
1586 699 1686 726 con-

119 759 337 801 formitate
377 759 569 814 exempli,
606 759 801 801 videlicet
830 759 923 810 Dei,
955 759 1170 812 duplicato
1202 759 1254 800 ad
1285 758 1567 800 obediendum
1595 757 1686 798 vin-

121 830 225 872 culo.
257 830 502 884 Congruum
531 831 643 872 enim
665 830 759 882 fuit,
783 833 831 871 ut
856 830 1210 882 quemadmodum
1233 830 1324 882 ipse
1348 845 1372 871 a
1394 830 1533 882 primo
1559 843 1686 882 opere

120 916 206 951 suo,
246 901 480 944 Creationis
521 902 692 954 scilicet,
732 902 798 943 die
839 902 1021 955 septimo
1063 902 1241 943 cessavit
1279 904 1320 942 et
1351 901 1525 954 quievit,
1554 900 1615 941 ita
1644 902 1687 940 et

119 973 312 1015 homines
350 989 398 1016 eo
427 974 521 1027 ipso
550 976 790 1015 recurrente
819 973 897 1025 die,
928 988 951 1014 a
982 973 1068 1014 suis
1101 972 1299 1028 operibus
1332 972 1609 1025 quiescerent,
1640 973 1687 1011 ut

119 1044 180 1085 ita
209 1043 444 1086 Creationis
474 1044 807 1096 cessationisque
837 1044 1004 1086 divinae
1033 1044 1316 1086 celebraretur
1345 1043 1562 1085 memoria.
1587 1041 1688 1084 Non

120 1114 305 1168 primum
342 1115 510 1169 selegit2
541 1116 585 1157 in
627 1131 710 1168 quo
749 1115 974 1157 creationis
1014 1116 1096 1157 fuit
1135 1115 1373 1166 inchoatio,
1410 1130 1548 1167 neque
1587 1128 1688 1168 pos-

120 1188 302 1227 tremum
331 1201 404 1228 seu
433 1189 612 1239 sextum,
639 1188 683 1228 in
713 1202 796 1240 quo
827 1188 1148 1239 consummatio,
1179 1188 1251 1229 sed
1281 1187 1509 1241 septimum
1539 1187 1583 1227 in
1603 1201 1686 1239 quo

122 1272 299 1310 operum
335 1257 417 1299 fuit
453 1259 692 1312 complexio
732 1262 773 1301 et
812 1259 864 1301 ab
902 1259 954 1301 iis
996 1260 1188 1301 cessatio.
1227 1259 1294 1300 Ita
1333 1262 1380 1301 ut
1410 1259 1615 1312 septimus
1644 1258 1688 1299 in

120 1330 285 1372 numeri
336 1331 499 1372 dierum
550 1331 776 1373 creationis
830 1331 1052 1385 complexu
1096 1334 1326 1373 censeatur.
1370 1331 1437 1372 Ex
1481 1330 1687 1372 Gentibus

122 1401 306 1454 quidam,
346 1402 575 1456 septimum
604 1403 798 1445 similiter
828 1404 939 1445 diem
968 1403 1202 1454 coluerunt,
1232 1403 1299 1444 vel
1326 1403 1467 1455 prisco
1499 1416 1589 1453 usu,
1619 1400 1688 1442 vel

119 1473 376 1516 judaeorum
422 1474 673 1527 imitatione,
716 1475 795 1527 vel,
837 1477 885 1516 ut
926 1474 1142 1516 Hesiod.
1190 1475 1226 1515 2.
1270 1473 1459 1525 Dieruni,
1503 1472 1685 1524 Linus,

120 1545 222 1587 item
263 1545 482 1598 Joseph.
524 1548 560 1587 2.
600 1548 711 1587 cont.
751 1546 865 1599 App.
897 1546 1143 1587 Clemens
1174 1545 1432 1586 Alexand.
1464 1546 1500 1586 5.
1532 1544 1688 1586 Strom.

121 1616 309 1658 Euseb.
354 1616 418 1658 De
461 1616 662 1670 Praepar.
704 1617 868 1671 Evang.
912 1617 1116 1670 Lampr.
1154 1616 1198 1658 in
1235 1616 1478 1658 Alexandro
1521 1614 1688 1666 Severo,

123 1687 250 1730 aliam
287 1687 397 1729 forte
437 1688 490 1729 ob
530 1703 712 1741 causam,
754 1688 915 1730 scilicet
945 1689 997 1730 ob
1029 1690 1192 1741 septeni
1221 1687 1495 1729 Planetarum
1524 1686 1690 1728 revolu-

122 1759 295 1801 tionem.
327 1759 414 1800 Alii
443 1762 601 1802 tamem
629 1775 801 1812 nonum,
833 1760 905 1802 alii
934 1760 1140 1802 decimum
1171 1774 1338 1801 sacrum
1366 1758 1619 1800 habuerunt.

176 1829 316 1892 XVII.
366 1830 528 1873 Fines
579 1846 706 1886 porro
761 1833 848 1884 ejus
901 1831 1044 1884 plures
1095 1833 1206 1882 sunt,
1254 1845 1302 1872 ac
1344 1829 1550 1883 distingui
1590 1843 1690 1882 pos-

124 1905 233 1955 sunt,
284 1905 331 1944 ut
382 1918 489 1944 unus
538 1903 592 1944 sit
634 1903 895 1954 universalis,
940 1903 1134 1957 specialis
1178 1903 1297 1944 alter.
1340 1900 1691 1944 Universalis

125 1974 307 2027 quidem,
338 1975 412 2026 qui
441 1974 721 2016 communiter
748 1977 888 2016 totum
917 1974 1151 2015 humanum
1175 1989 1309 2027 genus
1334 1975 1518 2027 spectat3
1544 1974 1692 2024 estque

124 2045 160 2086 is
198 2045 439 2098 primarius,
468 2060 621 2099 nempe
651 2048 763 2087 stato
793 2045 876 2087 hoc
902 2044 1078 2087 <Iudaeis
1107 2061 1131 2086 a
1159 2044 1251 2086 Deo
1282 2045 1360 2096 die,
1390 2044 1589 2086 memoria
1618 2043 1692 2084 ab·

126 2116 349 2158 solutionis
387 2117 546 2170 opificii
583 2116 676 2169 Dei,
706 2112 833 2170 atque
863 2117 915 2158 ab
947 2132 995 2158 eo
1025 2116 1240 2169 requietiS,
1271 2130 1344 2157 seu
1372 2114 1453 2156 Dei
1483 2129 1567 2166 qua
1596 2113 1693 2154 Cre-

126 2187 258 2230 atoris
287 2187 451 2241 agnitio
483 2190 524 2229 et
552 2188 774 2241 professio,
805 2187 906 2230 Gen.
937 2189 974 2240 2,
1003 2189 1039 2229 2.
1069 2187 1205 2229 Exod.
1236 2188 1299 2239 20,
1329 2188 1392 2228 10.
1417 2187 1461 2227 in
1488 2200 1572 2238 quo
1596 2184 1694 2225 fidei

127 2260 375 2303 exercitatio
418 2262 493 2311 est,
531 2259 662 2301 Hebr.
688 2260 750 2312 11,
777 2261 813 2302 3.
843 2260 987 2312 Atque
1015 2259 1098 2301 hoc
1125 2259 1208 2300 fine
1239 2261 1426 2300 cessatur
1454 2273 1478 2299 a
1506 2256 1693 2310 propriis

127 2332 339 2386 operibus,
368 2333 416 2372 ut
448 2331 601 2372 divinis
629 2332 752 2373 tanto
782 2331 932 2373 melius
960 2345 1110 2373 vacare
1139 2330 1277 2372 liceat.

180 2402 341 2445 XVIII.
369 2402 627 2455 Assignatur
657 2405 698 2444 et
727 2402 1004 2444 Politicus
1032 2402 1140 2454 finis,
1172 2400 1424 2443 refocillatio
1456 2414 1528 2441 seu
1558 2412 1694 2440 recre-

130 2474 216 2516 atio
255 2473 446 2527 corporis
485 2489 509 2514 a
546 2473 784 2526 laboribus3
824 2474 953 2515 etiam
992 2474 1081 2526 ejus
1118 2473 1191 2525 qui
1220 2472 1297 2514 sub
1327 2471 1500 2513 alterius
1530 2472 1593 2511 est
1621 2483 1695 2522 po-

128 2548 298 2598 testate,
328 2545 437 2587 servi
464 2545 738 2598 ancillaeque,
767 2545 854 2587 imo
885 2548 926 2587 et
951 2546 1255 2598 jumentorum,
1285 2543 1419 2585 Exod.
1449 2543 1512 2593 23,
1538 2542 1601 2583 12.
1629 2541 1696 2582 Et

130 2618 372 2671 respiret
410 2616 573 2657 filius
606 2616 843 2658 ancillae
872 2618 1010 2658 tuae.
1040 2615 1167 2657 Deut.
1197 2616 1234 2666 5,
1266 2615 1327 2655 14.
1358 2613 1428 2655 Ut
1456 2612 1696 2665 requies-

133 2691 217 2730 cat
246 2703 435 2731 servus
464 2690 589 2730 tuus
619 2690 670 2729 et
699 2688 902 2730 ancilla
930 2691 1022 2730 tua
1046 2688 1189 2729 sicut
1215 2688 1265 2727 et
1289 2688 1359 2727 tu.
1384 2683 1697 2726 Memineris

133 2761 272 2813 quod
301 2763 352 2803 et
382 2760 502 2814 ipse
533 2774 721 2801 servus
750 2759 920 2801 fueris
948 2759 1002 2800 in
1025 2758 1286 2811 Aegypto.
1313 2755 1495 2807 Scilicet,
1520 2770 1572 2797 ne
1598 2769 1696 2797 con-

131 2833 262 2874 tinuis
289 2831 507 2874 laboribus
534 2830 771 2883 fatigentur
800 2832 841 2871 et
872 2829 1160 2881 conficiantur,
1184 2828 1257 2869 sed
1282 2842 1427 2870 eorum
1450 2826 1697 2869 remissione

133 2904 242 2947 fessa
270 2905 460 2947 membra
488 2904 681 2945 leventur
711 2904 752 2944 et
778 2901 889 2943 vires
916 2900 1173 2943 reficiantur.
1200 2898 1301 2940 Non
1326 2898 1437 2940 enim
1462 2897 1578 2940 Deus
1602 2900 1697 2939 tan—

134 2978 227 3017 tum
268 2975 456 3028 Creator,
499 2974 571 3016 sed
613 2975 655 3015 et
699 2964 977 3015 Conservator
1014 2973 1077 3013 est
1106 2971 1406 3022 creaturarum,
1453 2968 1522 3011 Ps.
1559 2970 1623 3020 36,
1662 2968 1697 3010 7.
