1931 3224
210 173 286 213 190
789 170 1028 211 DISPUTATIO
1057 168 1171 210 XXI.

209 295 351 347 Atque
379 295 448 336 hic
475 295 570 336 finis
601 294 880 344 secundarius,
910 295 957 333 ut
987 292 1042 334 sit
1071 292 1176 339 alius
1207 306 1231 332 a
1260 291 1407 345 priori,
1433 292 1471 334 ei
1495 294 1640 334 tamen
1668 293 1767 334 sub-

210 366 427 407 ordinatur
457 368 498 407 et
527 366 579 407 ad
608 381 704 407 eum
731 365 923 415 refertur,
952 366 1173 416 tamquam
1207 364 1325 404 actus
1359 363 1532 415 quidam
1566 363 1766 415 caritatiS,

207 437 268 478 ita
295 439 343 478 ut
369 436 473 478 haec
499 436 674 478 refectio
704 436 830 477 etiam
860 434 911 475 ad
941 433 1021 476 Dei
1051 434 1210 475 cultum
1239 448 1317 475 suo
1343 434 1469 476 modo
1499 437 1674 488 spectet.

261 506 373 548 XIX.
412 506 682 560 Specialis
721 520 820 547 vero
860 507 934 556 est,
974 505 1047 557 qui
1084 504 1111 546 J
1114 505 1272 546 udaeos
1300 505 1586 558 peculiariter,
1615 521 1767 561 nempe

208 593 283 631 per
334 578 705 619 accessionem
749 577 961 628 quandam
1005 578 1183 629 spectat,
1227 591 1301 618 seu
1344 577 1684 619 accessorius
1727 581 1769 620 et

208 649 465 690 extrinsecus
497 649 714 690 accedens:
745 650 891 700 estque
922 648 1091 701 duplex.
1121 647 1289 689 Primus
1319 651 1382 690 est
1410 650 1616 691 memoria
1645 649 1768 692 educ-

206 721 335 762 tionis
360 736 409 762 ex
432 720 648 773 Aegypto,
674 719 800 761 Deut.
831 720 867 770 5,
894 720 955 761 15.
981 719 1046 760 Et
1070 720 1383 761 memineris
1411 721 1554 773 quod
1579 736 1767 763 servus

206 791 367 833 fuisti
397 792 448 832 in
476 794 625 832 terra
651 791 916 844 Aegypti,
947 793 996 832 et
1026 791 1215 832 eduxit
1243 794 1296 833 te
1325 791 1467 833 Deus
1495 794 1618 834 tuus
1646 793 1767 834 inde

206 878 358 903 manu
394 862 574 903 valida
614 864 664 903 et
701 862 931 904 brachio
971 865 1216 914 extento;
1246 862 1456 905 idcirco
1486 865 1768 918 praecepit

205 934 310 974 tibi
346 932 606 974 Dominus
644 933 784 974 Deus
822 936 947 974 tuus
984 936 1041 975 ut
1078 934 1288 976 faceres
1319 934 1457 976 diem
1487 933 1766 977 Sabbathi.

205 1004 348 1056 Atque
389 1005 450 1046 ita
492 1004 759 1046 Sabbathum
802 1005 972 1058 signum
1012 1006 1216 1058 requietis
1258 1007 1303 1047 in
1344 1009 1457 1048 terra
1498 1005 1680 1060 Canaan,
1724 1007 1768 1048 in

207 1090 334 1127 quam
362 1076 528 1118 induxit
556 1076 655 1118 illos
683 1076 828 1129 Josua,
858 1077 966 1119 Heb.
998 1078 1034 1127 4,
1063 1078 1099 1119 8.

258 1146 349 1188 ΧΧ.
385 1147 509 1189 Alter
546 1147 680 1189 finis
719 1148 954 1200 sublimior,
994 1149 1317 1202 spiritualis
1347 1149 1520 1201 scilicet,
1553 1153 1768 1192 aeternam

205 1217 389 1258 hominis
440 1218 620 1260 salutem
672 1222 879 1274 spectans,
930 1219 1219 1262 Israelitarum
1265 1235 1419 1274 nempe
1466 1221 1767 1274 sanctificati03

207 1289 278 1341 qui
318 1289 487 1342 quidem
525 1291 815 1333 ceremonialis
855 1294 896 1333 et
934 1293 1263 1344 sacramentalis,
1302 1293 1389 1334 imo
1420 1295 1462 1334 et
1490 1294 1662 1347 typicus
1691 1297 1767 1336 est.

205 1359 299 1402 Hoc
329 1362 439 1402 enim
468 1362 590 1414 signo
622 1363 855 1415 corporalis
887 1363 1041 1416 quietis
1071 1365 1112 1405 et
1139 1364 1216 1405 01311
1240 1366 1446 1406 testatum
1469 1364 1608 1407 facere
1631 1365 1768 1407 voluit

205 1431 332 1482 Deus,
376 1447 418 1473 se
460 1432 650 1485 ipsorum
695 1448 785 1475 esse
823 1433 963 1475 Deum
1005 1437 1046 1475 et
1086 1434 1463 1487 sanctificatorem;
1503 1436 1767 1490 segregando

204 1502 300 1544 illos
337 1505 429 1544 tum
468 1507 638 1546 externe
677 1519 700 1546 a
737 1505 911 1557 reliquis
948 1505 1133 1558 populis,
1173 1508 1265 1546 tum
1294 1506 1460 1548 interne
1490 1507 1543 1548 ab
1573 1507 1768 1549 omnibus

204 1575 402 1628 peccatis.
427 1575 578 1618 XExod.
622 1577 686 1627 31,
731 1577 793 1617 13.
838 1576 900 1617 17.
940 1575 1222 1618 Sabbatha
1260 1593 1371 1619 mea
1409 1579 1765 1630 custodietiS,

206 1646 330 1698 quia
368 1646 580 1700 signum
618 1650 696 1689 est
732 1648 878 1690 inter
917 1663 993 1690 me
1024 1651 1073 1690 et
1106 1663 1199 1690 Vos
1227 1649 1280 1690 in
1310 1650 1766 1702 generationibus

203 1718 425 1770 vestris,
463 1721 519 1760 ut
557 1720 753 1761 sciatis
791 1720 931 1772 quod
969 1735 1067 1773 ego
1104 1719 1365 1763 Dominus
1404 1722 1767 1764 sanctificans

204 1803 319 1840 vos;
364 1803 422 1831 ac
463 1790 762 1832 servabitis
805 1790 1164 1844 Sabbathum,
1209 1793 1336 1845 quia
1375 1794 1650 1835 sanctitas
1690 1795 1770 1835 est

204 1861 382 1913 vobis3
421 1862 494 1903 ubi
532 1865 574 1904 et
601 1862 749 1904 foedus
788 1863 917 1905 seculi
955 1866 1144 1916 vocatur,
1175 1864 1237 1905 16.
1268 1863 1434 1906 Similia
1463 1867 1562 1906 sunt
1590 1865 1636 1906 in
1663 1864 1770 1907 Eze-

205 1931 351 1982 chiele,
378 1947 467 1985 cap.
493 1933 556 1983 20,
581 1934 643 1974 12.
674 1934 735 1975 20.
766 1936 821 1975 ut
851 1935 1056 1986 sciatis,
1089 1935 1215 1988 quia
1244 1950 1342 1988 ego
1373 1950 1482 1976 sum
1509 1935 1770 1977 Dominus

205 2001 346 2044 Deus
384 2006 584 2056 vester,
623 2019 670 2046 ac
701 2006 880 2058 proinde
908 2006 1083 2060 publica
1111 2006 1195 2048 illis
1224 2006 1432 2060 professio
1461 2008 1595 2049 totius
1624 2007 1770 2061 religi-

205 2074 343 2126 gionis
380 2074 473 2115 fuit.
511 2074 716 2128 Adeoque
754 2076 972 2118 Christum
1007 2078 1181 2130 ejusque
1219 2078 1422 2120 beneficia
1463 2079 1671 2132 designat,
1707 2078 1770 2119 ita

203 2148 251 2186 ut
286 2148 537 2200 perpetuum
576 2150 617 2188 et
655 2147 920 2202 spiritualem
950 2148 1310 2200 Sabbathismum,
1343 2152 1384 2191 et
1414 2150 1638 2191 coelestem
1669 2165 1769 2192 con-

204 2219 448 2269 sequentem
485 2217 804 2271 perfectumque
841 2219 1009 2273 figuret,
1042 2219 1155 2272 quod
1180 2219 1324 2262 fideles
1352 2236 1377 2262 a
1407 2221 1594 2275 propriis
1623 2221 1769 2263 malis-

205 2301 285 2340 que
323 2288 521 2341 operibus
559 2289 772 2342 feriantes,
812 2288 950 2331 Deum
988 2289 1059 2331 hic
1095 2290 1139 2331 in
1177 2305 1221 2332 se
1261 2292 1431 2345 operari
1467 2292 1619 2344 sinant,
1650 2293 1768 2346 cujus

204 2359 509 2401 consummatio
567 2360 610 2401 in
662 2361 796 2403 altera
836 2361 925 2403 vita
972 2360 1118 2403 futura
1166 2365 1241 2415 est,
1286 2363 1356 2405 Es.
1405 2364 1469 2416 66,
1517 2365 1579 2406 23.
1635 2363 1766 2406 Hebr.

201 2428 238 2481 4,
265 2429 301 2470 3.
323 2430 360 2471 9.

258 2499 371 2542 XXI.
404 2501 469 2542 Ex
507 2502 661 2544 horum
699 2506 842 2559 autem
878 2503 1026 2545 finium
1057 2505 1396 2548 consideratione
1425 2508 1603 2558 constat,
1634 2520 1767 2559 quan-

204 2573 296 2612 tum
339 2574 380 2613 et
422 2572 546 2624 quale
588 2564 669 2615 hoc
711 2573 978 2616 Sabbathum
1021 2576 1089 2627 sit,
1128 2578 1175 2617 ut
1215 2577 1327 2629 quod
1363 2592 1448 2619 non
1486 2593 1564 2619 usu
1600 2579 1767 2619 tantum

205 2643 513 2685 sanctificatum
552 2647 593 2686 et
631 2647 836 2697 sanctum,
868 2648 1075 2698 quatenus
1103 2646 1206 2688 facit
1235 2647 1288 2689 ad
1318 2648 1665 2690 exercitationem
1695 2663 1766 2690 ex-

204 2714 380 2765 ternam,
419 2715 490 2756 sed
530 2717 571 2756 et
606 2717 835 2758 saramenti
873 2716 1052 2769 ratione,
1092 2733 1175 2771 qua
1212 2720 1541 2773 promissionem
1571 2722 1613 2761 et
1643 2719 1765 2761 effec-

206 2785 297 2824 tum
334 2786 679 2829 sanctificationis
709 2788 903 2830 fidelibus
932 2789 1176 2842 adjunctum
1205 2790 1356 2832 habuit
1387 2793 1428 2833 et
1457 2790 1612 2832 attulit.
1641 2789 1765 2833 Unde

207 2853 333 2895 etiam
376 2856 563 2899 videmus
605 2859 649 2900 in
687 2859 909 2913 Scriptura
948 2859 1076 2902 Sacra
1113 2863 1253 2903 totum
1291 2862 1480 2903 divinum
1515 2861 1677 2903 cultum
1715 2875 1764 2903 eo

206 2926 517 2979 comprehendi.
559 2928 702 2981 Atque
744 2930 837 2971 ideo
880 2930 984 2972 haec
1027 2930 1113 2972 Lex
1154 2933 1242 2973 tam
1284 2947 1411 2985 saepe
1451 2931 1496 2972 in
1533 2931 1766 2985 Scripturis

203 2997 424 3050 repetitur,
454 2998 678 3052 diligenter
705 3000 954 3053 inculcatur,
985 3002 1172 3054 graviter
1195 3005 1384 3056 urgetur,
1411 3003 1651 3046 obedientia
1676 3004 1766 3057 ejus
