1931 3224
662 108 727 150 ΒΕ
757 107 916 150 0111010
945 106 1120 149 Cumsrr.
1591 105 1667 146 251

163 233 280 277 VIII.
310 233 763 276 Convenientissimum
793 246 961 286 quoque
987 230 1233 284 sapientiae,
1259 229 1442 281 veritati,
1463 229 1668 282 justitiae,

110 306 422 348 misericordiae
460 320 508 347 ac
544 305 763 358 potentiae
800 318 898 345 suae
938 302 1197 356 conjunctim
1234 302 1356 343 nobis
1395 302 1670 344 declarandae

106 377 326 430 judicavit,
364 376 400 417 si
437 376 481 417 in
509 375 618 418 Filio
649 390 724 417 suo
753 376 798 417 in
827 374 977 425 forma,
1008 373 1216 416 consimili
1245 374 1362 415 carni
1387 375 1562 426 peccato
1594 372 1670 414 ob-

109 448 274 499 noxiae,
313 447 365 488 ad
401 461 478 488 nos
514 446 652 500 misso,
690 449 836 489 nostra
873 448 1047 500 peccata
1080 447 1204 499 juxta
1231 445 1338 497 legis
1367 459 1465 486 suae
1494 443 1671 485 commi-

109 521 327 562 nationem
358 519 607 561 exsecrabili
635 521 771 560 morte
802 518 942 571 digna,
972 517 1031 558 sic
1058 517 1275 570 plecteret,
1306 517 1354 556 ut
1384 530 1432 556 ea
1463 515 1588 556 simul
1617 515 1670 556 ad

109 591 245 633 nostri
282 591 618 643 redemptionem
654 590 846 642 jurisque
885 588 950 629 sui
986 587 1280 641 impletionem
1308 586 1353 627 in
1382 601 1506 628 carne
1534 586 1669 639 ipsius

110 663 422 713 condemnaret,
462 676 510 702 ac
537 674 711 713 prorsus
742 659 941 711 aboleret,
973 657 1075 700 Gen.
1105 659 1141 710 2,
1172 658 1235 700 17.
1266 656 1356 699 Gal.
1385 657 1422 708 3,
1454 657 1516 698 10.
1546 656 1670 698 Rom.

108 735 148 785 3,
177 734 241 775 25.
271 735 313 775 et
342 733 378 785 8,
410 733 447 773 3.
476 732 514 773 4.

162 803 236 846 IX.
280 804 349 846 Ad
391 804 694 857 quaestionem,
734 804 813 845 An
852 803 963 845 Deo
1002 803 1144 845 alius
1180 803 1364 844 modus
1403 802 1669 855 defuerit,

110 891 211 929 quo
250 890 344 917 nos
375 891 398 917 a
425 875 648 917 miseria
677 875 1050 917 mortalitatis
1079 874 1241 927 hujus
1273 874 1576 915 liberaret?
1611 873 1671 914 sic

108 946 448 1000 respondendum
479 949 605 999 putat
633 946 999 999 Augustinus,
1029 945 1249 987 Sanandae
1279 947 1449 985 nostrae
1476 945 1670 986 miseriae

108 1018 282 1059 modum
310 1017 476 1059 divinae
507 1017 708 1070 dignitati
738 1017 1124 1058 convenientiorem
1153 1016 1295 1067 alium,
1326 1031 1453 1068 quam
1483 1031 1558 1069 per
1582 1031 1671 1057 me-

109 1089 316 1131 diatorem
345 1088 427 1130 Dei
455 1090 496 1130 et
525 1088 747 1130 hominum
775 1088 921 1130 Jesum
951 1087 1179 1139 Christum,
1203 1102 1289 1129 non
1312 1087 1454 1139 fuisse,
1480 1101 1556 1129 nec
1581 1102 1670 1129 esse

109 1160 371 1214 oportuisse3
400 1159 572 1201 tametsi
599 1159 703 1211 Deo,
732 1160 767 1200 si
794 1160 929 1212 ipsius
956 1159 1181 1210 infinitam,
1207 1159 1415 1212 nobisque
1438 1158 1671 1212 inexplica-

107 1232 237 1273 bilem
278 1230 532 1284 sapientiam
575 1233 703 1283 atque
745 1231 987 1272 absolutam
1028 1231 1267 1284 potentiam
1311 1233 1561 1284 spectemUS,
1604 1230 1670 1272 cui

109 1305 260 1345 cuncta
287 1302 522 1355 aequaliter
551 1302 783 1355 subjacent,
815 1302 921 1344 alius
950 1303 1100 1344 modus
1124 1302 1340 1356 possibilis
1364 1317 1451 1345 non
1476 1302 1668 1356 defuerit,

111 1374 218 1416 Lib.
249 1375 308 1416 de
338 1373 617 1415 Trinitate
647 1374 709 1415 13.
740 1388 830 1427 cap.
863 1374 925 1415 10,

159 1444 210 1487 X.
242 1444 338 1487 Etsi
365 1444 470 1486 haec
497 1444 568 1497 pia
597 1446 639 1486 et
669 1444 856 1497 prudens
884 1445 940 1486 sit
968 1444 1202 1498 Augustini
1230 1446 1464 1499 responsio,
1489 1446 1669 1501 ideoque

112 1532 136 1558 a
181 1515 395 1557 nonnullis
436 1515 669 1569 Theologis
714 1516 964 1558 orthodoxis
1008 1517 1281 1570 approbetur,
1325 1518 1486 1559 nullam
1525 1521 1670 1561 tamen

108 1601 279 1629 causam
307 1587 442 1639 video,
472 1601 546 1628 cur
572 1602 650 1629 nos
677 1587 722 1628 in
751 1588 1000 1640 quaestione
1029 1588 1102 1629 illa
1128 1589 1347 1630 enodanda
1371 1589 1493 1630 anxie
1516 1589 1670 1642 fatige-

107 1672 213 1710 mus,
252 1673 346 1700 cum
382 1658 555 1700 unicum
590 1658 711 1700 illum
747 1673 825 1700 nos
863 1674 940 1712 per
977 1658 1193 1700 Christum
1221 1660 1455 1701 redimendi
1484 1661 1669 1713 modum,

107 1733 279 1772 aeterno
317 1733 446 1783 atque
482 1730 659 1772 immoto
697 1730 778 1772 Dei
817 1731 984 1772 decreto
1013 1730 1310 1772 tantummodo
1342 1731 1671 1774 determinatum

108 1816 209 1853 esse,
240 1816 382 1859 sacrae
410 1802 558 1844 literae
587 1802 745 1855 passim
777 1804 1046 1845 attestentur.

160 1872 234 1915 XI.
264 1873 325 1916 Ut
354 1888 456 1927 ergo
487 1875 780 1927 quaestionem
809 1874 927 1916 illam
955 1874 1141 1916 breviter
1165 1873 1515 1928 perstringamus,
1543 1874 1671 1917 aliimi

108 1946 278 1997 praeter
307 1959 403 1985 eum
434 1958 559 1997 quem
588 1959 638 1986 ex
666 1943 810 1987 Verbo
840 1944 921 1987 Dei
950 1961 1078 1999 supra
1102 1946 1496 1999 demonstravimus,
1522 1947 1670 1989 salutis

106 2016 278 2056 nostrae
315 2016 606 2068 procurandae
645 2016 831 2068 modum,
861 2032 939 2059 nec
968 2017 1056 2059 sine
1086 2018 1328 2060 temeritate
1356 2018 1564 2072 indagari,
1594 2033 1672 2061 nec

108 2086 198 2127 sine
235 2085 457 2140 impietate
497 2087 732 2140 excogitari
762 2104 886 2142 posse
914 2091 1230 2143 respondemus.
1262 2089 1399 2139 Quam
1427 2105 1527 2132 vero
1557 2090 1671 2144 peri-

109 2158 252 2199 culosa
288 2159 343 2200 sit
382 2159 643 2211 quaestionis
680 2160 794 2202 illius
833 2161 934 2202 olim
971 2161 1285 2215 Augustino
1324 2162 1584 2215 propositae,
1624 2176 1672 2203 ac

107 2244 219 2271 nunc
247 2229 415 2271 silentio
444 2230 588 2283 potius
617 2232 1035 2285 praetermittendae,
1068 2248 1193 2286 quam
1223 2233 1522 2287 intempestive
1550 2248 1671 2275 revo-

109 2300 277 2352 candae,
314 2300 358 2341 in
391 2303 617 2354 utramque
646 2305 813 2355 partem
842 2303 1047 2356 velitatio,
1078 2305 1145 2346 vel
1175 2319 1226 2346 ex
1255 2305 1487 2347 novissimo
1517 2305 1617 2347 Sch
1630 2320 1671 2346 o-

108 2370 432 2413 lasticorum
470 2373 663 2426 exemplo
704 2374 919 2417 aestimari
957 2378 1112 2429 potest,
1154 2376 1227 2429 qui
1256 2377 1306 2418 de
1336 2391 1384 2418 ea
1412 2376 1671 2429 Peripateti-

110 2457 256 2484 corum
305 2457 423 2484 more
474 2443 586 2485 inter
629 2458 672 2486 se
718 2445 1005 2498 dissertantes,
1049 2447 1142 2488 aliis
1185 2447 1456 2489 mediationis
1500 2446 1670 2489 Christo

108 2514 352 2567 assignatae
388 2515 614 2557 veritatem
650 2531 699 2558 ac
735 2518 1031 2560 necessitatem
1068 2518 1113 2560 in
1152 2518 1327 2560 dubium
1355 2518 1546 2570 vocandi,
1577 2517 1670 2560 aliis

107 2585 292 2638 negandi
321 2599 490 2627 causam
518 2586 819 2639 praebuerunt.

161 2656 255 2699 XII.
280 2656 447 2699 Horum
473 2657 748 2711 Coryphaeus
772 2662 834 2701 est
857 2660 1013 2714 impius
1037 2661 1107 2703 ille
1131 2664 1172 2703 et
1195 2660 1404 2702 infaustus
1428 2660 1628 2704 Socinu
1638 2676 1670 2715 s,

109 2727 183 2780 qui
211 2727 350 2770 Deum
379 2728 538 2781 absque
570 2729 646 2770 tali
675 2729 976 2773 satisfactionis
1005 2732 1145 2783 modo,
1177 2732 1345 2784 qualem
1374 2731 1503 2774 Sacra
1527 2732 1671 2787 Scrip-

107 2800 205 2839 tura
245 2799 471 2841 mediatori
509 2802 657 2842 nostro
687 2800 790 2843 Jesu
820 2801 988 2844 Christo
1018 2802 1203 2855 ascribit,
1235 2817 1322 2844 non
1348 2805 1517 2845 tantum
1544 2819 1668 2858 posse

109 2872 283 2921 peccata
319 2871 442 2912 nobis
480 2871 709 2924 remittere,
750 2873 822 2914 sed
861 2873 989 2914 etiam
1028 2873 1191 2924 debere,
1231 2872 1313 2915 hoc
1351 2876 1498 2917 nostro
1529 2876 1668 2918 seculo

110 2940 317 2983 sustinere
354 2956 440 2985 non
480 2942 703 2984 dubitavit.
733 2942 958 2996 Duplicem
988 2943 1100 2985 enim
1129 2944 1426 2987 necessitatem
1454 2946 1670 3000 hypothe-
