1931 3224
397 152 462 196 DE
489 151 641 194 Missa
671 151 890 194 SACRIFICIO
919 166 1084 199 EJUSQUE
1113 165 1310 193 ABUSIBus.
1551 148 1626 189 531

68 281 167 320 tus
207 277 361 320 Sicut
401 277 538 320 enim
576 276 730 320 cibus
768 276 1078 319 materialis
1117 275 1424 317 forinsecus
1453 271 1632 314 nutrit

71 364 268 403 corpus
306 351 355 391 et
394 351 641 403 vegetat,
670 349 750 391 ita
779 348 944 391 etiam
972 348 1194 390 verbum
1221 345 1321 388 Dei
1349 344 1499 386 intus
1529 343 1636 385 ani-

70 435 201 462 mam
244 420 423 462 nutrit
466 422 515 461 et
556 420 803 461 roborat.
846 419 904 461 Et
946 433 1059 471 mox,
1103 417 1511 460 Sacramentum
1548 427 1638 455 ore

71 491 407 545 percipitur,
446 491 656 532 virtute
685 490 1029 533 Sacramenti
1057 488 1296 530 interior
1323 487 1481 529 homo
1510 484 1639 526 sati-

72 565 215 605 atur:
257 561 668 604 Sacramentum
711 562 755 603 in
786 562 1035 604 alimentum
1065 559 1256 614 corporis
1285 557 1505 611 redigitur,
1532 555 1634 598 vir-

71 636 190 676 tute
228 635 408 675 autem
436 632 778 675 Sacramenti
808 635 1067 675 aeternae
1096 631 1250 673 vitae
1280 628 1528 683 dignitas
1559 626 1641 669 ad-

72 705 360 760 ipiscitur,
401 706 479 746 etc.
519 703 674 747 Sicut
704 719 831 758 ergo
861 704 912 745 in
941 718 1037 746 nos
1065 703 1118 745 id
1148 701 1500 745 convertitur
1529 713 1641 741 cum

73 775 124 817 id
167 776 548 818 manducamus
593 778 643 816 et
684 774 947 827 bibimus,
991 775 1068 816 sic
1111 777 1162 816 et
1202 788 1297 815 nos
1334 773 1387 813 in
1424 769 1642 812 Christi

76 862 279 901 corpus
308 848 682 889 convertimur
707 847 825 888 dum
850 847 1173 889 obedienter
1197 848 1248 887 et
1272 845 1359 899 pie
1383 843 1639 890 vivimus,

77 921 155 960 etc.
198 918 341 972 Ergo
385 918 510 971 quia
548 919 705 972 panis
746 920 998 973 corporis
1037 933 1125 960 cor
1164 917 1475 967 confirmat,
1516 914 1641 955 ideo

75 989 173 1031 ille
213 1004 409 1043 corpus
448 989 659 1032 Christi
687 993 1057 1046 nuncupatur:
1088 989 1281 1032 Vinum
1312 990 1487 1030 autem
1518 985 1645 1039 quia

78 1062 397 1115 sanguinem
440 1065 702 1116 operatur
746 1063 798 1104 in
839 1077 1020 1115 carne,
1060 1061 1182 1103 ideo
1222 1061 1283 1102 ad
1323 1057 1644 1112 sanguinem

78 1131 290 1174 Christi
318 1132 577 1175 refertur.

445 1292 712 1335 Christianus
742 1291 1028 1335 Druthmarus
1058 1292 1102 1334 in
1130 1290 1286 1334 Matth.

134 1417 298 1460 Dedit
325 1417 589 1460 Dominus
619 1417 933 1471 Discipulis
963 1418 1076 1459 suis
1101 1417 1512 1461 Sacramentum
1537 1429 1647 1456 cor-

81 1490 234 1542 poris
264 1490 344 1531 sui
373 1491 426 1531 in
456 1490 839 1532 remissionem
867 1492 1244 1544 peccatorum,
1276 1490 1327 1530 et
1355 1488 1408 1529 in
1437 1501 1648 1530 conser-

80 1560 361 1603 vationem
400 1561 681 1612 caritatis,
712 1563 770 1602 ut
797 1575 1059 1603 memores
1089 1560 1243 1602 illius
1271 1558 1409 1600 facti
1439 1571 1649 1611 semper

81 1631 164 1673 hoc
201 1631 244 1674 in
277 1633 461 1686 figuram
490 1631 738 1674 facerent
767 1633 907 1685 quod
935 1646 1031 1686 pro
1063 1632 1139 1673 eis
1168 1632 1399 1674 daturus
1430 1631 1568 1681 erat,
1599 1630 1649 1670 et

0 1747 2 1750 y
82 1701 242 1756 hujus
286 1703 545 1745 caritatis
588 1717 692 1745 non
734 1703 1217 1745 obliviscerentur.
1262 1701 1355 1743 Hoc
1395 1703 1458 1743 est
1496 1713 1649 1753 corpus

11 1802 14 1803 ν
83 1788 237 1827 meum,
266 1774 316 1816 id
346 1777 451 1827 est,
480 1774 525 1816 in
554 1774 844 1827 Sacramento,
875 1777 967 1817 etc.

528 2110 1004 2159 DISPUTATIO
1045 2110 1216 2157 XLVI.

847 2220 893 2241 DE

200 2295 438 2362 Missae
489 2293 832 2382 Sacrificio,
887 2293 1155 2381 ejusque
1204 2293 1537 2360 abusibus.

380 2420 579 2463 Praeside
607 2420 659 2463 D.
689 2420 717 2463 J
721 2419 970 2463 OHANNE
1000 2417 1369 2462 POLYANDRO.

432 2511 708 2562 Respondente
738 2511 907 2551 JOSUA
936 2524 958 2550 a
987 2510 1317 2551 SONNEVELT.

754 2616 943 2659 THESIS
968 2616 1001 2659 I.

249 2721 431 2750 ONTIFIOII
474 2707 566 2748 loco
611 2706 775 2748 Coenae
816 2705 886 2747 ab>
911 2705 1005 2759 ipso
1049 2704 1219 2747 Christo
1256 2705 1492 2757 institutae,
1532 2705 1656 2747 nobis

248 2779 424 2821 Missam
467 2777 711 2820 obtrudunt.
755 2777 963 2827 Quocirca
1005 2776 1112 2818 sicut
1155 2777 1272 2818 illam
1309 2778 1387 2818 Au
1400 2777 1657 2831 gustinus

93 2850 147 2892 in
183 2849 211 2892 J
221 2865 244 2892 0
257 2850 370 2892 han.
409 2849 586 2892 Tract.
615 2849 687 2890 26.
717 2848 1039 2891 Sacramentum
1066 2847 1252 2902 pietatis,
1283 2848 1452 2902 signum
1479 2848 1658 2891 unitatis

4 2933 13 2969 ἶ
96 2935 144 2963 ac
180 2921 396 2963 vinculum
435 2920 625 2963 caritatis
663 2921 778 2961 recte
806 2921 1036 2973 nuncupat,
1066 2919 1125 2960 sic
1152 2919 1257 2961 haec
1285 2934 1309 2960 a
1339 2918 1553 2961 contrario
1582 2919 1658 2962 Sa-

0 3006 16 3023 2
99 2994 361 3035 aramentum
397 2991 645 3045 impietatis,
682 2990 852 3044 signum
878 2990 1148 3044 Apostasiae,
1178 3005 1227 3032 ac
1253 2989 1471 3032 vinculum
1499 2989 1660 3031 dissen-
