1931 3224
543 107 606 150 DE
636 108 819 150 PERSONA
847 107 995 150 PATRIS
1023 123 1070 150 ET
1101 109 1218 150 Fan.
1615 110 1666 151 67

107 227 297 273 Jehovae
327 245 374 273 ac
405 230 594 284 Spiritus
626 231 829 282 Jehovae,
859 231 1007 274 Genes.
1036 233 1101 284 48,
1126 233 1190 274 16.
1213 233 1348 275 Exod.
1376 234 1437 285 14,
1465 234 1514 275 19
1539 236 1581 275 et
1604 233 1668 276 23.

108 301 177 343 Ps.
206 303 243 344 2.
273 301 399 343 Prov.
428 302 465 343 8.
496 302 610 344 Esai.
640 303 704 354 63,
733 304 770 344 9.
800 303 912 357 Agg.
942 305 979 355 2,
1007 305 1044 356 6,
1075 304 1111 345 8.
1142 306 1218 345 etc.

51 381 56 385 '
167 371 316 414 XLIX.
344 371 459 414 Novi
488 373 752 415 Testamenti
779 374 1025 416 testimonia
1053 374 1139 427 legi
1166 378 1356 427 possunt,
1386 375 1509 417 Matt.
1537 378 1575 427 3,
1607 377 1669 419 16.

111 443 174 486 17.
205 446 247 486 et
275 444 339 496 28,
370 445 431 486 19.
462 444 562 486 Joh.
591 446 654 497 14,
686 445 748 486 16.
792 447 833 487 et
862 445 924 497 15,
955 446 1020 487 26.
1049 447 1073 487 2
1103 445 1277 497 Cor.13,
1307 446 1369 487 13.
1400 447 1421 487 1
1453 446 1539 487 Joh
1567 447 1604 498 5,
1631 447 1669 488 7.

108 514 244 568 Apoc.
275 515 310 567 1,
339 515 377 557 4.
408 516 445 557 5.
477 518 519 557 et
549 516 703 558 similia
732 531 859 569 quam
882 516 1064 570 plurima
1088 515 1330 558 Christiano
1355 531 1404 558 ac
1426 517 1498 570 pio
1523 517 1671 559 lectori

107 601 194 628 non
221 586 382 640 ignota.

160 657 205 699 L.
252 658 319 700 Ex
357 659 646 712 superioribus
687 659 992 701 assertionibus
1027 661 1157 702 verbo
1196 659 1338 701 divino
1378 660 1670 701 consentaneis

108 729 313 782 sequitur,
339 730 490 772 falsam
514 745 563 773 ac
586 730 880 784 blasphemam
904 745 992 773 esse
1019 731 1207 773 omnium
1232 746 1325 772 cum
1350 733 1554 781 veterum,
1577 732 1670 771 tum

108 801 394 842 recentiorum
436 800 868 852 Antitrinitariorum,
907 815 955 843 ac
990 800 1117 844 hodie
1148 802 1473 844 Socinianorum
1504 804 1671 844 senten-

107 870 226 923 tiam,
260 887 344 925 qua
370 874 577 924 statuunt,
600 887 728 914 unam
751 875 922 914 tantum
947 887 1035 915 esse
1058 888 1285 927 personam
1310 873 1508 925 divinam,
1532 873 1671 914 Deum

105 957 272 997 nempe,
301 943 475 986 Patrem
502 943 678 986 Domini
703 944 841 986 nostri
869 943 974 986 Jesu
1002 944 1181 994 Christi3
1211 945 1264 986 ad
1291 944 1418 997 hujus
1447 944 1670 986 confirma-

106 1014 268 1061 tionem
300 1014 524 1057 abutentes
549 1015 702 1057 Sacrae
726 1015 972 1068 Scripturae
995 1016 1250 1057 testimoniis
1274 1031 1404 1069 prave
1427 1016 1669 1067 intellectis,

108 1088 158 1127 ut
192 1085 291 1127 Joh.
321 1086 385 1137 17,
414 1086 451 1127 3.
480 1087 501 1127 1
535 1085 628 1128 Cor.
658 1086 695 1138 8,
726 1087 763 1128 6.
792 1086 904 1140 Eph.
931 1088 969 1139 4,
999 1088 1037 1128 6.
1067 1089 1108 1128 et
1132 1087 1352 1139 similibus,
1379 1087 1532 1140 quibus
1557 1087 1671 1129 Deus

109 1157 182 1209 qui
220 1156 444 1199 invocatur
480 1172 505 1198 a
532 1156 810 1209 Christianis,
848 1172 872 1199 a
909 1157 1027 1198 falsis
1066 1172 1172 1210 quos
1201 1157 1346 1200 colunt
1372 1157 1559 1210 Ethnici,
1589 1160 1671 1200 hoc

109 1227 302 1280 epitheto
331 1231 460 1282 atque
490 1228 631 1282 elogio
660 1228 797 1270 tribus
824 1228 1017 1282 personis
1046 1228 1199 1270 divinis
1228 1229 1442 1270 communi
1470 1229 1671 1271 discerni-

106 1301 189 1351 tur,
230 1299 343 1352 quod
370 1300 407 1342 is
436 1300 492 1342 sit
520 1300 634 1342 solus
662 1314 786 1342 verus
814 1299 950 1350 Deus3
982 1314 1030 1341 ac
1059 1300 1238 1353 proinde
1266 1299 1410 1352 Pater,
1437 1315 1515 1342 nec
1545 1300 1668 1353 Filio,

108 1384 185 1412 nec
215 1370 397 1425 Spiritui
426 1370 596 1423 Sancto,
628 1371 700 1413 sed
727 1371 853 1413 idolis
883 1371 1092 1413 exclusive
1122 1371 1368 1424 opponitur.

566 1749 1041 1797 DISPUTATIO
1075 1748 1210 1795 VIII.

862 1875 908 1897 DE

302 1950 689 2018 Persona
746 1949 1039 2016 Patris
1100 1952 1180 2015 et
1237 1947 1468 2015 Filii.

454 2076 657 2118 Praeside
687 2075 739 2118 D.
768 2069 1033 2118 ANTONIO
1063 2074 1329 2117 WALAEO.

450 2167 727 2217 Respondente
758 2166 1002 2206 ANTONIO
1033 2165 1325 2205 SORIVERIO.

760 2271 948 2314 Tnnsm
986 2272 1018 2314 I.

263 2377 345 2404 UUM
375 2363 642 2405 antecedenti
671 2363 961 2417 disputatione
989 2363 1039 2405 de
1068 2362 1109 2406 S.
1138 2361 1295 2404 Sancto
1325 2361 1549 2404 Trinitatis
1578 2375 1670 2414 my-

264 2433 393 2475 sterio
423 2433 660 2487 generatim
689 2436 831 2476 actum
858 2433 1001 2490 fuerit,
1032 2433 1136 2476 ordo
1166 2448 1190 2475 a
1213 2433 1337 2475 nobis
1362 2434 1487 2474 antea
1510 2446 1669 2486 propo-

112 2504 220 2546 situs
258 2504 462 2557 postulat,
495 2506 543 2546 ut
572 2505 622 2547 de
652 2520 837 2558 persona
862 2504 1005 2547 Patris
1035 2507 1077 2546 et
1103 2503 1204 2546 Filii
1231 2503 1451 2557 sigillatim
1481 2516 1669 2555 agamus.

159 2574 215 2617 ΙΙ.
254 2574 432 2624 Quando
461 2575 644 2628 primam
671 2576 717 2617 in
746 2575 787 2618 S.
815 2575 973 2618 Sancta
1000 2574 1212 2617 Trinitate
1241 2588 1466 2628 personam
1493 2573 1667 2615 Patrem

110 2645 393 2699 nominamus,
430 2661 517 2689 non
555 2645 776 2689 referimus
814 2646 857 2688 id
894 2646 947 2688 ad
986 2649 1214 2698 creaturas,
1253 2659 1361 2698 quae
1399 2659 1450 2686 ex
1477 2643 1613 2686 nihilo
1645 2659 1669 2686 a

110 2715 203 2758 Deo
237 2717 471 2770 productae
501 2719 621 2768 sunt3
651 2732 729 2760 nec
756 2718 809 2760 ad
835 2717 990 2770 fideles,
1021 2718 1094 2770 qui
1124 2717 1206 2758 filii
1234 2715 1316 2758 Dei
1339 2715 1530 2769 adoptivi
1556 2718 1667 2768 sunt,

114 2802 296 2840 quorum
333 2790 531 2842 respectu
566 2789 611 2830 in
647 2788 877 2843 Scripturis
906 2788 1022 2831 Deus
1052 2788 1180 2830 etiam
1207 2787 1337 2829 Pater
1363 2801 1668 2840 nonnunquam

110 2861 308 2911 vocatur3
333 2860 406 2902 sed
428 2859 652 2902 referimus
675 2860 728 2901 ad
750 2859 907 2902 Filium
932 2859 1005 2913 qui
1031 2859 1084 2901 ab
1110 2860 1283 2900 aeterno
1308 2858 1361 2901 ab
1386 2872 1436 2901 eo
1461 2861 1524 2900 est
1548 2861 1667 2912 geni-

108 2932 190 2982 tus,
229 2932 272 2972 et
299 2945 447 2973 vocem
475 2930 618 2973 Patris
646 2931 920 2978 ὑποστικτικῶς
953 2945 1026 2973 seu
1054 2929 1338 2984 personaliter
1364 2944 1631 2983 usurpamus
