1931 3224
253 163 331 203 390
785 159 1028 200 DISPUTATIO
1059 156 1281 199 XXXVII.

253 301 404 328 narum
432 300 572 328 rerum
603 283 881 334 abundantia3
912 281 1068 334 quique
1099 296 1264 324 crucem
1294 297 1343 323 ex
1373 285 1474 325 voto
1498 286 1707 337 perpetuo
1734 284 1814 326 sibi

253 359 358 412 ipsis
395 359 546 410 sponte
582 356 821 408 imponunt,
861 355 902 394 et
938 353 1053 394 ultro
1084 353 1286 403 subeunt3
1319 368 1425 406 quae
1454 355 1598 396 tamen
1626 370 1713 397 non
1742 356 1815 397 ad-

254 428 478 478 sciscenda,
520 426 591 467 sed
636 441 659 466 a
701 424 793 466 Deo
836 423 1039 477 imposita
1076 423 1291 476 patienter
1327 423 1500 466 ferenda
1538 427 1649 478 erat3
1688 429 1815 479 atque

256 502 473 541 externam
510 497 620 539 hanc
655 495 736 538 Dei
773 495 1128 547 maledictionem,
1166 494 1292 537 Deut.
1331 496 1395 547 23,
1434 497 1496 538 22.
1530 512 1638 550 quae
1668 498 1816 552 depre-

256 570 399 621 canda,
449 571 491 610 et
539 568 678 621 quoad
715 568 804 620 ejus
842 567 933 609 fieri
970 569 1112 621 potest
1150 567 1401 619 effugienda,
1438 568 1482 609 in
1521 568 1816 612 benedictione

255 642 431 696 ponunt,
460 640 547 681 imo
577 639 621 680 111
650 639 811 692 pietate
841 641 882 680 et
913 638 1207 690 sanctimonia,
1235 638 1519 692 operibusque
1543 639 1817 693 perfectionis

256 715 297 754 et
333 711 632 766 perfectorum,
672 710 739 752 cui
778 712 820 751 et
858 710 1044 751 maxima
1071 710 1235 762 merita,
1267 710 1396 752 etiam
1426 712 1816 765 supererogationis

255 783 483 825 ascribunt.

307 854 421 897 XXI.
452 854 595 907 Atque
623 853 685 894 1111
716 852 886 906 quidem
916 853 960 894 in
989 853 1096 895 bene
1127 853 1363 895 constituta
1391 854 1628 908 Republica
1655 856 1818 898 ferendi

254 927 503 979 neutiquam
539 927 648 977 sunt,
688 923 780 966 Deo
820 924 1021 976 edicente,
1062 924 1127 966 Et
1156 925 1376 967 omnino
1403 926 1686 968 mendicus
1715 942 1819 969 non

256 999 363 1040 erit
402 998 550 1039 1111301·
587 1011 699 1045 vos,
739 1010 823 1048 quo
862 1010 949 1037 non
985 996 1112 1038 modo
1150 996 1218 1038 lex
1247 996 1297 1038 de
1328 996 1470 1038 officio
1502 999 1716 1051 cujusque,
1746 999 1820 1040 sed

257 1073 298 1113 et
334 1069 601 1112 mendicitati
639 1068 932 1121 quadantenus
971 1067 1167 1121 ponitur3
1201 1067 1315 1120 quod
1343 1067 1456 1109 idem
1483 1083 1652 1121 quoque
1679 1069 1820 1124 Impe-

257 1144 374 1183 rator
421 1139 625 1193 sequitur,
675 1138 827 1180 Codice
865 1138 915 1180 de
952 1138 1172 1180 Validis
1210 1139 1664 1182 mendicantibus.
1705 1141 1820 1190 Quos

257 1214 431 1266 insuper
470 1212 515 1253 in
552 1210 744 1253 Ecclesia
780 1209 982 1262 οέτοέκτως,
1020 1210 1366 1262 inordinate,
1395 1211 1439 1252 id
1468 1213 1544 1263 est,
1575 1214 1724 1254 contra
1754 1227 1821 1254 or-

260 1285 399 1326 dinem
442 1299 466 1325 a
508 1282 599 1324 Deo
642 1282 832 1335 positum
874 1296 917 1323 se
960 1284 1167 1335 gerentes,
1207 1281 1456 1324 nutriendos
1493 1283 1823 1336 tolerandosque

261 1372 350 1399 esse
386 1357 517 1409 negat
555 1353 801 1409 Apostolus,
838 1352 924 1394 imo
954 1352 1164 1394 notandos
1194 1352 1460 1406 praescribit,
1490 1355 1514 1394 2
1544 1353 1690 1396 Thess.
1720 1369 1753 1396 c.
1783 1355 1821 1397 3.

260 1446 284 1472 a
312 1445 349 1471 v.
379 1429 415 1470 6.
445 1428 498 1470 ad
526 1427 589 1468 13.

312 1498 449 1542 XXII.
487 1498 570 1540 Per
610 1498 866 1550 petentes
906 1510 1007 1549 ergo
1047 1495 1348 1548 intelliguntur
1385 1496 1429 1548 ii,
1461 1496 1535 1548 qui
1564 1497 1718 1539 merito
1749 1513 1823 1551 pe-

258 1575 370 1623 tunt,
408 1585 455 1612 ac
492 1569 742 1611 necessitate
779 1570 925 1622 petere
965 1570 1190 1623 coguntur,
1228 1567 1417 1620 adeoque
1447 1571 1546 1621 post
1572 1569 1824 1621 prudentem

259 1643 568 1698 inspectionem
606 1642 647 1682 et
685 1639 1035 1693 explorationem,
1074 1639 1194 1692 digni
1229 1639 1521 1681 misericordia
1560 1642 1601 1681 et
1639 1640 1823 1682 liberali-

259 1718 349 1758 tate
390 1714 614 1756 habentur.
653 1712 718 1754 Ac
754 1711 893 1765 primo
933 1711 1080 1753 ordine
1120 1712 1219 1752 sunt
1259 1710 1466 1753 Viduae
1506 1713 1555 1752 et
1591 1711 1823 1765 Pupilli,

260 1787 338 1829 Ex.
363 1787 426 1838 22,
453 1785 516 1827 22.
541 1786 577 1826 2.
602 1783 904 1837 Peregrini.
929 1782 1027 1824 Lev.
1053 1782 1115 1835 10,
1137 1782 1199 1824 18.
1224 1783 1262 1823 3.
1282 1781 1506 1824 Debiles
1533 1784 1582 1824 et
1605 1784 1826 1836 aegroti

260 1860 305 1901 in
344 1873 525 1912 quorum
564 1871 689 1899 censu
728 1858 827 1898 sunt
866 1855 1015 1907 claudi,
1054 1854 1182 1906 surdi,
1222 1854 1348 1906 caeci,
1387 1854 1508 1907 muti,
1546 1855 1718 1908 leprosi,
1749 1858 1826 1899 etc.

260 1930 384 1973 Matt.
424 1930 486 1981 25,
526 1929 589 1969 36.
626 1927 724 1969 Luc.
763 1928 826 1978 15,
870 1927 932 1968 13.
961 1926 997 1967 4.
1038 1925 1237 1967 Aetate
1273 1925 1512 1977 infirmi,
1551 1928 1600 1967 ut
1637 1926 1758 1980 pueri
1787 1929 1829 1968 et

261 2016 392 2053 seneS,
433 2001 453 2042 1
494 1999 601 2041 Tim.
642 2000 679 2041 5.
717 1999 753 2041 3.
796 1999 858 2040 16.
897 1998 934 2040 5.
974 1997 1056 2046 Qui
1094 1996 1268 2038 Variis
1308 1996 1527 2038 casibus
1556 1997 1708 2039 nulla
1738 2012 1829 2040 sua

263 2074 440 2127 culpa,
479 2074 528 2113 ut
565 2071 802 2125 naufragio,
834 2070 1039 2121 eluvione,
1069 2069 1277 2121 incendio,
1308 2068 1547 2120 latrocinio,
1575 2068 1828 2111 incursioni-

261 2146 340 2186 bus
370 2143 570 2195 hostium,
603 2144 678 2184 etc.
710 2142 763 2184 ad
792 2143 1090 2196 paupertatem
1118 2140 1277 2182 redacti
1309 2142 1427 2191 sunt3
1454 2140 1608 2193 quibus
1632 2141 1828 2195 adjungi-

262 2231 355 2258 mus
388 2215 648 2257 verecundos
692 2228 914 2268 pauperes,
942 2227 1028 2255 non
1058 2212 1260 2254 audentes
1290 2226 1407 2253 suam
1438 2213 1670 2265 egestatem
1697 2212 1828 2265 profi-

263 2288 356 2330 teri.
385 2286 580 2339 Denique
611 2285 684 2338 qui
713 2286 767 2327 ob
798 2284 1202 2326 confessionem
1230 2283 1526 2336 Evangelii
1554 2283 1828 2325 facultatibus

264 2359 349 2401 suis
389 2358 505 2400 exuti
536 2360 646 2410 sunt,
676 2357 807 2399 Hebr.
836 2357 899 2397 10.
930 2355 1035 2397 Cum
1065 2355 1218 2408 quibus
1249 2354 1545 2408 conjungimus
1574 2354 1828 2408 captivos

264 2431 317 2473 ab
348 2430 555 2482 hostibus,
585 2429 835 2484 praesertim
861 2427 1082 2481 religionis
1111 2426 1281 2469 Christi.
1310 2426 1377 2468 Ex
1398 2426 1466 2468 his
1490 2428 1632 2468 autem
1657 2426 1829 2479 quidam

267 2517 445 2558 corpore
475 2500 720 2553 imbecilles,
753 2499 826 2541 alii
857 2501 948 2541 arte
977 2499 1156 2552 parandi
1184 2498 1344 2540 Victum
1374 2497 1580 2550 destituti,
1611 2497 1683 2539 alii
1711 2497 1829 2539 deni-

267 2589 347 2627 que
392 2574 521 2615 etiam
563 2572 598 2614 si
640 2571 807 2624 quidvis
850 2572 993 2624 agant,
1036 2570 1117 2612 sibi
1153 2572 1297 2611 tamen
1335 2569 1436 2611 satis
1474 2569 1719 2622 prospicere
1756 2582 1829 2610 ne-

266 2647 447 2698 queunt;
503 2644 576 2697 qui
622 2643 799 2696 juvandi
842 2657 920 2696 pro
963 2642 1128 2684 ratione
1171 2643 1385 2695 cujusque,
1429 2640 1601 2694 quidam
1644 2639 1828 2692 omnino,

268 2716 441 2769 quidam
470 2730 521 2757 ex
548 2717 683 2769 parte,
714 2714 887 2768 quidam
915 2714 1096 2767 denique
1124 2714 1177 2756 ad
1204 2716 1373 2767 tempus
1401 2715 1580 2755 tantum.

319 2786 477 2829 XXIII.
516 2787 599 2828 Per
639 2801 843 2829 omnem
882 2800 982 2827 vero
1011 2787 1288 2839 petentem
1317 2784 1509 2837 intellige
1539 2797 1830 2836 quemcunque

267 2858 410 2910 talem,
449 2858 537 2900 sine
578 2858 832 2909 discrimine,
873 2857 959 2899 sive
997 2857 1051 2898 sit
1087 2856 1351 2911 peregrinus,
1390 2857 1463 2897 aut
1492 2854 1592 2897 civis
1623 2857 1663 2896 et
1693 2869 1829 2909 popu-

268 2929 381 2980 laris,
410 2930 571 2971 alienus
601 2930 667 2972 vel
696 2929 1044 2983 consanguineus,
1073 2928 1230 2970 amicus
1260 2930 1334 2970 aut
1360 2926 1568 2977 inimicus,
1596 2925 1732 2967 fidelis
1758 2927 1831 2967 aut

269 3000 462 3051 infidelis,
502 3000 625 3043 Matt.
665 3002 701 3053 5,
742 3001 804 3043 34.
836 3000 900 3042 44.
932 3003 973 3042 01
1001 2999 1101 3042 Luc.
1130 3000 1167 3052 6,
1197 3000 1259 3041 27,
1290 3000 1352 3041 32.
1380 2997 1430 3040 111
1459 3012 1621 3040 summa
1650 2997 1829 3050 proxi-
