1931 3224
752 297 1223 345 DISPUTATIO
1269 296 1380 342 XII.

1043 406 1089 427 DE

476 482 840 569 Angelis
905 480 1174 548 Bonis
1242 501 1331 546 ae
1393 480 1664 546 Malis.

636 627 834 669 Praeside
863 626 915 668 D.
944 624 1207 668 ANTONIO
1238 623 1502 668 WALAEO.

693 718 967 767 Respondente
996 717 1240 756 ADRIANO
1269 717 1443 770 HASIQ.

939 804 1127 847 Tnnsm
1164 804 1197 848 I.

446 908 800 942 UANDOQUIDEM
838 894 887 935 de
922 909 1062 936 rerum
1101 895 1289 936 omnium
1322 895 1536 937 creatione
1565 897 1608 936 et
1635 895 1844 948 guberna-

445 966 560 1007 tione
589 966 936 1019 praecedentibus
966 965 1158 1007 thesibus
1187 969 1251 1008 est
1280 968 1434 1018 actum,
1465 965 1656 1019 sequitur
1680 966 1770 1018 jam
1796 969 1844 1008 ut

292 1035 340 1076 de
393 1036 565 1089 speciali
617 1037 878 1089 quarundam
931 1039 1217 1078 creaturarum
1259 1039 1374 1078 statu
1416 1037 1614 1091 deinceps
1657 1051 1844 1091 agamus.

292 1106 399 1155 Quia
436 1122 534 1149 vero
564 1107 719 1161 Angeli
746 1109 856 1150 inter
884 1108 977 1149 illas
1008 1108 1262 1162 praecipuae
1291 1110 1399 1162 sunt,
1432 1109 1485 1150 ab
1512 1109 1564 1150 iis
1591 1109 1672 1151 hac
1701 1109 1844 1163 dispu-

289 1178 452 1219 tatione
481 1178 698 1220 exordium
726 1194 949 1220 sumemus.

342 1248 395 1290 Il.
423 1249 683 1303 Angelorum
713 1265 865 1293 nomen
895 1250 1047 1293 Sacrae
1071 1250 1317 1305 Scripturae
1341 1251 1554 1305 peculiare
1584 1252 1718 1305 (quod
1745 1267 1845 1306 pro-

289 1319 377 1361 fani
415 1321 641 1374 scriptores
680 1321 828 1364 Graeci
858 1338 934 1376 per
961 1338 1107 1365 vocem
1136 1323 1339 1376 δαιμόνων,
1369 1323 1524 1376 Latini,
1553 1324 1844 1378 geniorum,

290 1390 376 1432 fere
414 1393 673 1445 exprimunt)
714 1394 924 1447 significat
963 1398 1176 1437 creaturas
1215 1395 1474 1449 spirituales,
1512 1411 1589 1450 per
1616 1411 1660 1438 se
1688 1395 1846 1438 subsis-

290 1464 437 1514 tentes,
476 1464 696 1506 intellectu
735 1467 776 1507 et
814 1465 1031 1509 voluntate
1068 1467 1202 1509 libera
1237 1467 1481 1519 instructas,
1519 1468 1713 1522 potentia
1745 1482 1845 1509 vero

289 1548 337 1575 ac
374 1534 531 1576 virtute
569 1535 734 1588 eximia,
773 1537 825 1578 ad
864 1552 992 1591 opera
1019 1553 1094 1580 sua
1122 1541 1300 1581 naturae
1330 1539 1625 1582 convenientia
1655 1541 1773 1581 extra
1802 1553 1846 1581 se

290 1603 494 1656 obeunda,
522 1620 624 1658 prae
653 1607 802 1649 ceteris
833 1609 1036 1651 creaturis
1065 1610 1289 1664 pollentes.

340 1673 414 1716 III.
452 1675 642 1729 Angelos
681 1692 771 1720 esse
808 1677 890 1720 Dei
927 1682 1154 1733 creaturas,
1194 1696 1245 1723 ex
1283 1681 1476 1735 ipsorum
1514 1696 1598 1734 quo
1635 1681 1728 1723 Deo
1757 1696 1844 1723 ser·-

290 1746 422 1797 viunt‚
460 1747 695 1790 ministerio
734 1750 897 1792 abunde
934 1751 1084 1805 liquet,
1119 1755 1161 1795 et
1188 1756 1408 1807 praeterea
1432 1753 1580 1795 multis
1608 1753 1845 1807 perspicuis

290 1816 330 1858 S.
369 1816 613 1872 Scripturae
650 1820 756 1862 locis
795 1821 1120 1866 demonstratur.
1153 1823 1459 1878 Praeterquam
1488 1825 1610 1877 enim,
1643 1824 1757 1877 quod
1786 1839 1845 1866 ex

291 1902 371 1940 eo,
410 1892 460 1930 et
496 1905 589 1943 per
628 1906 739 1933 eum
777 1895 826 1935 et
863 1894 914 1936 in
942 1896 1118 1949 ipsum
1156 1898 1279 1937 sunt
1307 1896 1505 1947 omnia,
1534 1895 1657 1938 Rom.
1688 1896 1749 1947 11,
1779 1896 1844 1937 36.

291 1959 418 2000 etiam
468 1962 628 2004 verbo
684 1962 926 2008 Jehovae
974 1966 1118 2008 coeli
1168 1967 1307 2009 facti
1358 1969 1502 2019 sunt,
1547 1970 1598 2009 et
1639 1967 1845 2020 spiritu

291 2029 397 2070 oris
442 2032 556 2084 ejus
596 2035 747 2075 totus
790 2037 1067 2079 exercitus
1110 2052 1316 2091 eorum,
1353 2038 1421 2080 Ps.
1458 2038 1521 2089 33,
1552 2039 1589 2079 6.
1619 2037 1723 2089 11110,
1752 2052 1844 2093 per

291 2115 402 2141 eum
443 2103 663 2145 condita
700 2108 817 2148 sunt
855 2108 1054 2161 omnia,
1096 2123 1231 2161 quae
1267 2109 1320 2151 in
1358 2109 1527 2151 coelis
1558 2111 1682 2150 sunt
1711 2110 1762 2150 et
1790 2109 1843 2150 in

289 2173 453 2224 terra,
492 2174 743 2217 visibilia
781 2180 831 2219 et
868 2179 1207 2233 invisibilia,
1238 2181 1351 2223 sive
1379 2180 1589 2233 throni,
1620 2181 1731 2222 sive
1760 2180 1843 2223 do-

289 2243 475 2296 minia,
506 2246 618 2287 sive
646 2247 1020 2303 principatus,
1051 2251 1163 2294 sive
1190 2253 1525 2306 potestates;
1551 2252 1728 2293 omnia
1750 2266 1844 2306 per

291 2329 401 2355 eum
430 2317 480 2356 et
508 2316 560 2357 in
589 2332 699 2359 eum
728 2322 849 2362 sunt
878 2322 1119 2375 condita⁷
1157 2325 1208 2364 et
1236 2323 1351 2377 ipse
1381 2325 1461 2365 est
1492 2325 1616 2365 ante
1645 2323 1842 2369 omnia,

291 2387 341 2425 et
369 2387 543 2428 omnia
570 2403 662 2442 per
691 2405 801 2432 eum
830 2393 1163 2446 consistunt,
1190 2393 1279 2436 Col.
1310 2394 1346 2446 1,
1374 2395 1436 2436 16.
1462 2394 1523 2436 17.

343 2455 415 2497 IV.
453 2456 517 2499 De
553 2461 742 2513 tempore
780 2465 920 2504 autem
948 2465 1175 2507 creationis
1205 2480 1361 2518 eorum,
1393 2465 1497 2508 olim
1523 2466 1634 2507 inter
1663 2464 1843 2506 Christi-

291 2541 392 2568 anos
430 2527 713 2583 disceptatum
749 2532 841 2574 fuit.
882 2532 1085 2588 Origenes
1125 2551 1220 2578 cum
1258 2537 1406 2579 multis
1444 2536 1614 2579 Graecis
1642 2535 1842 2578 Patribus

292 2599 333 2638 et
369 2599 793 2655 nonnullisLaffinis,
832 2619 975 2647 eorum
1011 2607 1267 2650 creationem
1296 2608 1424 2662 longe
1455 2611 1552 2650 ante
1579 2607 1693 2649 hunc
1720 2622 1842 2648 mun-

292 2667 389 2709 dum
427 2670 635 2713 visibilem
673 2675 890 2716 conditum
918 2678 1105 2730 arcessit,
1136 2679 1207 2720 sed
1235 2679 1301 2720 illi
1329 2679 1586 2721 validissime
1617 2694 1668 2720 ex
1697 2693 1746 2720 eo
1776 2693 1842 2720 re-

291 2738 493 2793 futantur,
537 2744 649 2795 quod
689 2760 765 2798 per
804 2746 979 2799 phrasin
1006 2747 1126 2798 hanc,
1165 2752 1455 2803 antequam
1492 2750 1580 2792 hic
1618 2750 1842 2792 mundus

293 2813 455 2863 esset,
488 2813 589 2854 item
619 2818 740 2858 ante
765 2818 913 2870 jacta
941 2819 1105 2861 nundi
1136 2820 1506 2874 fundamenta,
1536 2822 1631 2875 ipsa
1659 2822 1842 2864 aeterni-

292 2881 357 2920 tas
386 2880 429 2921 in
459 2880 677 2936 Scriptura
700 2885 855 2929 Sancta
878 2889 1037 2941 passim
1060 2890 1283 2944 indicatur,
1308 2894 1357 2934 ut
1376 2893 1516 2935 videre
1531 2895 1594 2935 est
1608 2892 1636 2934 J
1639 2892 1707 2935 oh.
1725 2893 1787 2947 17,
1804 2893 1841 2936 5.

292 2949 402 3003 Eph.
434 2952 469 3003 1,
497 2953 534 2995 4.
566 2954 585 2994 1
616 2954 729 2998 Petr.
760 2958 796 3010 1,
825 2959 888 3000 20.
919 2962 996 3001 etc.
