1931 3224
546 141 610 184 DE
639 142 914 184 Emmosms
941 156 988 183 ΕΤ
1016 140 1204 184 JEJUan.
1577 139 1656 183 399

98 267 451 319 obscurationem,
493 268 517 308 2
556 267 669 309 Sam.
711 268 772 319 12,
818 267 880 308 16.
917 265 1152 308 lotionis
1192 267 1242 306 et
1270 263 1550 306 unctionis
1580 277 1656 304 ca-

96 338 352 390 rentiam,
396 338 518 380 Matt.
563 339 600 391 6,
644 339 707 380 16.
750 338 957 391 capitis
999 336 1465 386 incurvationem,
1497 335 1519 376 1
1549 333 1655 387 Reg.

97 408 161 460 21,
200 409 264 450 27.
303 408 405 450 Esai
442 408 505 460 58,
543 409 579 449 5.
611 408 940 450 effusionem
969 421 1156 460 aquae,
1190 407 1211 447 1
1241 405 1352 448 Sam.
1383 407 1418 458 7,
1449 406 1485 447 6.
1516 404 1657 447 evul-

98 479 305 521 sionem
347 479 677 532 capillorum
719 482 768 521 et
809 479 1031 531 barbae,
1072 478 1171 520 Esd.
1211 477 1248 529 9,
1285 479 1323 519 3.
1360 477 1498 520 Ester.
1529 477 1591 528 14,
1619 478 1657 518 2.

97 549 310 602 fletum,
339 550 559 604 planctum
589 553 630 592 et
658 550 884 602 ululatum,
913 550 1022 593 Joel.
1052 551 1088 602 2,
1120 550 1182 591 12.
1208 549 1320 599 Quin
1345 551 1386 590 et
1414 548 1658 589 infantes

98 624 148 663 et
175 622 406 675 pecudes
435 622 479 663 in
507 621 702 675 graviore
729 621 847 663 luctu
875 621 919 662 in
939 621 1093 674 jejunii
1116 621 1363 663 societatem
1382 619 1656 671 vocabantur,

97 691 206 735 Joel.
243 694 280 744 2,
318 693 380 734 16.
419 691 516 734 Jon.
546 692 583 743 3,
614 692 648 733 7.
679 691 795 741 Quae
824 692 912 733 fere
943 692 1098 743 omnia,
1128 691 1192 734 vel
1217 692 1456 734 communia
1486 690 1659 732 Judaeis

98 779 193 806 cum
230 763 528 815 Orientalibus,
565 765 638 804 aut
666 762 726 804 illi
756 763 875 816 genti
902 764 1078 816 propria
1107 762 1292 815 fuerunt,
1321 766 1395 805 aut
1423 763 1475 804 ad
1504 763 1659 816 paeda-

98 836 272 890 gogiam
314 835 428 877 illius
471 834 623 888 populi
664 835 926 887 spectabant,
964 850 988 876 a
1026 836 1178 888 quibus
1218 835 1410 878 Christus
1439 849 1550 887 suos,
1579 849 1658 888 pro

97 921 154 958 re,
183 907 291 959 loco,
320 921 368 948 ac
396 908 590 960 tempore
619 905 774 947 liberos
803 905 916 948 fecit.

150 977 259 1020 LIV.
295 977 362 1018 Ex
398 977 512 1019 hisce
549 977 704 1019 finibus
741 977 888 1029 elucet,
928 981 970 1019 et
1008 993 1102 1020 cum
1133 979 1185 1020 iis
1214 979 1414 1021 cohaeret
1445 977 1472 1019 J
1485 979 1530 1031 ej
1545 977 1661 1019 unii

97 1049 304 1101 modus,
335 1049 508 1100 scilicet,
536 1051 592 1090 ut
620 1063 722 1090 non
751 1048 861 1090 fiat
889 1048 1241 1102 hypocritice
1272 1052 1321 1091 et
1350 1049 1660 1100 ambitiose,

97 1120 140 1162 id
165 1123 240 1172 est,
265 1135 360 1162 cum
384 1122 556 1162 externa
581 1120 844 1174 apparentia,
871 1120 1126 1174 gloriatione
1153 1123 1195 1163 et
1226 1121 1496 1163 affectatione
1524 1120 1661 1162 famae

98 1192 356 1244 sanctitatis„
378 1191 503 1233 Matt.
532 1192 569 1243 6,
600 1192 663 1233 16.
694 1192 756 1233 17.
780 1190 973 1246 Itemque
998 1192 1416 1245 superstitiose,
1441 1192 1485 1233 id
1510 1195 1583 1243 est,
1610 1206 1661 1233 ex

100 1263 416 1315 consuetudine,
446 1265 487 1305 et
515 1263 558 1303 in
587 1262 795 1304 honorem
825 1262 1089 1316 Sanctorum,
1121 1264 1211 1305 sed
1241 1279 1351 1306 cum
1380 1264 1508 1315 fide,
1538 1263 1660 1305 Rom.

100 1334 161 1376 14.
191 1333 272 1376 Dei
300 1334 465 1386 timore,
494 1334 680 1387 proximi
709 1333 898 1386 caritate,
930 1336 971 1376 et
1000 1335 1053 1376 ad
1081 1333 1161 1376 Dei
1191 1334 1383 1388 gloriam.

153 1405 239 1447 LV.
263 1405 392 1447 Hisce
415 1406 570 1447 finibus
592 1408 633 1448 et
654 1406 780 1447 modo
802 1408 1044 1459 susceptum
1063 1409 1104 1448 et
1119 1409 1382 1459 usurpatum,
1399 1405 1491 1448 Deo
1508 1407 1661 1459 placet,

101 1479 157 1519 ut
189 1491 283 1518 usu
317 1477 510 1519 bonum
544 1491 646 1530 opu
657 1480 693 1526 s,
721 1491 769 1518 ac
790 1476 878 1518 sine
900 1477 970 1529 eis,
996 1480 1368 1530 quantamcunque
1387 1477 1663 1519 afflictionem

102 1551 144 1589 et
168 1548 358 1602 corporis
381 1548 707 1602 castigationem
732 1549 975 1602 adjunctam
998 1548 1166 1601 habeat,
1193 1548 1284 1591 Deo
1311 1549 1517 1602 displicet.
1539 1548 1663 1591 Unde

101 1619 217 1661 Deus
253 1619 464 1679 imprimis
501 1622 626 1673 urget
664 1621 752 1673 ejus
788 1620 881 1661 loco
917 1619 1193 1673 Jejunium
1224 1620 1537 1673 spitituale,
1569 1635 1664 1662 cum

103 1704 186 1742 quo
215 1690 320 1732 illud
350 1691 702 1745 conjungendum,
727 1693 768 1732 et
793 1706 843 1732 ex
867 1691 950 1733 hoc
976 1691 1228 1733 censendum
1253 1693 1327 1743 est,
1351 1691 1449 1733 Esa.
1475 1692 1538 1743 58,
1564 1691 1600 1733 5.
1626 1691 1662 1733 6.

101 1760 228 1803 Zach.
259 1761 296 1813 7,
325 1762 361 1803 5.
392 1763 428 1804 9.

155 1831 264 1874 LVI.
293 1831 369 1874 Cui
397 1832 566 1886 quidem
596 1833 825 1875 secundum
852 1834 1064 1876 rationem
1094 1835 1292 1887 adjuncti,
1322 1837 1427 1887 puta
1457 1834 1664 1876 orationis

102 1902 212 1955 fidei,
241 1903 285 1946 id
313 1906 388 1955 est,
419 1919 469 1946 ex
497 1904 580 1946 fide
607 1905 758 1957 factae,
789 1908 832 1946 et
860 1920 955 1947 cum
977 1905 1269 1959 resipiscentia
1301 1907 1560 1958 conjunctae,
1586 1905 1664 1947 tri-

103 1974 248 2016 buitur
278 1975 592 2029 deprecatio
621 1975 736 2018 irae
764 1975 880 2029 Dei,
911 1976 1036 2018 Deut.
1064 1977 1190 2029 2,18.
1216 1976 1313 2018 ἱ1011.
1339 1978 1376 2029 3,
1401 1978 1438 2019 9.
1464 1991 1664 2019 merces

105 2048 156 2087 et
184 2046 486 2088 retributio
517 2062 540 2088 a
569 2047 673 2100 Deo,
702 2047 824 2089 Matt.
851 2049 888 2100 6,
915 2048 976 2090 18.
1002 2048 1112 2098 Quin
1135 2052 1331 2102 respectu
1354 2049 1666 2090 humiliationis

105 2117 419 2171 qualiscunque,
445 2118 568 2160 affert
592 2121 633 2160 et
656 2119 1068 2172 mitigationem
1091 2134 1297 2174 poenae
1321 2120 1664 2174 temporalis,

106 2188 128 2229 1
157 2187 263 2242 Reg.
292 2190 356 2241 21,
384 2190 446 2231 27.
478 2189 541 2230 28.
571 2190 635 2231 29.
658 2189 750 2232 Imo
776 2193 818 2232 et
845 2190 1115 2233 efficacia
1141 2191 1436 2244 ejectionis
1462 2192 1666 2233 daemo-

104 2259 317 2301 niorum
347 2260 385 2301 ei
413 2259 673 2312 attribuitur,
702 2260 826 2303 Matt.
857 2262 918 2314 17,
948 2263 1011 2314 20,
1041 2263 1104 2304 21.

159 2328 290 2372 LVII.
321 2329 459 2379 Quare
483 2332 671 2384 graviter
700 2335 843 2374 errant
870 2332 1192 2386 Pontificii,
1223 2334 1296 2387 qui
1324 2335 1393 2377 vel
1415 2335 1460 2377 in
1483 2335 1667 2388 speciem

106 2403 274 2443 tantum
292 2403 545 2455 jejunantes,
569 2403 637 2445 vel
656 2403 787 2446 nimia
805 2404 948 2446 inedia
969 2405 1156 2448 animum
1176 2407 1430 2460 dejicienteS,
1446 2407 1667 2459 jejunium,

34 2519 42 2525 ,
108 2485 181 2514 seu
217 2472 470 2515 inanitatem
499 2473 609 2515 hanc
637 2475 798 2517 ventris
829 2478 870 2517 et
898 2476 1210 2530 intestinorum,
1241 2480 1368 2531 atque
1396 2477 1506 2520 hanc
1535 2476 1669 2518 afflic-

106 2542 268 2585 tionem
284 2546 326 2586 et
341 2544 664 2598 castigationem
681 2546 881 2600 corporis,
900 2562 929 2600 p
942 2562 963 2589 e
974 2563 995 2589 r
1021 2563 1039 2590 s
1053 2563 1074 2590 e
1103 2563 1124 2590 c
1135 2549 1216 2590 ult
1227 2564 1254 2589 11
1265 2563 1306 2589 111
1327 2547 1365 2589 D
1380 2547 1426 2590 ei
1453 2547 1481 2589 b
1494 2562 1517 2589 ο
1527 2562 1556 2588 11
1571 2562 1594 2588 11
1605 2562 1669 2588 111-

110 2629 209 2667 que
251 2630 381 2669 opus
425 2631 538 2658 esse
578 2631 660 2658 ass
673 2621 915 2671 everant,
954 2619 1058 2661 illud
1096 2623 1261 2673 gratam
1299 2619 1392 2661 Deo
1433 2619 1669 2661 orationem

108 2687 294 2740 reddere,
323 2687 654 2730 satisfactorium
681 2703 760 2742 pro
785 2691 983 2743 peccatis,
1010 2691 1277 2733 meritorium
1291 2691 1484 2744 justitiae
1500 2695 1542 2733 et
1555 2691 1669 2733 vitae

111 2762 318 2811 aeternae,
347 2774 420 2801 seu
448 2759 617 2812 placare
644 2760 752 2801 iram
775 2760 868 2814 Dei,
892 2762 1110 2805 hominem
1129 2763 1363 2815 justificare
1389 2777 1530 2805 coram
1554 2762 1645 2805 Deo
1659 2779 1668 2814 3

111 2831 214 2884 quin
235 2832 322 2873 imo
347 2830 457 2872 solvi
481 2845 530 2872 eo
556 2830 715 2873 animas
740 2847 761 2874 e
786 2834 1053 2887 purgatorio,
1078 2833 1223 2876 Lomb.
1248 2833 1293 2876 L.
1316 2835 1354 2875 4.
1381 2849 1413 2876 c.
1440 2834 1501 2876 15.
1523 2836 1670 2876 contra

114 2903 323 2945 evidentia
342 2902 586 2956 Scripturae
600 2903 844 2945 testimonia
860 2907 958 2946 ante
974 2920 998 2946 a
1012 2905 1135 2947 nobis
1151 2905 1292 2947 Thesi.
1309 2906 1372 2947 50.
1390 2907 1432 2947 et
1446 2906 1510 2948 55.
1527 2906 1669 2948 allata.

167 2973 320 3017 LVIII.
350 2972 437 3017 Sub
465 2973 636 3027 Jejunio
666 2975 1037 3028 comprehenditur
1065 2979 1115 3019 et
1144 2975 1360 3030 Vigilia
1384 2992 1491 3031 quae
1513 2977 1670 3031 etipsa
