1931 3224
251 130 330 172 586
798 128 1043 171 DISPUTATIO
1071 129 1265 172 XLVffl.

254 253 645 297 exscindantur
685 253 775 305 qui
812 267 907 295 vos
942 253 1184 295 turbant.
1224 253 1311 297 Sub
1350 253 1498 297 Veteri
1534 270 1634 298 vero
1666 255 1814 299 Testa-

252 328 397 368 mento
433 324 663 367 eradicatio
694 339 745 366 ex
772 324 911 366 medio
941 325 1104 378 populi,
1135 328 1177 367 et
1207 325 1358 378 ejectio
1389 341 1440 368 ex
1469 325 1711 381 synagogis
1739 343 1814 371 vo-

253 397 440 439 cabatur.

305 468 391 510 XL.
430 467 548 510 Idem
576 468 755 511 indicari
783 484 858 524 per
887 469 1061 511 modum
1088 469 1211 511 illum
1240 470 1441 523 loquendi
1465 485 1550 523 quo
1579 471 1815 524 Apostolus

253 554 352 581 usus
396 541 471 592 est,
517 540 538 581 1
582 539 675 582 Cor.
719 540 757 592 5,
801 541 838 583 5.
883 543 925 582 et
968 542 989 582 1
1033 540 1139 583 Tim.
1182 541 1219 593 1,
1262 542 1326 583 20.
1368 556 1557 595 nempe
1595 543 1815 586 tradere

252 609 485 653 Satanae
550 612 611 654 ad
664 611 955 654 interitum
1002 612 1203 665 carnis,
1249 615 1362 655 recte
1402 613 1648 666 judicarunt
1693 613 1817 655 multi

253 698 303 725 ex
341 682 591 735 Veteribus3
631 684 730 737 quia
767 687 887 726 extra
924 683 1159 726 Ecclesiam
1197 684 1376 727 Satanas
1413 687 1578 738 regnat.
1606 685 1703 727 Etsi
1729 700 1816 728 non

251 755 534 809 improbabile
563 756 619 798 sit
648 756 762 808 quod
791 756 843 798 ab
873 756 1116 809 Augustino
1147 758 1189 798 et
1218 755 1523 810 Chrysostomo
1554 756 1816 808 observatur,

250 827 345 868 ideo
376 827 582 880 ejusmodi
610 827 805 869 homines
834 826 1017 870 Satanae
1041 827 1223 868 traditos
1248 826 1342 879 dici,
1368 826 1468 879 quia
1493 842 1588 869 cum
1612 827 1817 880 ejectione

252 913 302 940 ex
331 898 521 941 Ecclesia
551 901 593 940 et
622 899 712 951 ejus
742 899 1051 950 communione,
1081 900 1273 952 potestas
1303 898 1445 950 aliqua
1474 900 1516 940 et
1543 898 1712 941 vexatio
1739 898 1817 942 Sa-

251 973 376 1013 tanae
407 971 633 1024 conjuncta
661 970 756 1023 fuit,
786 971 919 1013 donec
947 970 1257 1024 resipiscerent.

212 1029 214 1031 ‚
304 1041 412 1084 XLI.
450 1042 697 1084 Absurdum
731 1056 831 1084 vero
871 1044 934 1084 est
963 1044 1005 1084 et
1034 1042 1217 1084 alienum
1247 1057 1271 1084 a
1299 1056 1428 1097 scopo
1456 1042 1672 1096 Apostoli,
1704 1044 1817 1096 quod

251 1113 431 1155 Erastus
459 1113 529 1155 hic
559 1115 622 1155 est
651 1116 928 1167 commentus,
957 1129 1111 1168 nempe
1139 1114 1328 1161 Satanae
1350 1114 1532 1156 traditos
1561 1115 1656 1167 dici,
1686 1117 1735 1157 ut
1764 1115 1816 1157 ab

252 1200 300 1227 eo
338 1186 468 1228 morti
507 1186 779 1237 dederentur,
821 1201 915 1228 cum
943 1186 1071 1228 finem
1100 1186 1226 1239 hujus
1255 1187 1500 1229 traditionis
1530 1187 1657 1241 longe
1685 1187 1817 1230 alium

250 1257 488 1311 Apostolus
517 1260 745 1311 proponat,
769 1252 922 1311 nempe
947 1259 1004 1299 ut
1030 1272 1187 1300 carne
1211 1257 1556 1300 mortificata
1580 1258 1817 1312 spiritus

253 1329 434 1371 salvus
464 1329 569 1370 fiat
597 1329 650 1370 in
680 1329 762 1370 die
789 1329 1031 1381 Domini,
1062 1329 1083 1370 1
1114 1328 1206 1370 Cor.
1235 1329 1271 1371 5.
1301 1328 1369 1371 Et
1394 1331 1451 1370 ut
1475 1329 1691 1372 discant
1714 1344 1817 1372 non

251 1400 658 1455 blasphemare,
698 1401 720 1442 1
751 1400 858 1443 Tim.
889 1402 926 1442 1.
957 1403 999 1442 et
1025 1401 1117 1454 ipse
1145 1401 1189 1442 id
1218 1403 1368 1454 postea
1397 1401 1579 1454 explicet
1607 1416 1683 1455 per
1713 1402 1818 1445 alios

253 1476 294 1515 et
333 1472 649 1526 aequivalentes
688 1472 890 1525 loquendi
927 1472 1090 1525 modos,
1128 1486 1281 1526 nempe
1320 1475 1627 1526 expurgate
1665 1474 1820 1515 vetus

250 1544 599 1596 fermentum,
637 1545 741 1586 item
776 1544 970 1586 tollite
1008 1544 1204 1586 malum
1233 1558 1254 1585 e
1281 1544 1455 1586 medio
1484 1543 1685 1595 vestri,
1715 1544 1820 1585 item

251 1630 313 1657 ne
355 1616 820 1658 commisceamini
858 1631 971 1658 cum
1007 1616 1098 1664 iis,
1136 1631 1230 1658 nec
1271 1616 1446 1658 cibum
1487 1630 1600 1658 cum
1637 1616 1708 1658 iis
1747 1631 1820 1658 ca-

249 1687 388 1740 pite,
427 1687 541 1740 quod
569 1688 619 1729 de
648 1687 829 1729 mortuis
857 1701 943 1729 non
972 1687 1055 1729 nisi
1083 1687 1229 1741 inepte
1254 1687 1337 1729 dici
1365 1689 1523 1741 potest.
1552 1687 1614 1730 Ut
1642 1689 1819 1740 taceam,

251 1758 303 1800 ab
344 1759 459 1800 omni
499 1759 721 1801 clementia
761 1762 802 1801 et
841 1758 1145 1801 consuetudine
1182 1758 1397 1801 Ecclesiae
1421 1758 1699 1812 Apostolicae
1729 1773 1818 1801 esse

251 1830 436 1873 alienum
474 1834 675 1884 statuere,
717 1831 830 1884 quod
867 1845 1030 1883 avaros,
1064 1830 1266 1882 ebriosos,
1295 1830 1556 1882 idololatras,
1590 1832 1631 1872 et
1660 1830 1817 1872 similes

249 1917 327 1956 per
355 1902 559 1945 Satanam
586 1904 675 1945 vita
703 1903 895 1957 privarit.

304 1974 433 2017 XLII.
458 1975 520 2018 Ut
547 1977 689 2017 autem
712 1975 818 2017 haec
844 1974 1236 2017 excommunicandi
1259 1975 1370 2016 ratio
1396 1974 1520 2027 plene
1535 1974 1816 2028 intelligatur,

249 2046 377 2100 paulo
417 2047 663 2100 diligentius
693 2046 992 2100 explicandum
1021 2048 1096 2098 est,
1127 2060 1348 2099 quousque
1377 2060 1420 2088 se
1449 2046 1554 2088 haec
1585 2046 1735 2099 ejectio
1767 2061 1818 2088 ex
1871 2096 1874 2097 ⁷
1918 2092 1922 2097 ¹

249 2117 441 2160 Ecclesia
480 2119 691 2170 extendat,
723 2121 765 2160 et
795 2132 902 2171 quae
932 2118 987 2159 sit
1015 2117 1089 2159 illa
1118 2117 1359 2160 communio
1390 2132 1474 2171 qua
1504 2118 1711 2170 ejusmodi
1739 2117 1817 2159 ho-

249 2190 384 2231 mines
413 2190 650 2243 privantur.

303 2260 454 2303 XLIII.
493 2262 560 2303 Ex
596 2261 736 2304 verbis
775 2260 946 2313 Christi,
985 2260 1108 2303 Matt.
1150 2261 1212 2302 16.
1254 2263 1295 2303 et
1327 2261 1388 2302 18.
1419 2261 1570 2315 capite,
1602 2259 1818 2302 evidenter

251 2331 482 2386 colligitur,
526 2332 744 2375 hominem
787 2332 1212 2384 excommunicatum,
1255 2332 1315 2374 ita
1352 2332 1479 2385 ligari
1518 2333 1591 2373 aut
1631 2330 1737 2373 solvi
1773 2331 1818 2372 in

249 2403 388 2455 terris,
426 2405 474 2444 ut
514 2402 643 2444 etiam
680 2403 838 2456 ligetur
878 2406 952 2445 aut
989 2403 1178 2445 solvatur
1215 2402 1261 2444 in
1299 2402 1440 2454 coelis,
1468 2402 1512 2444 id
1543 2405 1617 2455 est,
1646 2404 1694 2444 ut
1724 2417 1817 2444 sen-

248 2476 384 2517 tentia
413 2474 630 2516 Ecclesiae
659 2474 703 2516 in
731 2475 856 2516 terris
887 2474 1080 2528 legitime
1110 2491 1157 2517 ac
1182 2477 1297 2529 juste
1326 2475 1425 2527 lata,
1457 2474 1587 2516 etiam
1615 2474 1659 2516 in
1689 2473 1816 2516 coelis

251 2547 364 2601 apud
414 2546 549 2589 Deum
603 2547 656 2589 sit
698 2549 804 2588 rata.
847 2545 962 2588 Nam
1003 2547 1164 2599 injusta
1207 2545 1601 2599 excommunicatio,
1647 2546 1817 2598 qualem

250 2618 451 2671 Christus,
491 2617 705 2672 Apostoli,
744 2620 785 2660 et
821 2618 946 2659 multi
982 2618 1056 2671 pii,
1095 2618 1148 2660 ab
1184 2617 1443 2661 Antichristi
1480 2618 1613 2660 servis
1650 2619 1816 2671 experti

250 2692 359 2743 sunt,
398 2704 485 2732 non
522 2690 660 2743 magis
700 2689 928 2732 metuenda
967 2691 1030 2730 est
1069 2703 1196 2741 quam
1231 2688 1476 2732 maledictio
1506 2689 1731 2742 immerita,
1764 2690 1815 2732 de

251 2778 335 2816 qua
373 2764 550 2816 Sapiens
589 2765 773 2806 testatur
808 2762 1009 2804 Proverb.
1048 2762 1112 2814 26,
1152 2763 1189 2803 2.
1230 2761 1300 2804 Ut
1339 2761 1553 2804 avicula
1583 2761 1816 2803 errando

251 2837 301 2877 et
338 2835 576 2878 hirundo
617 2834 924 2886 volitando,
955 2834 1034 2876 ita
1062 2833 1384 2876 maledictio
1414 2831 1685 2875 immerita
1713 2847 1816 2876 non

253 2906 560 2949 obventura
591 2909 685 2949 est.

303 2976 453 3018 XLIV.
493 2977 629 3020 Prout
657 2979 800 3019 autem
831 2977 1070 3019 communio
1100 2976 1387 3018 membrorum
1415 2974 1629 3017 Ecclesiae
1658 2975 1815 3028 duplex
1899 2981 1901 2983 ’
