1931 3224
251 192 329 232 324
803 190 1046 231 DISPUTA'rIo
1075 188 1253 229 XXXII.

246 316 338 356 nita
365 318 440 366 est,
464 315 623 356 bonum
648 315 869 368 spirituale
894 313 1063 366 quidem
1089 314 1313 366 appetere3
1338 314 1515 366 propter
1536 312 1805 355 inhaerentes

247 389 390 428 tamen
429 386 466 427 ei
505 387 642 427 carnis
681 386 897 439 reliquias,
926 392 1012 426 non
1040 385 1102 425 ita
1131 383 1359 425 efficaciter
1389 386 1431 425 et
1459 384 1581 438 plene
1609 384 1728 437 velle,
1758 387 1806 426 ut

249 457 419 498 effectus
448 457 531 507 ille,
564 472 688 509 quem
718 459 838 510 optet
868 459 909 498 et
937 455 1053 506 velit,
1084 470 1251 508 semper
1280 458 1574 508 consequatur.
1695 463 1699 467 ‘

300 528 414 570 XXI.
455 528 646 571 Secundo
676 529 992 569 demonstratur
1024 526 1127 567 illud
1156 540 1206 567 ex
1233 525 1328 579 ipsa
1357 526 1571 579 spirituali
1600 528 1806 579 qualitate

248 616 353 653 quae
383 616 458 653 per
488 601 854 654 regenerationem
883 597 1181 639 introducitur.
1211 595 1324 638 Nam
1347 612 1434 639 non
1457 599 1627 639 tantum
1653 599 1806 640 caritas

246 674 287 713 et
314 671 468 712 fiducia
497 671 540 712 in
570 670 708 711 Deum
738 670 782 710 in
810 669 1029 711 voluntate
1059 683 1179 709 suam
1210 668 1350 709 sedem
1377 668 1549 721 habent,
1580 670 1651 711 sed
1678 670 1806 712 etiam

244 743 447 784 sanctitas
485 745 526 784 et
560 742 728 795 justitia
764 741 865 782 novi
893 741 1092 791 hominis,
1122 739 1234 793 Eph.
1267 741 1305 791 4,
1335 741 1399 781 24.
1433 742 1497 782 est
1525 742 1702 795 propria
1729 756 1805 784 vo-

243 814 420 855 luntatis
459 813 642 864 affectio,
682 814 729 853 ut
769 826 914 854 omnes
950 810 1095 852 Ethici
1134 812 1382 864 agnoscunt.
1421 810 1545 853 Unde
1585 811 1805 854 Juriscon-

243 885 344 926 sulti
383 899 475 926 eam
515 884 720 925 definiunt
759 885 1104 925 constantem
1132 882 1478 923 voluntatem
1506 883 1805 936 unicuique

244 971 390 997 suum
420 954 718 997 tribuendi.

297 1025 432 1067 XXII.
464 1025 622 1077 Tertio,
652 1025 768 1066 modi
796 1024 1000 1078 loquendi
1030 1025 1183 1077 quibus
1212 1024 1372 1078 passim
1400 1023 1622 1079 Scriptura
1651 1026 1696 1068 in
1723 1026 1805 1069 hoc

244 1098 417 1151 negotio
447 1097 594 1148 utitur,
623 1097 666 1138 id
694 1097 835 1150 ipsum
865 1096 1091 1138 efficaciter
1119 1097 1329 1138 evincunt.
1357 1095 1471 1138 Nam
1496 1097 1665 1149 quando
1689 1098 1806 1140 Deus

246 1170 399 1211 dicitur
437 1169 647 1222 Spiritum
683 1183 840 1211 novum
878 1183 1037 1222 ponere
1073 1169 1118 1210 in
1157 1168 1297 1210 medio
1336 1168 1485 1221 nostri,
1526 1183 1598 1210 cor
1626 1169 1804 1210 circum-

245 1241 395 1293 cidere,
426 1256 496 1283 cor
524 1256 681 1282 novum
709 1241 752 1281 in
781 1240 905 1281 nobis
935 1254 1088 1291 creare,
1120 1254 1191 1281 cor
1218 1239 1434 1294 lapideum
1464 1254 1509 1281 ac
1535 1240 1686 1281 durum
1709 1240 1805 1282 red-

245 1314 341 1355 dere
379 1329 589 1365 carneum,
629 1313 903 1367 praeputium
943 1312 1079 1354 cordis
1119 1312 1295 1363 auferre,
1336 1315 1378 1354 et
1416 1311 1573 1354 similia
1608 1312 1804 1366 plurima,

245 1385 294 1427 de
331 1386 420 1428 solo
449 1385 642 1428 inferiori
671 1384 880 1438 appetitu,
913 1399 1039 1436 quem
1067 1384 1196 1426 homo
1228 1399 1323 1426 cum
1351 1384 1501 1426 bestiis
1530 1384 1660 1425 habet
1690 1399 1804 1426 com-

242 1473 424 1505 munem,
468 1473 492 1499 a
533 1457 701 1499 nemine
743 1471 931 1509 unquam
974 1456 1184 1510 explicata
1223 1459 1340 1505 sunt;
1378 1470 1457 1498 nec
1497 1456 1546 1497 de
1581 1455 1805 1497 intellectu

242 1529 484 1570 immediate
520 1528 706 1581 intelligi
745 1529 939 1581 possunt,
982 1527 1081 1580 quia
1121 1527 1262 1568 nullus
1300 1527 1471 1568 dabitur
1507 1527 1553 1568 in
1581 1525 1804 1579 Scriptura

241 1601 370 1650 locus,
398 1600 471 1641 ubi
499 1599 739 1641 intellectus
768 1599 896 1640 durus
926 1601 1000 1640 aut
1026 1598 1217 1652 lapideus
1246 1601 1434 1649 vocatur,
1464 1601 1538 1640 aut
1563 1598 1804 1640 intellectus

243 1671 502 1723 circumcidi,
527 1674 600 1713 aut
630 1671 904 1724 praeputium
934 1671 1022 1723 ejus
1052 1670 1159 1721 tolli,
1188 1672 1261 1711 aut
1289 1670 1333 1711 in
1358 1669 1481 1711 nobis
1509 1670 1645 1712 denuo
1672 1669 1804 1711 creari

243 1743 409 1784 dicitur.
455 1742 612 1784 Contra
653 1757 766 1792 vero,
813 1757 907 1783 cum
950 1742 1000 1783 de
1040 1741 1260 1783 intellectu
1303 1741 1395 1795 agit
1434 1740 1667 1794 Scriptura,
1707 1754 1803 1782 eum

240 1828 410 1855 caecum
440 1816 481 1854 et
511 1813 838 1855 obtenebratum
867 1813 1084 1866 appellare
1115 1813 1245 1862 solet;
1279 1815 1321 1854 et
1352 1813 1673 1854 renovationem
1703 1813 1804 1865 ejus,

240 1884 597 1926 illuminationem
636 1884 856 1926 oculorum
893 1884 1061 1935 mentis,
1102 1883 1426 1937 inscriptionem
1454 1884 1562 1937 legis
1591 1884 1634 1924 in
1666 1883 1804 1925 cordi-

240 1956 330 2006 bus,
362 1956 623 1998 ablationem
648 1955 868 1997 velaminis
898 1970 921 1996 a
953 1955 1164 2006 cordibus,
1195 1955 1468 1997 donationem
1496 1955 1664 2005 mentis,
1697 1957 1774 1997 etc.

292 2027 449 2070 XXIII.
479 2027 787 2069 Demonstrant
816 2027 924 2069 illud
953 2027 1133 2079 denique
1163 2026 1418 2069 Sanctorum
1446 2029 1546 2068 vota
1577 2029 1619 2068 et
1642 2041 1801 2080 preces.

241 2099 353 2141 Nam
395 2115 551 2152 quum
590 2099 732 2141 Deus
770 2099 814 2140 is
844 2099 938 2150 sit,
969 2099 1139 2152 quiin
1169 2098 1329 2140 nobis
1358 2098 1545 2140 effic-it
1576 2100 1626 2139 et
1656 2097 1802 2140 velle

243 2174 292 2214 et
329 2172 605 2225 perficere
643 2186 739 2224 pro
776 2171 916 2213 bona
940 2186 1033 2212 sua
1060 2170 1372 2222 voluntate,
1403 2169 1514 2211 Phil.
1544 2170 1676 2222 2,13.
1707 2169 1802 2222 quis

240 2243 352 2284 ausit
389 2243 558 2294 sentire,
599 2243 701 2295 quin
729 2245 900 2296 praeter
928 2243 1083 2284 mentis
1112 2242 1469 2284 illuminationem
1497 2256 1546 2283 ac
1575 2241 1802 2283 affectuum

240 2315 556 2365 correctionem,
607 2314 841 2355 voluntatis
893 2329 1062 2367 quoque
1114 2314 1348 2366 renovatio,
1391 2316 1519 2367 atque
1559 2313 1604 2354 in
1642 2312 1801 2354 bonum

240 2386 463 2440 spirituale
506 2385 727 2427 inclinatio
771 2386 981 2438 postulari
1025 2385 1207 2428 debeat?
1250 2385 1460 2438 Exemplo
1503 2383 1691 2436 Davidis,
1731 2383 1800 2426 Ps.

241 2458 330 2508 119,
371 2458 435 2498 36.
465 2456 724 2498 Praesertim
754 2472 848 2498 cum
875 2457 967 2498 fieri
997 2471 1083 2498 non
1111 2456 1260 2510 possit,
1291 2459 1339 2498 ut
1366 2456 1565 2498 voluntas
1595 2455 1696 2497 solis
1723 2470 1799 2496 na-

239 2531 360 2570 turae
399 2528 559 2570 viribus
597 2528 816 2580 instructa,
846 2528 1112 2570 intellectum
1141 2527 1454 2581 supernaturali
1482 2527 1593 2569 dono
1619 2528 1708 2580 jam
1737 2525 1799 2568 af-

238 2599 398 2641 fectum
427 2614 504 2652 per
532 2614 575 2641 se
603 2602 818 2652 sequatur,
849 2601 922 2641 aut
951 2602 998 2641 ut
1026 2598 1266 2641 intellectus
1299 2598 1485 2652 aliquam
1507 2597 1799 2640 inhaerentem

240 2670 319 2712 sibi
335 2671 699 2724 supernaturalem
717 2670 968 2723 qualitatem
983 2686 1059 2724 per
1074 2685 1116 2712 se
1132 2671 1343 2713 voluntati
1357 2670 1595 2724 imprimat3
1612 2684 1707 2711 cum
1716 2669 1799 2711 hoc

240 2742 368 2783 solius
397 2741 584 2795 Spiritus
612 2742 693 2784 Dei
723 2757 812 2784 esse
843 2741 1064 2797 Scriptura
1092 2743 1249 2795 ubique
1278 2744 1451 2793 asserat,
1482 2743 1524 2782 et
1548 2755 1635 2782 non
1659 2740 1796 2794 magis

239 2814 479 2856 intellectus
505 2814 712 2867 ejusmodi
735 2814 820 2855 vim
844 2814 1055 2855 voluntati
1078 2814 1215 2867 possit
1237 2828 1315 2867 per
1339 2827 1384 2855 se
1397 2812 1653 2865 imprimere,
1671 2825 1798 2864 quam

239 2886 377 2938 ipsam
402 2886 666 2928 voluntatem
690 2901 740 2928 ex
762 2901 805 2927 se
821 2885 1073 2939 producere3
1091 2885 1164 2927 sed
1179 2885 1304 2927 sicuti
1319 2884 1434 2926 Deus
1448 2885 1538 2924 tam
1551 2882 1798 2924 facultatem

239 2956 479 2998 intellectus
505 2973 632 3010 quam
656 2957 890 2999 voluntatis
911 2957 956 2998 in
971 2956 1144 2999 homine
1160 2955 1330 3007 creavit,
1346 2955 1406 2997 sic
1420 2955 1530 2996 dona
1545 2956 1796 3008 supernatu-

240 3028 345 3069 ralia
368 3030 456 3069 tam
481 3028 578 3070 huic
603 3044 732 3081 quam
756 3029 818 3070 illi
842 3043 919 3081 per
941 3043 1096 3070 novam
1119 3029 1240 3070 illam
1266 3026 1521 3069 creationem
1537 3025 1796 3078 superaddit.
