1931 3224
271 161 322 200 22
870 148 1109 189 DisPUTATm
1138 143 1210 185 ΠΙ.

270 279 559 335 promissione,
599 276 725 317 etiam
763 275 824 315 est
862 273 904 312 in
942 269 1096 311 Vetere
1134 266 1331 316 Foedere,
1370 266 1412 305 et
1447 263 1532 305 Lex
1572 262 1734 316 pariter
1770 262 1815 304 in

271 352 406 400 Novo,
446 349 549 389 Gal.
588 348 624 396 3,
663 347 698 387 8.
740 344 846 385 Heb.
876 343 912 392 4,
942 342 978 381 2.
1008 340 1147 380 Rom.
1180 337 1240 387 10,
1266 336 1322 388 4.)
1356 335 1428 376 sed
1455 335 1652 387 respectu
1680 333 1814 376 totius

271 418 590 474 dispensationis
629 415 773 457 salutis
810 414 945 454 factae
982 408 1128 451 Veteri
1157 410 1198 449 et
1235 405 1359 448 Novo
1395 405 1568 460 populo.
1597 405 1741 457 Atque
1767 405 1816 445 ut

273 492 329 532 ibi
357 494 418 531 est
447 487 679 542 promissio,
710 486 769 526 ita
798 484 867 525 hic
896 483 984 534 ejus
1009 478 1228 529 exhibitio,
1252 492 1324 518 seu
1349 476 1630 530 Evangelium
1654 474 1815 529 specia-

270 563 363 603 liter
402 561 570 610 dictum,
608 558 745 598 Rom.
786 556 820 605 1,
859 554 894 594 1.
924 554 961 593 2.
991 549 1191 600 Quamvis
1223 564 1246 590 a
1276 547 1444 601 potiore
1474 549 1597 600 parte
1626 545 1816 588 denomi-

269 633 384 673 natio
415 645 502 671 esse
530 628 674 682 possit.

320 702 452 743 XXII.
478 700 615 741 Etiam
642 695 855 739 distinctio
880 694 923 735 in
947 691 1248 746 Propheticam
1273 692 1315 731 et
1342 688 1648 742 Apostolicam,
1673 688 1815 730 Rom.

272 776 330 823 115,
368 774 429 812 2⁴3.
467 774 490 811 2
528 770 617 811 Pet.
658 770 691 819 1,
723 769 781 808 19.
820 780 905 807 non
942 765 1002 806 ita
1031 763 1274 816 accipienda
1303 764 1377 813 est,
1409 760 1530 813 quasi
1557 759 1610 802 V.
1641 759 1688 801 Τ.
1718 760 1817 802 libri

270 860 410 885 omnes
439 843 521 883 sint
555 838 794 893 prophetici
824 835 996 890 proprie
1027 838 1068 876 et
1097 833 1381 888 singulariter,
1405 833 1601 885 respectu
1625 831 1815 884 subjecti,

268 915 326 955 ita
364 913 474 962 dicti,
513 912 583 953 sed
621 913 853 960 auctorum,
894 908 1006 960 quod
1046 922 1069 948 a
1106 905 1334 959 Prophetis
1374 903 1532 958 scripti,
1571 903 1638 944 vel
1667 902 1818 944 saltem

269 983 493 1037 approbati
521 981 697 1029 fuerint3
726 993 861 1031 neque
889 977 1001 1030 quod
1028 976 1107 1018 soli
1135 976 1219 1017 sint
1249 973 1509 1027 Prophetici,
1542 988 1672 1026 quum
1696 975 1738 1015 et
1760 972 1815 1015 N.

269 1055 379 1096 Test.
410 1053 514 1094 tales
544 1053 637 1103 sint,
668 1050 792 1103 Eph.
824 1051 859 1100 2,
889 1050 951 1089 20.
984 1050 1033 1090 et
1061 1049 1098 1098 3,
1128 1047 1151 1088 5
1182 1048 1231 1088 et
1259 1046 1296 1097 4,
1328 1046 1389 1097 11,
1416 1045 1488 1086 sed
1511 1044 1683 1086 nomine
1708 1044 1814 1086 Pro-

268 1125 491 1178 phetarum
529 1123 580 1164 ad
618 1121 769 1163 veteris
798 1119 948 1173 populi
977 1118 1216 1171 Prophetas
1245 1115 1454 1167 restricto,
1486 1115 1643 1168 quique
1675 1115 1817 1157 Chris-

267 1200 358 1237 tum
386 1196 556 1246 ejusque
586 1208 762 1245 regnum
791 1191 1102 1245 praedixerunt.

320 1265 472 1306 XXIII.
509 1264 741 1316 Utriusque
779 1260 1037 1303 Testamenti
1076 1259 1185 1310 libri,
1225 1258 1259 1300 si
1289 1273 1433 1300 omnes
1463 1257 1685 1311 sigillatim
1716 1273 1817 1300 enu-

268 1352 413 1387 meres,
451 1338 547 1376 sunt
584 1350 680 1375 LXVI.
710 1332 877 1374 Veteris
906 1332 1075 1384 quidem
1103 1346 1226 1382 xxxix,
1256 1329 1370 1371 Novi
1399 1344 1496 1371 vero
1525 1344 1641 1371 xxvn.
1673 1329 1818 1383 Atque

269 1408 435 1449 illorum
475 1406 699 1459 Catalogus
739 1408 780 1447 et
817 1404 989 1445 nomina
1025 1403 1130 1444 haec
1168 1404 1276 1443 sunt.
1318 1401 1514 1454 Quinque
1544 1401 1642 1443 libri
1670 1401 1816 1454 Mosis,

268 1478 410 1529 Josua,
450 1477 631 1527 Judices,
670 1476 798 1527 Ruth,
838 1476 919 1516 duo
950 1474 1167 1525 Samuelis,
1202 1473 1284 1514 (1110
1314 1472 1495 1526 Regum,
1525 1473 1607 1514 duo
1637 1472 1817 1515 Chroni-

269 1564 424 1599 corum,
455 1549 621 1597 Esdras,
650 1546 891 1597 Nehemias,
922 1546 1088 1596 Esther,
1119 1545 1260 1597 (quem
1289 1545 1451 1586 omittit
1480 1544 1629 1586 Melito
1656 1546 1698 1587 et
1722 1559 1818 1586 eum

268 1620 396 1661 secuti
434 1619 516 1670 alii,
554 1618 739 1659 Euseb.
778 1617 916 1658 Eccl.
955 1616 1090 1657 Hist.
1128 1615 1235 1657 Lib.
1273 1616 1310 1667 4,
1350 1631 1384 1657 c.
1414 1616 1477 1657 25.
1509 1615 1687 1665 Quidam
1716 1630 1816 1658 vero

269 1706 362 1732 eum
390 1689 630 1731 dubitanter
659 1690 885 1739 recensent,
915 1687 1122 1729 Nazian
1134 1703 1166 1729 z,
1198 1688 1251 1728 in
1279 1687 1541 1740 Metricis,
1572 1687 1645 1729 sed
1675 1701 1817 1729 errore

266 1761 501 1810 manifesto,
531 1762 706 1812 propter
734 1759 1030 1809 additamenta,
1059 1761 1199 1800 totum
1224 1758 1516 1813 apocryphum
1541 1758 1816 1812 arbitrantes)

268 1832 364 1883 Job,
403 1832 574 1877 Psalmi,
603 1834 687 1872 tres
717 1831 966 1881 Salomonis,
1000 1830 1230 1872 Proverbia
1260 1830 1434 1882 scilicet,
1465 1830 1746 1872 Ecclesiastes
1778 1832 1819 1871 et

270 1904 486 1944 Canticum
507 1902 786 1953 Canticorum,
803 1901 829 1943 J
833 1902 977 1953 esaias,
995 1901 1022 1943 J
1025 1902 1213 1952 eremias,
1231 1901 1404 1952 Threni,
1421 1901 1632 1954 Ezechiel,
1651 1900 1818 1953 Daniel,

270 1974 443 2025 Hoseas,
480 1973 589 2024 Joel,
620 1962 762 2023 Amos,
794 1972 987 2025 Obadjas,
1017 1973 1163 2024 Jonas,
1194 1972 1349 2024 Micha,
1380 1971 1566 2023 Nahum,
1597 1971 1818 2023 Habacuk,

269 2045 516 2099 Zephanjas,
548 2044 788 2097 Haggaeus,
817 2043 1053 2097 Zacharjas,
1082 2044 1329 2086 Malachias.

322 2114 473 2156 XXIV.
514 2114 686 2156 Veteres
724 2115 886 2166 Judaei,
924 2130 1000 2170 pro
1040 2130 1216 2157 numero
1247 2115 1484 2168 Alphabeti
1511 2114 1818 2168 Hebraeorum,

270 2187 321 2227 ad
359 2202 433 2227 xxn
471 2186 601 2227 libros
641 2186 848 2239 redigunt,
885 2185 1100 2240 Joseph.
1140 2189 1276 2228 cont.
1314 2186 1541 2242 Appion.
1578 2187 1702 2229 binos
1739 2188 1819 2230 hos

271 2257 469 2299 Judicmn
512 2260 553 2298 et
594 2257 724 2307 Ruth,
762 2260 985 2310 utrumque
1024 2257 1242 2309 Samuelis,
1280 2258 1460 2312 Regum,
1499 2257 1819 2311 Chronicorum,

272 2330 455 2381 itemque
484 2328 643 2369 Esdrae
672 2330 713 2368 et
740 2327 982 2378 Nehemiae,
1012 2328 1221 2370 Jeremiae
1246 2328 1523 2384 Prophetiam
1547 2332 1589 2371 et
1613 2329 1819 2382 Threnos,

271 2415 322 2440 xn
351 2400 451 2440 item
482 2398 718 2451 Prophetas
748 2398 942 2449 Minores,
972 2400 1049 2440 sub
1077 2415 1161 2441 uno
1186 2401 1379 2456 singulos
1404 2401 1819 2456 comprehendentes.

273 2470 393 2518 Quod
441 2473 482 2511 et
523 2470 750 2511 Christiani
792 2473 951 2512 veteres
992 2472 1078 2513 fere
1120 2476 1366 2525 sequuntur,
1413 2473 1721 2526 Hieronym.
1766 2473 1820 2515 in

274 2540 411 2581 Prol.
451 2541 557 2583 Gal.
598 2542 679 2582 nisi
709 2543 832 2594 quod,
863 2544 935 2595 qui
964 2544 1120 2585 Esther
1150 2545 1364 2597 omittunt,
1394 2546 1511 2588 Ruth
1541 2547 1718 2588 seorsim
1745 2561 1819 2587 nu-

274 2614 445 2663 merent,
489 2611 681 2654 Melito
727 2614 864 2666 apud
901 2614 1086 2656 Euseb.
1127 2618 1218 2657 etc.
1259 2616 1400 2671 Orig.
1440 2618 1589 2671 apud.
1629 2617 1817 2662 Euseb.

274 2683 377 2724 Lib.
415 2683 550 2724 Hist.
589 2686 626 2734 6,
656 2699 687 2725 c.
717 2685 778 2726 19.
810 2686 1032 2738 aliique.
1061 2687 1204 2740 Atque
1231 2704 1306 2743 pro
1337 2690 1570 2744 duplicium
1598 2692 1820 2734 literarum

274 2753 381 2795 Heb.
411 2770 596 2806 numero,
626 2757 811 2809 quinque
839 2757 1026 2810 duplices
1056 2759 1268 2813 designari
1296 2762 1489 2815 plerique
1517 2764 1679 2815 volunt,
1705 2764 1819 2807 scili-

276 2827 353 2873 cet,
398 2828 443 2866 ut
487 2826 784 2881 Hieronymus,
832 2829 884 2869 in
924 2829 1061 2871 Prol.
1100 2833 1356 2884 posteriores
1394 2835 1492 2876 illos
1531 2836 1731 2889 quinque,
1772 2838 1820 2878 ut

275 2895 540 2947 Epiphanius
559 2898 730 2949 priores,
747 2898 907 2941 Libro
929 2900 983 2941 de
1007 2900 1111 2942 Pon
1122 2902 1158 2942 (1.
1181 2906 1222 2944 et
1240 2906 1517 2946 mensuris.
1533 2905 1744 2949 Nonnulli
1755 2907 1818 2949 24.

277 2969 521 3018 supputant,
557 2967 776 3011 historiam
814 2970 931 3012 Ruth
968 2974 1010 3013 et
1047 2971 1238 3016 Threnos
1276 2976 1558 3029 sejungentes,
1596 2977 1738 3019 Hier.
1767 2978 1820 3020 in
