1931 3224
258 135 336 178 438
867 141 1108 186 DisPUTATIO
1136 144 1222 188 XL.

257 260 569 303 institutionem
619 264 917 307 consocientur
928 283 937 318 ;
984 267 1066 309 nisi
1110 269 1220 312 forte
1262 274 1474 317 extremae
1512 279 1818 330 persecutionis

258 347 383 373 causa
419 334 472 375 ad
501 335 702 388 exiguum
732 339 901 390 tempus
933 339 1108 381 eandem
1139 344 1480 388 communionem
1509 347 1818 404 interrumpere

258 406 476 456 cogantur.

309 474 444 516 XXV.
475 474 751 520 Demonstrat
779 479 884 522 illud
912 483 1140 535 promissio
1171 484 1402 538 singularis
1434 488 1597 541 gratiae
1625 490 1677 532 iis
1692 491 1818 543 facta,

257 546 329 598 qui
371 547 414 586 in
456 548 627 590 nomine
670 549 845 592 Domini
888 555 1138 607 congregati
1181 558 1290 608 sunt,
1334 556 1458 600 Matt.
1502 560 1563 612 18,
1608 562 1672 604 20.
1714 563 1818 606 item

255 616 349 657 finis
388 617 672 661 institutionis
703 620 836 663 Verbi
865 625 906 664 et
935 623 1320 680 Sacramentorum,
1352 632 1393 670 et
1423 645 1524 672 usus
1555 631 1816 686 disciplinae.

254 686 411 728 Fides
444 689 581 730 enim
611 694 691 732 est
721 707 779 734 ex
811 695 1021 749 auditu,
1052 699 1274 742 auditus
1305 715 1429 744 vero
1461 717 1554 755 per
1583 703 1818 748 Verbum

253 757 373 810 Dei,
413 759 536 802 Rom.
576 762 639 814 10,
670 764 705 805 7.
737 767 779 806 et
808 769 1075 819 quomodo
1107 771 1330 813 credent
1359 773 1470 814 nisi
1503 773 1572 816 iis
1601 778 1817 829 praedi-

254 832 426 883 cetur,
472 831 740 885 quomodo
786 839 1192 890 praedicabunt
1233 843 1341 886 nisi
1378 844 1705 891 mittantur?
1747 849 1817 893 Sic

252 916 326 953 per
374 901 644 956 Baptismum
688 906 901 951 induimus
946 910 1174 966 Christum,
1217 914 1341 957 Rom.
1384 917 1420 958 6.
1465 916 1556 960 Gal.
1598 920 1634 961 3.
1681 919 1817 963 Coena

250 972 425 1014 Domini
455 977 518 1016 est
547 979 788 1021 communio
820 983 1010 1036 corporis
1042 986 1083 1026 et
1114 986 1331 1039 sanguinis
1360 987 1547 1041 Domini,
1579 989 1600 1031 1
1628 989 1721 1033 Cor.
1753 993 1814 1034 10.

250 1043 341 1086 11110
386 1061 485 1088 vero
530 1047 734 1104 Christus,
778 1052 890 1106 Eph.
926 1055 965 1107 4,
1006 1055 1066 1097 11.
1106 1072 1129 1097 a
1141 1057 1179 1098 li
1193 1072 1216 1099 0
1230 1073 1248 1099 s
1288 1073 1315 1111 q
1327 1058 1417 1100 uid
1429 1074 1504 1100 em
1543 1060 1569 1101 d
1581 1075 1602 1102 e
1614 1061 1693 1103 dit
1729 1078 1816 1105 non

253 1115 388 1157 solum
438 1117 766 1175 Apostolos,
820 1123 1133 1178 Prophetas
1185 1131 1235 1170 et
1278 1130 1700 1186 Evangelistas,
1744 1135 1816 1177 sed

253 1188 379 1230 etiam
423 1190 686 1234 Pastores
731 1209 787 1236 ac
829 1195 1124 1251 Doctores,
1169 1201 1230 1242 ad
1275 1205 1814 1256 coagmentationem

252 1258 597 1314 Sanctorum,
637 1265 698 1305 ad.
738 1280 870 1318 opus
908 1268 1233 1323 ministerii,
1265 1272 1326 1314 ad
1356 1274 1814 1320 aedificationem

252 1333 504 1385 corporis
544 1334 774 1389 Christi,
815 1338 982 1381 donec
1021 1342 1309 1384 evadamus
1349 1359 1528 1388 omnes
1556 1347 1610 1389 in
1637 1349 1814 1392 unita-

250 1405 354 1445 tem
382 1404 520 1446 fidei
550 1408 599 1447 et
631 1408 947 1460 agnitionis
979 1410 1116 1453 Filii
1145 1413 1265 1466 Dei,
1297 1417 1374 1456 eto.
1402 1416 1547 1470 Atque
1574 1419 1668 1462 ideo
1693 1436 1813 1463 man-

251 1474 399 1516 damur
437 1475 481 1518 in
521 1477 805 1521 celebratione
843 1479 884 1522 S.
920 1481 1096 1536 Coenae,
1128 1483 1157 1525 C
1171 1499 1194 1526 0
1206 1500 1248 1526 m
1261 1500 1303 1527 111
1317 1501 1338 1528 e
1348 1502 1391 1528 m
1404 1502 1427 1530 0
1439 1503 1459 1529 r
1471 1503 1495 1530 a
1505 1504 1526 1531 r
1538 1504 1559 1531 e
1587 1505 1630 1532 m
1643 1506 1666 1533 0
1678 1507 1699 1533 r
1710 1494 1728 1534 t
1740 1508 1760 1535 e
1771 1509 1814 1535 m

249 1545 287 1586 D
301 1561 324 1587 0
337 1547 470 1588 1111111
510 1548 609 1589 don
623 1564 643 1590 e
656 1564 677 1591 c
716 1551 924 1604 veniat,
966 1554 987 1594 1
1027 1553 1118 1597 Cor.
1161 1556 1223 1609 11,
1264 1558 1326 1599 26.
1367 1561 1408 1600 et
1445 1560 1490 1601 in
1530 1561 1699 1605 offensis
1728 1563 1813 1607 fra-

249 1617 392 1669 ternis,
423 1618 605 1662 dicere
634 1621 941 1676 Ecclesiae,
971 1625 1096 1668 Matt.
1128 1628 1189 1680 18,
1221 1628 1282 1671 17.

300 1688 456 1730 XXVI.
497 1690 614 1733 Haec
649 1692 841 1736 Ecclesia
869 1696 1060 1739 militans
1089 1699 1205 1741 varie
1234 1700 1436 1744 dividitur
1448 1719 1457 1754 ;
1487 1704 1626 1758 primo
1656 1707 1701 1748 in
1729 1707 1811 1750 Ec-

249 1760 419 1802 clesiam
445 1760 610 1804 Veteris
635 1763 899 1807 Testamenti
923 1770 964 1809 et
988 1767 1115 1822 Novi,
1142 1785 1249 1823 quae
1266 1774 1307 1814 et
1323 1787 1347 1814 a
1362 1775 1576 1817 nonnullis
1593 1775 1811 1822 Catholica

247 1833 434 1882 vocatur,
466 1833 565 1886 quia
590 1835 680 1887 jam
710 1839 849 1878 certae
877 1838 1056 1892 regioni,
1085 1841 1193 1894 urbi,
1225 1845 1298 1884 aut
1327 1846 1489 1900 templo
1520 1847 1696 1901 alligata
1724 1865 1811 1894 non

248 1906 323 1955 est,
364 1906 720 1957 quemadmodum
759 1909 861 1950 olim
896 1910 991 1963 fuit,
1030 1926 1048 1953 s
1062 1927 1082 1954 e
1095 1913 1121 1954 d
1158 1913 1211 1955 in
1241 1929 1264 1956 o
1278 1930 1320 1957 111
1331 1931 1359 1957 11
1372 1931 1393 1958 e
1404 1932 1447 1958 m
1475 1920 1494 1958 t
1506 1933 1526 1960 e
1539 1933 1558 1959 r
1568 1934 1589 1960 r
1600 1934 1676 1961 am
1705 1935 1726 1963 e
1736 1936 1764 1962 x
1775 1922 1810 1963 i-

246 1974 326 2015 vit
365 1989 527 2018 sonus
568 1992 768 2032 eorum,
809 1983 859 2022 et
897 1982 950 2023 in
989 1982 1131 2026 fines
1171 1986 1319 2028 orbis
1348 1990 1619 2031 terrarum
1646 1993 1809 2035 verba

249 2060 269 2086 e
282 2060 305 2088 0
317 2061 337 2086 r
349 2061 376 2087 u
387 2062 450 2098 111,
490 2046 613 2090 Rom.
655 2050 717 2102 10,
758 2051 819 2093 18.
858 2051 917 2093 Et
953 2053 1052 2095 licet
1092 2055 1194 2097 olim
1234 2056 1421 2101 Gentiles
1450 2061 1610 2115 absque
1641 2062 1807 2107 Christo

246 2119 288 2158 et
313 2118 439 2159 alieni
464 2134 488 2160 a
512 2119 752 2173 Republica
775 2121 955 2177 Israelis,
983 2129 1123 2168 essent
1146 2130 1336 2172 extranei
1359 2146 1384 2172 a
1406 2133 1544 2186 pactis
1560 2135 1809 2187 promissio-

245 2203 357 2241 num,
399 2193 475 2232 etc.
515 2207 651 2234 nunc
688 2196 867 2237 tamen
905 2197 957 2238 in
998 2197 1218 2242 Christo
1258 2200 1280 2243 J
1297 2217 1403 2244 esu.
1424 2192 1511 2245 illi
1550 2207 1640 2258 qui
1681 2207 1809 2250 olim

247 2263 403 2302 erant
442 2264 658 2316 procul,
697 2267 1003 2321 propinqui
1040 2269 1180 2313 facti
1209 2276 1334 2315 sunt
1361 2289 1455 2328 per
1486 2278 1808 2330 sanguinem

245 2330 479 2374 Christi:
510 2333 628 2388 ipse
657 2337 796 2378 enim
826 2341 906 2380 est
935 2354 1037 2392 pax
1062 2345 1273 2396 nostra,
1301 2345 1391 2397 qui
1414 2348 1648 2400 utraque
1670 2348 1808 2391 fecit

247 2417 426 2456 unum,
479 2407 530 2446 et
571 2406 910 2460 intergerivi
953 2411 1192 2464 parietis
1236 2417 1446 2469 septum
1490 2417 1683 2471 solvit,
1727 2421 1805 2462 etc.

242 2474 352 2530 Eph.
382 2477 418 2529 2,
451 2477 513 2518 12.
543 2480 584 2519 et
613 2493 730 2533 seqq.

297 2547 474 2591 XXVII.
513 2549 705 2594 Secundo
746 2553 948 2596 dividitur
987 2571 1011 2597 a
1048 2557 1181 2598 nosti
1171 2572 1206 2599 is
1233 2558 1423 2601 Ecclesia
1452 2560 1496 2602 in
1524 2561 1735 2605 visibilem
1764 2566 1806 2605 et

244 2620 520 2674 invisibilem,
564 2623 643 2665 etsi
680 2624 792 2666 enim
831 2625 963 2679 aliqui
1000 2628 1212 2671 visibilem
1242 2644 1336 2672 cum
1366 2631 1627 2685 particulari,
1657 2633 1805 2677 invisi-

243 2691 372 2734 bilem
411 2708 504 2735 cum
539 2695 768 2740 universali
807 2698 1079 2752 confundant,
1116 2715 1193 2742 nos
1231 2703 1375 2745 tamen
1403 2702 1518 2745 salvo
1547 2703 1712 2747 meliori
1735 2706 1804 2759 ju-

244 2763 352 2806 dicio
382 2765 487 2808 haec
515 2768 705 2810 membra
734 2769 1028 2813 confundenda
1057 2786 1144 2814 esse
1172 2787 1258 2815 non
1290 2773 1558 2817 arbitramur.

295 2835 376 2877 XX
384 2835 496 2879 VIII.
537 2837 768 2882 Invisibilis
806 2840 997 2883 Ecclesia
1027 2842 1180 2885 dicitur
1211 2844 1440 2887 multitudo
1471 2846 1732 2889 credentium
1761 2851 1804 2891 et

246 2906 488 2961 electorum,
524 2911 597 2962 qui
625 2913 716 2953 tum
747 2912 790 2954 in
820 2913 1152 2966 particularibus
1181 2916 1384 2968 coetibus,
1413 2919 1505 2958 tum
1532 2918 1577 2960 in
1606 2919 1802 2962 omnibus

244 2978 378 3019 totius
420 2981 533 3022 orbis
571 2982 773 3025 Ecclesiis
813 2987 855 3026 et
881 2985 997 3038 locis,
1028 2985 1109 3028 Dei
1139 2987 1272 3029 oculis
1302 2987 1519 3041 conspicui
1548 2992 1657 3033 sunt.
1685 2990 1801 3040 Quae
