1931 3224
233 149 311 190 292
799 153 1043 195 D1spumzr1o
1070 151 1227 194 XXIX.

231 274 400 316 sitatem
437 275 525 328 ejus
563 275 665 318 facit
701 276 1028 331 hypotheticam
1064 277 1246 328 tantum,
1287 290 1359 317 seu
1397 276 1654 330 pendentem
1686 277 1790 319 dun-

230 348 352 388 taxat
381 361 431 388 ex
461 347 628 389 decreto
657 347 750 400 Dei,
780 363 865 390 non
894 348 1024 390 etiam
1051 347 1304 400 absolutam,
1336 347 1644 401 dependentem
1673 349 1791 390 simi-

232 416 329 459 liter
361 432 411 459 ex
441 417 583 460 divina
610 421 763 461 natura
787 419 1040 472 justitiaque
1068 418 1150 461 Dei
1177 419 1375 461 naturali.

657 705 866 760 Origines,
896 706 1023 748 Hom.
1053 707 1091 749 3.
1119 707 1164 749 in
1192 706 1366 749 Levitic.

284 851 338 893 Si
380 851 497 904 quis
535 851 667 892 bene
703 851 950 893 meminit
981 865 1163 893 eorum
1192 865 1326 904 quae
1355 851 1502 893 dicta
1531 852 1674 902 sunt,
1706 865 1794 904 po-

228 923 367 965 terit
408 922 564 965 nobis
609 923 810 975 dicere,
854 923 980 976 quia
1022 922 1387 975 sacrificium,
1432 922 1571 975 quod
1607 922 1794 964 Ponti-

229 993 389 1036 ficem
452 1008 548 1049 pro
612 996 840 1047 peccato
907 994 1143 1036 diximus
1204 994 1500 1045 obtulisse,
1556 993 1795 1047 figuram

233 1064 442 1106 Christi
486 1067 675 1107 tenere
716 1066 1018 1118 posuimus,
1057 1068 1106 1107 et
1144 1066 1476 1108 conveniens
1513 1080 1615 1107 non
1652 1066 1794 1108 vide-

232 1138 321 1177 tur
356 1150 482 1178 vero
523 1135 768 1188 Christo,
807 1137 896 1189 qui
924 1140 1213 1190 peccatum
1241 1136 1441 1189 nescit,
1470 1139 1527 1178 ut
1555 1151 1651 1190 pro
1680 1151 1794 1190 pec-

233 1210 354 1249 cato
393 1207 608 1249 dicatur
647 1208 919 1251 obtulisse
957 1209 1320 1261 sacrificium,
1359 1209 1494 1251 licet
1530 1224 1625 1263 per
1663 1224 1794 1263 mys-

228 1280 426 1321 terium
475 1295 559 1321 res
612 1283 830 1333 agatur,
882 1283 933 1322 et
982 1280 1120 1322 idem
1160 1281 1278 1333 ipse
1321 1280 1611 1332 Pontifex,
1656 1280 1794 1322 idem

230 1354 469 1404 ponatur
503 1354 553 1393 et
581 1351 780 1393 hostia.
811 1351 947 1394 Vide
977 1366 1103 1406 ergo
1133 1353 1177 1394 si
1206 1355 1256 1394 et
1286 1352 1349 1394 ad
1376 1352 1476 1394 hoc
1505 1365 1794 1406 possumus

232 1420 331 1463 hoc
368 1422 520 1463 modo
561 1436 872 1464 occurrere:
911 1423 1039 1475 quia
1076 1422 1329 1465 Christus
1366 1426 1655 1476 peccatum
1684 1425 1794 1476 qui-

232 1492 343 1534 dem
384 1508 487 1534 non
527 1493 683 1544 fecit,
728 1496 1009 1546 peccatum
1050 1496 1229 1536 tamen
1273 1508 1369 1547 pro
1412 1493 1571 1535 nobis
1613 1493 1794 1536 factus

232 1566 334 1615 est,
373 1564 488 1605 dum
522 1565 612 1617 qui
642 1567 763 1606 erat
791 1565 844 1606 in
872 1565 1045 1607 forma
1072 1565 1193 1617 Dei,
1221 1565 1275 1606 in
1303 1564 1477 1606 forma
1506 1564 1650 1606 servi
1680 1579 1795 1607 esse

233 1634 514 1688 dignatur,
553 1636 669 1677 dum
707 1636 798 1689 qui
834 1637 1166 1679 immortalis
1204 1639 1305 1689 est,
1339 1637 1594 1688 moritur,
1630 1638 1680 1678 et
1706 1636 1794 1678 im-

234 1705 527 1758 passibilis
570 1707 807 1760 patitur,
852 1711 901 1750 et
942 1709 1254 1751 invisibilis
1296 1708 1534 1758 videtur3
1577 1710 1628 1749 et
1669 1708 1794 1760 quia

230 1776 389 1818 nobis
432 1777 746 1820 hominibus
788 1779 871 1821 Vel
911 1795 1074 1832 mors,
1115 1781 1200 1822 vel
1236 1781 1454 1833 reliqua
1493 1779 1660 1821 omnis
1692 1779 1794 1821 fra-

230 1848 426 1901 gilitas
464 1848 515 1890 in
553 1864 712 1891 carne
745 1865 805 1891 ex
841 1852 1059 1903 peccati
1099 1851 1423 1893 conditione
1460 1849 1794 1904 superducta

230 1923 329 1973 est,
369 1921 486 1974 ipse
516 1921 678 1963 etiam
708 1923 798 1974 qui
827 1923 881 1963 in
910 1922 1283 1964 similitudine
1311 1922 1586 1964 hominum
1612 1921 1794 1963 factus

231 1995 334 2044 est,
378 1995 429 2034 et
465 1993 659 2036 habitu
698 1996 1009 2047 compertus
1046 1997 1103 2036 ut
1139 1994 1316 2046 homo,
1356 1994 1472 2035 sine
1509 1992 1668 2035 dubio
1698 2007 1792 2046 pro

231 2066 457 2117 peccato
510 2065 650 2116 quod
701 2080 761 2106 ex
810 2065 968 2107 nobis
1013 2068 1356 2118 susceperat,
1400 2064 1525 2117 quia
1566 2066 1794 2118 peccata

230 2138 426 2178 nostra
478 2136 749 2189 portavit,
800 2137 1033 2178 vitulum
1080 2136 1507 2188 immaculatum,
1548 2135 1649 2177 hoc
1690 2138 1792 2187 est,

232 2222 445 2249 carnem
473 2208 966 2250 incontaminatam
995 2208 1205 2250 obtulit
1232 2208 1474 2250 hostiam
1501 2207 1625 2249 Deo.

682 2370 813 2424 Idem,
841 2371 968 2414 Hom.
997 2372 1061 2413 24.
1089 2372 1135 2414 in
1163 2371 1338 2415 Numer.

283 2496 466 2539 Donec
509 2499 633 2538 sunt
670 2498 915 2551 peccata,
953 2511 1175 2539 necesse
1213 2499 1293 2539 est
1329 2496 1540 2550 requiri
1576 2496 1791 2538 hostias

229 2583 325 2622 pro
368 2568 625 2622 peccatis.
665 2566 797 2609 Nam
833 2583 991 2621 pone,
1032 2567 1203 2622 (verbi
1241 2567 1443 2622 gratia)
1481 2582 1583 2610 non
1619 2567 1792 2608 fuisse

229 2642 534 2692 peccatum:
587 2639 630 2680 si
681 2654 786 2681 non
835 2638 1039 2681 fuisset
1080 2642 1384 2693 peccatum,
1429 2653 1532 2680 non
1573 2651 1792 2679 necesse

230 2709 411 2752 fuerat
462 2709 661 2752 Filium
711 2709 809 2752 Dei
859 2725 1050 2763 agnum
1098 2710 1248 2763 fieri,
1299 2725 1394 2752 nec
1436 2723 1568 2763 opus
1608 2708 1792 2749 fuerat

233 2796 343 2823 eum
379 2782 431 2823 in
471 2797 630 2824 carne
669 2782 909 2836 positum
943 2782 1218 2835 jugulari3
1256 2781 1347 2823 sed
1373 2781 1665 2822 mansisset
1693 2779 1792 2821 hoc

233 2852 372 2904 quod
412 2853 465 2894 in
506 2853 788 2907 principio
834 2854 949 2895 erat
990 2852 1130 2895 Deus
1172 2853 1402 2899 verbum.
1440 2850 1632 2894 Verum
1669 2866 1792 2904 quo-

231 2922 371 2963 niam
412 2922 643 2965 introiit
685 2926 967 2977 peccatum
1005 2924 1058 2965 in
1095 2923 1234 2966 hunc
1269 2923 1536 2974 mundum,
1573 2921 1792 2976 peccati

232 2995 409 3034 autem
445 2995 751 3037 necessitas
789 2995 1257 3049 propitiationem
1294 2994 1558 3048 requirit,
1596 2995 1647 3035 et
1674 3007 1792 3046 pro—
