1931 3224
626 302 1098 354 DIsPUTATIO
1141 301 1345 349 XXVII.

962 428 1007 449 DE

467 508 650 575 Statu
699 502 1189 571 Humiliationis
1242 500 1496 569 Christi.

522 632 717 676 Praeside
755 630 806 671 D.
846 628 935 670 AN
949 628 1137 670 DREA
1175 627 1451 670 RIVETO.

585 721 861 771 Respondente
892 719 1142 758 SAMUELE
1172 719 1382 758 RIVETO.

856 825 1046 867 THEsIS
1084 825 1116 867 I.

363 930 619 960 EDEMPTIONIS
656 918 827 958 nostrae
855 914 1084 957 necessitas
1113 929 1164 956 ex
1194 914 1246 955 iis
1277 928 1385 967 quae
1416 913 1466 955 de
1495 913 1618 967 lapsu
1640 912 1770 966 primi

251 929 349 1034 R
365 988 564 1042 parentis,
598 986 762 1040 peccati
793 985 1119 1039 propagatione,
1147 988 1188 1027 et
1211 985 1320 1038 legis
1347 984 1514 1026 divinae
1536 985 1768 1036 exactione,

206 1062 409 1103 hactenus
449 1058 560 1100 dicta
598 1060 707 1109 sunt,
748 1057 851 1098 adeo
891 1057 1117 1110 perspicue
1147 1056 1438 1098 demonstrata
1468 1058 1543 1108 est,
1572 1058 1620 1097 ut
1650 1071 1674 1097 a
1700 1070 1770 1097 ne·

207 1132 318 1173 mine
346 1131 389 1172 in
418 1129 592 1171 dubium
620 1128 755 1182 possit
784 1128 986 1180 revocari,
1016 1128 1099 1169 nisi
1129 1128 1182 1170 ab
1212 1142 1260 1169 eo
1292 1128 1365 1181 qui
1388 1127 1551 1182 peccati
1577 1130 1619 1169 et
1641 1126 1771 1168 male-

207 1203 402 1244 dictionis
442 1204 636 1243 aeternae
674 1214 797 1241 sensu
834 1199 951 1240 nullo
990 1199 1196 1252 tangitur.
1231 1198 1314 1240 Sed
1341 1198 1449 1240 nihil
1478 1201 1620 1240 actum
1648 1200 1770 1249 esset,

207 1274 287 1315 nisi
317 1274 443 1315 etiam
471 1273 594 1313 nobis
618 1271 874 1313 innotuisset
902 1271 973 1312 ille
1002 1271 1047 1312 in
1077 1286 1173 1324 quo,
1206 1271 1278 1323 qui
1303 1271 1347 1312 in
1373 1285 1415 1312 se
1438 1270 1543 1324 ipsis
1569 1268 1771 1321 damnati,

208 1345 366 1387 mortui
404 1347 444 1386 et
483 1343 639 1397 perditi
676 1345 785 1394 sunt,
820 1342 1046 1395 justitiam,
1084 1342 1394 1394 liberationem,
1427 1342 1560 1384 vitam
1590 1344 1632 1383 et
1661 1341 1772 1383 salu-

205 1421 293 1459 tem
331 1418 592 1470 quaererent.
630 1414 781 1468 Itaque
820 1415 870 1456 de
910 1413 1079 1456 Christo
1119 1416 1291 1456 aeterno
1330 1414 1411 1456 Dei
1439 1414 1562 1465 Filio,
1592 1413 1637 1454 in
1664 1415 1772 1454 tem-

207 1503 310 1543 pore
347 1488 517 1530 homine
552 1487 679 1539 facto,
717 1489 939 1539 tamquam
977 1486 1173 1539 proxima
1216 1485 1424 1527 efficiente
1467 1484 1773 1539 redemptionis

206 1561 330 1613 hujus
374 1561 544 1601 nostrae
586 1573 722 1611 causa,
766 1560 963 1612 respectu
1005 1572 1212 1611 personae
1249 1557 1293 1598 in
1332 1573 1415 1610 qua
1452 1558 1559 1599 duae
1596 1559 1774 1598 naturae

208 1634 370 1682 coeunt,
411 1633 451 1672 et
489 1633 685 1684 respectu
725 1628 855 1671 officii
892 1628 1147 1681 mediatorii,
1176 1628 1220 1670 in
1251 1643 1404 1682 genere
1432 1628 1499 1670 vel
1527 1643 1603 1681 per
1631 1629 1774 1681 partes

210 1701 475 1753 considerati,
506 1701 710 1743 hactenus
741 1701 1008 1755 disputatum
1040 1703 1114 1742 est.

260 1772 313 1815 Π.
342 1772 546 1826 Superest
573 1775 621 1813 ut
650 1773 700 1814 de
728 1772 854 1814 modo
885 1774 927 1813 et
955 1772 1121 1814 ratione
1150 1786 1340 1826 agamus,
1370 1787 1455 1824 qua
1479 1770 1652 1813 abolitis
1676 1785 1775 1824 pec-

209 1845 312 1886 catis
351 1844 540 1886 Christus
578 1844 797 1885 dissidium
835 1844 947 1885 inter
985 1843 1123 1885 Deum
1158 1846 1200 1885 et
1237 1858 1315 1885 nos
1353 1843 1534 1895 sustulit,
1561 1842 1775 1896 justitiam

208 1915 444 1968 acquisivit,
489 1930 595 1968 quae
638 1930 734 1956 eum
775 1915 899 1957 nobis
941 1914 1154 1957 faventem
1194 1917 1235 1956 et
1272 1915 1524 1957 benevolum
1567 1914 1774 1966 redderet,

210 2000 302 2027 eam
334 1986 455 2028 nobis
486 1987 676 2039 quotidie
706 1986 935 2029 efficaciter
966 1986 1242 2040 applicando;
1273 1989 1401 2040 atque
1429 1986 1490 2028 ita
1527 1986 1774 2028 Salvato-

208 2058 284 2099 ris
321 2072 474 2099 nomen
512 2057 596 2111 ipsi
633 2073 657 2099 a
695 2057 786 2099 Deo
829 2073 905 2112 per
944 2058 1158 2112 Angelum
1194 2058 1457 2111 impositum,
1490 2057 1613 2099 Matt.
1645 2058 1679 2110 l,
1709 2057 1774 2099 21.

210 2132 389 2182 gereret,
428 2131 469 2170 et
502 2143 591 2170 rem
618 2129 789 2171 nomine
819 2129 1114 2183 significatam,
1145 2130 1241 2183 ipso
1270 2129 1384 2171 facto
1415 2131 1663 2183 praestaret.
1692 2128 1774 2171 Hic

210 2200 358 2242 modus
388 2202 461 2241 aut
489 2200 598 2241 ratio
629 2200 672 2241 in
702 2200 861 2254 duplici
887 2201 1135 2243 mediatoris
1161 2203 1275 2242 statu
1300 2201 1601 2252 consideratur,
1622 2216 1775 2255 nempe

208 2271 615 2313 humiliationis
653 2274 694 2313 et
730 2272 1116 2325 exaltationis,
1146 2273 1191 2314 in
1221 2273 1374 2325 quibus
1403 2275 1496 2314 tota
1524 2273 1596 2314 illa
1625 2273 1775 2315 salutis

209 2345 380 2384 nostrae
409 2342 679 2395 dispensatio,
712 2345 752 2384 et
781 2343 961 2396 triplicis
992 2343 1123 2386 officii
1147 2343 1306 2386 Christi
1332 2343 1544 2386 exsecutio
1569 2343 1775 2386 consistit.

261 2412 337 2455 III.
368 2413 432 2454 De
461 2413 542 2454 hoc
571 2415 685 2454 statu
713 2414 1022 2456 humiliationis
1051 2417 1099 2456 ut
1122 2430 1234 2457 nunc
1258 2415 1458 2466 dicamus,
1484 2415 1641 2457 ordinis
1665 2414 1774 2457 ratio

211 2485 413 2538 postulat.
443 2483 534 2533 Quo
564 2485 734 2527 nomine
763 2485 808 2526 in
832 2501 996 2539 genere,
1022 2486 1278 2540 intelligitur
1300 2489 1394 2528 tota
1418 2486 1491 2527 illa
1515 2485 1774 2538 oeconomia,

212 2571 293 2609 qua
324 2555 516 2597 Christus
545 2559 770 2610 accepta
798 2557 971 2600 forma
1000 2559 1167 2611 servi,
1197 2558 1351 2600 Patri
1379 2558 1487 2600 fuit
1517 2557 1774 2600 obediens

208 2641 377 2679 usque
416 2628 476 2668 ad
513 2631 758 2680 mortem,
799 2633 1022 2672 mortem
1064 2633 1241 2672 autem
1280 2630 1479 2683 crucis,
1519 2628 1631 2670 Phil.
1670 2630 1708 2680 2,
1737 2629 1773 2671 7.

212 2701 252 2739 et
285 2699 371 2739 lata
411 2699 720 2752 significatione
749 2703 886 2743 totam
914 2701 1014 2744 Filii
1041 2703 1251 2745 incarnati
1278 2702 1578 2754 humilitatem,
1609 2716 1775 2761 omnes-

213 2784 293 2820 que
332 2771 418 2822 ejus
458 2772 611 2824 gradus
651 2773 993 2825 comprehendit3
1031 2774 1204 2828 proprie
1246 2789 1346 2816 vero
1387 2776 1621 2815 extremam
1657 2773 1775 2816 illam

213 2839 548 2893 submissionem,
578 2857 650 2884 seu
678 2843 876 2885 ultimum
904 2844 1016 2885 vitae
1045 2847 1186 2886 actum
1213 2860 1347 2898 usque
1371 2845 1424 2886 ad
1447 2846 1641 2896 mortem,
1667 2858 1774 2897 quae

213 2911 343 2964 vulgo
384 2913 510 2954 etiam
552 2917 723 2968 recepta
766 2915 810 2956 in
853 2914 1083 2969 Scripturis
1124 2916 1447 2970 significatione,
1490 2917 1585 2958 nom-⁹
1629 2914 1775 2969 ἐξοχὴν

214 2982 395 3036 passio
427 2984 673 3039 appellatur.
