1931 3224
249 153 326 194 398
779 154 1024 196 DISPUTATIO
1052 153 1270 197 XXXVII.

248 280 340 319 tum
377 278 555 329 singulis
590 277 736 319 diebus
764 281 955 320 ventrem
985 281 1238 331 saturantes,
1269 278 1381 331 quod
1411 279 1602 333 plerique
1631 280 1808 324 Veteres

247 350 340 389 tota
376 348 465 389 vita
500 347 768 390 factitabant.
806 349 950 402 Atque
978 349 1087 391 hanc
1116 350 1249 404 legem
1282 350 1561 404 conscientiis,
1590 353 1638 393 ut
1664 366 1808 394 neces-

247 419 402 461 sariam
430 419 666 473 imponunt,
696 436 772 462 nec
800 421 880 462 nisi
910 425 1082 476 accepta
1109 423 1287 477 pecunia
1315 423 1572 476 dispensant.

299 489 344 531 L.
383 490 589 543 Denique,
627 507 721 545 per
759 507 811 533 se
849 507 933 534 res
960 493 1154 546 media,
1185 496 1235 535 et
1264 493 1597 536 indifferens
1627 496 1725 546 est,
1757 495 1808 535 id

248 563 345 613 est,
389 576 482 614 per
524 576 575 603 se
617 577 710 604 nec
753 563 911 615 bona,
955 579 980 605 n
997 579 1052 606 ec
1089 565 1244 617 mala;
1283 579 1386 607 non
1425 566 1562 607 enim
1589 580 1808 619 regnum

246 631 284 672 D
299 632 345 673 ei
388 634 465 674 est
508 633 659 675 cibus
701 636 791 675 aut
832 637 1016 688 potus,
1061 637 1150 678 sed
1188 637 1418 688 justitia
1462 639 1512 678 et
1554 637 1809 690 gaudium

246 717 338 756 per
380 702 646 758 Spiritum
688 703 965 758 Sanctum,
1008 706 1132 748 Rom.
1171 707 1234 759 14,
1272 708 1308 749 6.
1347 708 1460 749 17.1
1493 707 1586 750 Cor.
1616 709 1653 760 8,
1683 709 1719 750 8.
1749 707 1808 749 In

244 789 338 815 usu
372 789 493 825 Vero;
532 777 757 829 proprie
795 779 844 818 et
881 777 1053 830 primo
1094 781 1371 820 externum
1400 794 1490 820 seu
1519 780 1808 833 corporale

246 860 267 887 e
279 861 305 886 x
318 861 339 887 e
351 861 371 887 r
384 846 457 888 cit
467 847 482 888 i
492 862 519 888 u
530 863 572 888 m
615 851 665 889 et
706 864 730 889 a
742 849 768 889 d
778 848 845 890 mi
856 849 906 889 ni
921 864 978 890 cu
989 850 1004 891 1
1015 865 1043 890 11
1053 865 1096 891 111
1136 853 1212 902 est,
1253 851 1510 903 excitandae,
1550 851 1736 905 alendae,
1767 854 1808 894 et

243 918 449 960 fovendae
491 919 685 972 pietatis;
729 936 777 963 ac
819 921 1108 974 poenitentiae
1150 923 1331 976 signum,
1369 923 1482 976 quod
1520 938 1548 976 p
1563 938 1615 965 er
1644 938 1662 965 s
1674 938 1695 965 e
1721 938 1808 965 non

245 991 319 1029 aut
355 1003 507 1042 parum
545 1005 643 1033 sane
680 992 868 1045 prodest,
907 993 994 1035 Col.
1024 995 1060 1045 2,
1090 994 1153 1035 23.
1184 994 1205 1034 1
1237 993 1343 1035 Tim.
1373 994 1412 1046 4,
1442 995 1478 1036 8.
1509 994 1581 1036 sed
1608 1010 1636 1048 p
1650 1009 1671 1036 e
1683 1010 1703 1036 r
1731 1009 1808 1036 ac-

245 1059 328 1101 cid
340 1075 428 1102 ens
471 1063 794 1114 praestantioris
836 1065 931 1106 finis
973 1068 1180 1119 respectu,
1212 1067 1419 1118 quatenus
1449 1066 1607 1108 scilicet
1636 1066 1688 1108 ad
1717 1066 1808 1120 pie—

244 1134 391 1185 tatem,
420 1148 565 1187 preces
595 1137 637 1177 et
660 1136 969 1189 poenitentiam
992 1137 1185 1179 refertur.
1208 1136 1333 1180 Unde
1359 1138 1676 1180 commendatur
1698 1139 1807 1180 rela-

244 1206 337 1246 tum
370 1205 422 1246 ad
444 1206 669 1259 justitiam,
698 1207 821 1249 Matt.
851 1209 887 1259 5,
918 1209 954 1250 6.

297 1275 364 1318 LI.
399 1276 551 1318 Finis
579 1277 724 1331 itaque
753 1281 827 1331 est,
861 1282 918 1320 ut
946 1279 1044 1322 hac
1074 1280 1256 1322 inedia
1285 1282 1463 1323 carnis
1491 1281 1726 1324 lascivia
1757 1284 1807 1323 et

243 1348 537 1401 torpedine
564 1351 829 1402 coercita,
856 1351 1064 1393 animus
1088 1352 1434 1405 spiritusque
1460 1353 1804 1406 disponatur,

245 1421 294 1460 et
324 1419 619 1472 excitetur,
648 1423 705 1461 ut
731 1421 916 1473 liberior,
944 1422 1182 1476 expeditior
1205 1426 1246 1464 et
1270 1424 1485 1465 ardentior
1507 1424 1633 1465 solito
1659 1423 1807 1465 redda-

242 1492 325 1542 tur,
357 1491 408 1532 ad
436 1489 527 1533 Deo
557 1491 894 1545 supplicandum,
925 1496 1090 1536 sanctas
1115 1494 1415 1537 meditationes
1440 1494 1741 1549 suscipiendas,
1767 1497 1807 1536 et

241 1575 398 1614 preceS,
439 1576 564 1614 quam
604 1563 814 1605 ordinarie
849 1564 1118 1617 efficaciores,
1148 1566 1430 1608 effundendas.
1460 1566 1572 1608 Hinc
1601 1568 1664 1608 est
1693 1566 1807 1619 quod

242 1632 286 1673 in
337 1632 559 1686 Scriptura
610 1634 855 1687 frequenter
906 1635 940 1677 O
952 1652 973 1678 r
985 1637 1135 1679 ation
1151 1637 1165 1678 i
1214 1637 1242 1679 J
1254 1638 1299 1690 ej
1312 1638 1402 1680 uni
1415 1653 1442 1679 u
1452 1654 1495 1680 111
1537 1637 1805 1691 adjungatur,

242 1702 350 1745 Joel.
380 1705 416 1756 1,
448 1705 509 1746 14.
539 1704 648 1748 Neh.
677 1707 711 1759 1,
741 1707 777 1749 4.
802 1706 924 1749 Matt.
954 1708 991 1760 6,
1022 1708 1058 1750 5.
1087 1709 1187 1751 Luc.
1217 1711 1253 1761 2,
1283 1711 1346 1752 37.
1378 1711 1399 1751 1
1430 1709 1522 1752 Cor.
1553 1710 1589 1762 7,
1614 1710 1650 1751 5.
1677 1710 1806 1751 etiam

244 1777 364 1816 extra
392 1776 601 1817 rationem
631 1777 859 1831 singularis
887 1780 1187 1833 poenitentiae,
1216 1780 1313 1822 Act.
1342 1782 1405 1834 31,
1436 1782 1472 1823 2.

295 1845 383 1888 LII.
412 1846 597 1889 Maxime
627 1851 769 1890 autem
798 1849 977 1892 illustris
1007 1852 1096 1904 ejus
1124 1851 1145 1892 f
1149 1851 1163 1892 i
1174 1867 1202 1893 n
1213 1852 1228 1893 i
1239 1867 1257 1893 s
1287 1852 1339 1893 in
1367 1868 1395 1906 p
1407 1867 1428 1894 r
1439 1867 1460 1894 e
1473 1867 1494 1894 c
1505 1853 1618 1894 atio
1629 1867 1658 1894 n
1669 1867 1690 1894 e
1718 1852 1748 1893 h
1759 1867 1805 1895 o-

242 1919 403 1960 minis
431 1934 459 1973 p
473 1934 496 1961 o
510 1934 531 1961 e
542 1920 594 1961 ni
605 1922 623 1961 t
635 1935 655 1962 e
666 1921 799 1973 ntis,
831 1922 883 1962 ad
913 1921 1189 1965 afflictionem
1219 1924 1367 1976 carnis,
1399 1926 1440 1965 et
1464 1924 1597 1965 totius
1620 1924 1804 1965 hominis

243 2004 387 2031 coram
423 1989 514 2032 Deo
551 1991 904 2045 humiliationem,
942 1993 1051 2036 Psal.
1089 1995 1152 2047 35,
1190 1995 1251 2036 13.
1280 1997 1328 2036 ut
1357 1995 1412 2036 sit
1439 1995 1732 2037 testimonium
1763 1998 1806 2037 et

242 2061 482 2114 symbolum
511 2063 644 2106 seriae
672 2065 974 2118 poenitentiae,
1005 2068 1046 2107 et
1074 2066 1164 2108 veri
1193 2066 1350 2108 doloris
1379 2067 1433 2108 ob
1458 2069 1681 2121 peccatum
1705 2081 1804 2109 con-

242 2134 368 2185 cepti,
411 2132 519 2175 Joel.
563 2135 600 2186 2,
644 2135 707 2177 12.
745 2134 869 2178 Unde
909 2136 1037 2177 etiam
1076 2136 1297 2189 Jejunium
1333 2137 1509 2179 afflictio
1553 2138 1719 2190 dicitur,
1762 2140 1803 2180 et

241 2204 431 2258 affligere
460 2220 514 2258 se,
546 2221 711 2260 corpus,
741 2207 939 2259 animam,
968 2222 1045 2263 pro
1071 2209 1264 2261 jejunare
1295 2209 1515 2263 accipitur,
1544 2209 1642 2252 Lev.
1659 2209 1721 2262 16,
1739 2210 1801 2252 29.

239 2274 354 2317 Esai.
390 2276 453 2328 58,
491 2277 528 2318 3.
566 2276 666 2319 Esd.
704 2278 740 2328 8,
779 2279 842 2320 21.
883 2281 924 2321 et
956 2280 992 2331 9,
1022 2278 1058 2321 5.
1087 2278 1172 2321 Res
1201 2280 1346 2333 itaque
1374 2279 1462 2323 fere
1492 2283 1554 2322 est
1581 2281 1731 2334 luctus,
1761 2283 1803 2323 et

239 2346 373 2388 luctui
415 2332 668 2402 opportuna,
706 2347 830 2391 Matt.
870 2351 907 2402 9,
947 2350 1008 2391 15.
1045 2350 1107 2393 Ut
1146 2366 1166 2392 c
1178 2353 1300 2393 ontr
1312 2367 1336 2393 a
1364 2352 1418 2393 in
1445 2367 1463 2393 s
1476 2352 1723 2395 Olennita
1735 2355 1754 2394 t
1767 2353 1804 2394 i·-

238 2417 266 2459 b
278 2433 306 2459 u
317 2433 335 2459 s
375 2433 469 2461 cum
507 2419 662 2473 gaudio
703 2423 744 2462 et
773 2421 949 2471 laetitia,
979 2421 1153 2476 largius,
1184 2425 1226 2464 et
1255 2423 1307 2464 ad
1334 2423 1597 2466 hilaritatem
1625 2438 1800 2476 sumere,

243 2491 285 2531 et
312 2490 571 2545 pauperibus
600 2491 818 2544 portiones
846 2493 1029 2546 mittere,
1060 2496 1188 2547 atque
1215 2494 1369 2536 hilaria
1398 2509 1523 2548 agere
1548 2510 1690 2537 coram
1713 2495 1802 2537 Do-

241 2561 370 2610 mino,
409 2562 461 2603 ad
497 2563 737 2604 testandam
766 2564 1001 2616 gratiarum
1029 2565 1251 2617 actionem,
1281 2568 1529 2608 consuetum
1557 2570 1660 2620 erat,
1688 2567 1801 2609 Psal.

242 2632 331 2684 116,
363 2633 423 2674 13.
454 2631 580 2675 Zach.
612 2634 648 2686 8,
680 2635 742 2676 19.
770 2634 870 2676 Esd.
901 2636 937 2688 6,
967 2636 1030 2677 21.
1061 2636 1125 2678 22.
1154 2635 1265 2678 Neh.
1294 2637 1330 2688 8,
1361 2637 1423 2678 11.
1454 2638 1514 2679 13.

294 2702 405 2746 LIII.
442 2703 511 2746 Illi
547 2706 610 2747 rei
648 2706 750 2748 olim
788 2706 926 2749 varios
965 2722 993 2760 g
1005 2722 1026 2749 e
1038 2710 1122 2749 stu
1134 2722 1152 2749 s
1181 2723 1205 2749 a
1217 2722 1238 2750 c
1265 2707 1426 2760 ritus,
1456 2709 1724 2752 contritionis
1753 2725 1801 2752 ac

242 2774 399 2817 doloris
427 2776 599 2831 indices,
626 2777 897 2830 adhibebant,
921 2781 969 2820 ut
998 2794 1016 2820 s
1029 2794 1049 2820 c
1059 2779 1073 2819 i
1085 2793 1103 2820 s
1114 2779 1194 2821 sio
1206 2794 1234 2820 n
1245 2794 1266 2821 e
1277 2794 1319 2820 m
1349 2794 1375 2821 v
1385 2794 1406 2822 e
1418 2780 1542 2822 stim
1554 2796 1575 2822 e
1586 2783 1678 2823 nto
1690 2797 1711 2822 r
1721 2797 1800 2823 um

242 2845 348 2889 Joel.
387 2848 423 2900 2,
456 2849 516 2890 12.
548 2849 610 2890 13.
639 2865 666 2891 v
678 2864 698 2890 e
711 2851 845 2891 stem
873 2849 925 2890 111
937 2849 1158 2903 gubrem
1170 2883 1179 2901 ,
1208 2852 1256 2891 ut
1287 2850 1397 2892 sacci
1424 2850 1492 2892 vel
1521 2851 1658 2903 cilicii,
1689 2851 1800 2894 Psal.

241 2918 305 2969 39,
344 2919 405 2959 13.
444 2920 742 2962 sessionem
771 2923 820 2962 et
851 2920 1220 2974 abjectionem
1251 2921 1305 2963 in
1336 2924 1538 2963 terram
1565 2936 1613 2963 ac
1641 2922 1799 2964 cineres

241 3002 470 3042 eorumque
507 2991 551 3032 in
589 2993 716 3045 caput
750 2992 1049 3045 aspersionem,
1086 2992 1138 3034 fa
1150 2992 1195 3035 ci
1206 2993 1252 3035 ei
1281 3008 1299 3035 s
1311 3007 1335 3035 o
1347 3008 1368 3034 r
1379 2992 1429 3034 di
1443 2992 1469 3034 d
1479 3006 1503 3033 a
1513 2993 1592 3035 tio
1603 3008 1631 3035 11
1644 3008 1717 3035 em
1746 2996 1800 3046 et,
