1931 3224
315 100 394 141 454
909 107 1153 152 DISPUTATIO
1183 111 1291 155 XLI.

313 224 464 266 Sedem
500 226 617 267 illam
654 231 916 281 postremam
953 231 1082 274 fuisse
1121 249 1248 286 quam
1276 241 1492 291 postremo
1521 243 1672 285 tenuit.
1703 245 1740 286 5.
1769 246 1878 289 Eam

312 292 621 348 Hierosolymis
662 298 789 350 (unde
827 301 1004 343 verbum
1034 304 1305 355 proditurum
1334 308 1559 365 Evangelii
1589 314 1745 358 diserte
1775 317 1877 360 dici-

312 365 392 414 tur,
423 365 536 406 Esai.
566 368 602 409 2.
633 371 674 410 et
705 369 898 414 Christus
929 379 1246 419 consummatus
1272 378 1352 432 est)
1378 383 1631 426 translatam
1654 385 1699 427 in
1721 387 1876 431 Antio-

312 436 462 488 chiam,
495 439 586 490 (ubi
615 441 743 493 primi
767 442 997 486 Christiani
1024 448 1227 501 appellati
1246 451 1369 504 sunt)
1386 452 1484 495 inde
1499 454 1667 498 demum
1682 457 1875 513 Romam,

310 508 382 549 ubi
420 523 506 550 non
543 512 668 553 modo
707 513 837 555 fuerit
876 517 917 557 et
948 517 1102 560 vixerit
1130 521 1288 563 multos
1318 538 1464 577 annos,
1496 527 1568 568 sed
1598 530 1639 570 et
1667 532 1874 585 martyrio

311 583 624 622 consummatus
664 584 731 625 sit.
769 585 887 628 Adeo
928 590 977 629 ut
1008 588 1056 641 is,
1087 591 1160 643 qui
1186 592 1248 633 illi
1277 593 1435 637 ibidem
1468 612 1720 653 quocunque
1747 604 1873 646 modo

308 651 566 704 successerit,
606 654 706 696 licet
734 656 816 698 fide
846 660 887 699 et
916 659 1142 704 dilectione
1169 663 1310 717 impar
1337 666 1525 721 reliquis,
1556 671 1686 712 etiam
1714 672 1758 713 in
1786 674 1874 727 pri-

307 721 509 774 vilegium
552 727 593 765 et
627 727 696 778 jus
736 727 853 770 Petri
892 734 1152 775 successerit.
1191 735 1252 777 At
1288 736 1445 780 Paulus
1486 743 1678 792 quamvis
1715 744 1874 788 scribat

307 792 522 846 Romanis,
548 797 589 836 et
613 795 776 840 Romae
801 800 1004 852 epistolas
1029 803 1083 844 ad
1108 803 1293 859 Galatas,
1319 807 1478 862 Ephes.
1504 810 1660 866 Philip.
1686 813 1870 858 Timoth.

304 862 483 906 Philem.
525 862 736 920 nusquam
779 869 897 912 Petri
935 872 979 913 in
1017 874 1347 920 salutationibus
1387 881 1473 922 suis
1510 883 1715 926 meminit.
1755 885 1871 935 Quae

304 949 448 978 omnes
486 937 746 992 hypotheses
783 941 935 985 divinis
964 945 1232 1002 testimoniis,
1264 950 1418 1002 quibus
1445 953 1548 995 fides
1575 955 1740 1009 nititur,
1770 974 1871 1012 pro-

302 1007 466 1049 bandae
496 1012 626 1051 erant.
657 1010 716 1052 At
744 1013 852 1054 nihil
880 1015 1020 1057 minus
1048 1022 1239 1073 possunt,
1270 1022 1343 1063 sed
1372 1023 1425 1065 ad
1453 1025 1729 1070 traditionem
1757 1045 1869 1073 eam-

305 1092 386 1129 que
424 1079 641 1134 incertam,
681 1082 751 1125 hic
789 1085 1017 1139 confugere
1056 1104 1225 1133 necesse
1266 1092 1448 1147 habent3
1488 1097 1556 1138 cui
1591 1099 1694 1141 fides
1723 1104 1870 1145 nostra

302 1149 428 1191 inniti
470 1166 555 1193 non
597 1157 754 1207 potest.
796 1156 888 1199 Imo
930 1173 1030 1202 vero
1079 1163 1214 1204 omnis
1254 1179 1337 1217 qua
1374 1165 1532 1209 fruitur
1568 1173 1869 1224 praerogativa

302 1220 503 1264 Pontifex
542 1224 772 1280 Romanus,
806 1229 979 1272 humani
1009 1234 1154 1285 potius
1184 1238 1225 1277 et
1253 1236 1532 1292 imperatorii,
1563 1244 1668 1294 puta
1697 1242 1867 1288 Phocae

301 1292 423 1347 impii
454 1298 495 1337 et
523 1296 752 1351 Regicidae
781 1299 1070 1357 Imperatoris,
1103 1308 1164 1347 est
1193 1307 1393 1351 instituti.

354 1365 487 1408 XXX.
524 1367 615 1410 Imo
654 1385 753 1412 vero
792 1372 1033 1428 Episcopus
1072 1380 1113 1419 et
1145 1379 1264 1433 Papa
1292 1380 1522 1436 Romanus,
1553 1385 1653 1428 dum
1682 1402 1725 1429 se
1754 1389 1865 1430 uni-

302 1452 491 1480 versae
528 1439 815 1485 Ecclesiae
844 1444 941 1487 Dei
971 1450 1022 1488 et
1052 1448 1281 1503 Christi,
1311 1452 1616 1509 Dominum,
1646 1458 1865 1514 Regem,

299 1507 665 1564 Monarcham,
696 1512 963 1567 Sponsum
995 1522 1045 1561 et
1075 1519 1355 1576 Maritum,
1386 1525 1559 1580 Caput
1589 1532 1638 1571 et
1662 1529 1866 1574 Funda-

297 1583 551 1634 mentum,
587 1584 774 1638 itemque
814 1588 1082 1632 vicarium
1118 1592 1219 1635 Dei
1258 1595 1312 1636 in
1340 1596 1426 1639 his
1456 1600 1646 1652 terris,
1676 1605 1726 1643 et
1753 1605 1865 1646 uni-

297 1653 565 1695 versalem
601 1655 953 1713 Episcopum,
994 1677 1067 1705 sen
1100 1664 1434 1721 Episcopum
1462 1670 1864 1727 Episcoporum

296 1737 458 1775 vocare,
503 1728 544 1767 et
587 1742 665 1780 pro
707 1729 759 1770 iis
801 1745 843 1773 se
883 1747 1030 1786 gerere
1066 1750 1152 1777 non
1189 1741 1379 1790 veretur;
1417 1741 1544 1794 idque
1583 1758 1678 1786 cum
1716 1746 1863 1789 salutis

294 1796 547 1838 necessitate
578 1798 831 1843 eredendum
860 1806 1029 1857 asserit3
1056 1806 1369 1852 Antichristum
1392 1811 1514 1855 illum
1538 1829 1580 1856 se
1604 1830 1750 1859 revera
1773 1833 1861 1861 esse

296 1879 344 1906 eo
374 1866 468 1919 ipso
500 1867 775 1925 demonstrat,
805 1876 853 1915 ut
882 1876 955 1928 qui
984 1892 1193 1920 summam
1221 1884 1491 1937 potestatem,
1523 1885 1691 1930 Christo
1720 1889 1861 1944 reipsa

293 1939 513 1991 propriam
551 1941 725 1995 invadit,
765 1946 940 1998 ejnsque
973 1962 1016 1989 se
1047 1953 1288 1993 consortem
1318 1953 1433 2006 facit,
1464 1955 1678 2001 Ecclesiae
1706 1959 1788 2003 Dei
1818 1965 1860 2004 et

294 2012 506 2053 conservis
536 2015 621 2055 suis
651 2030 694 2057 se
723 2018 930 2070 praefert:
961 2034 1086 2072 quem
1115 2022 1159 2063 in
1187 2025 1349 2078 templo
1380 2026 1461 2068 Dei
1490 2042 1714 2082 sessurum,
1745 2034 1786 2073 et
1817 2047 1860 2074 se

293 2081 501 2125 elaturum
540 2101 668 2139 super
698 2103 822 2130 omne
852 2091 965 2142 quod
994 2091 1148 2134 dicitur
1177 2094 1292 2137 Deus
1322 2099 1396 2138 aut
1424 2113 1592 2152 numen,
1622 2100 1858 2155 Apostolus

292 2154 512 2208 praedicit,
542 2158 578 2199 2.
610 2158 755 2201 Thess.
786 2162 822 2202 2.

344 2224 500 2268 XXXI.
549 2228 761 2282 Equidem
806 2232 904 2274 dum
947 2249 990 2276 se
1033 2235 1249 2290 Herum,
1293 2239 1599 2295 Dominum,
1652 2243 1857 2288 Princi-

289 2309 424 2347 pem,
456 2297 675 2352 Regem,
704 2301 1052 2347 Monarcham
1079 2306 1368 2352 Ecclesiae
1399 2312 1512 2364 dicit,
1544 2314 1738 2358 absolute
1763 2317 1856 2370 qui-

289 2366 394 2419 dem,
436 2370 575 2420 quoad
614 2372 864 2427 spiritualia,
904 2376 947 2417 in
986 2379 1295 2431 temporalibus
1327 2397 1426 2425 vero
1457 2384 1699 2439 universim,
1729 2388 1856 2441 idque

290 2452 383 2478 cum
419 2444 629 2494 respectu,
669 2447 877 2496 quatenus
917 2462 965 2489 ea
1003 2449 1055 2490 ad
1083 2451 1324 2503 spiritualia
1353 2454 1546 2497 ordinata
1575 2460 1684 2510 sunt,
1716 2473 1764 2500 ac
1793 2474 1853 2512 ea,

289 2524 396 2562 quae
435 2511 611 2555 Domini
652 2530 700 2557 ac
732 2516 864 2570 Regis
893 2522 1003 2572 sunt,
1033 2522 1136 2574 agit,
1166 2525 1214 2564 ut
1241 2523 1340 2565 dum
1368 2540 1443 2567 ceu
1473 2527 1693 2580 legislator
1722 2530 1854 2573 inter-

287 2584 483 2634 pretandi
524 2585 666 2628 divina
704 2590 962 2641 potestatem
993 2592 1074 2634 sibi
1103 2593 1372 2638 infallibilem
1402 2602 1589 2653 arrogat,
1621 2601 1671 2643 de
1700 2602 1852 2645 divinis

287 2653 517 2708 dispensat,
548 2672 680 2710 eaque
706 2659 900 2714 abrogat,
925 2661 1039 2715 leges
1066 2665 1306 2719 obligantes
1333 2669 1634 2712 conscientiam
1656 2671 1740 2726 ipsi
1755 2672 1849 2725 fert,

286 2726 536 2768 tantundem
565 2726 639 2782 est,
671 2746 719 2772 ac
747 2732 781 2773 si
811 2733 905 2785 quis
934 2735 1129 2778 minister
1152 2740 1226 2779 aut
1251 2753 1406 2792 servus,
1433 2742 1506 2782 aut
1531 2741 1659 2783 etiam
1682 2742 1849 2796 legatus

287 2809 329 2836 se
358 2795 591 2841 Dominum
622 2816 670 2843 ac
698 2802 862 2857 Regem
890 2805 1061 2859 faceret,
1087 2810 1160 2849 aut
1185 2823 1293 2861 quae
1318 2809 1493 2852 Domini
1508 2814 1618 2864 sunt,
1635 2812 1716 2854 sibi
1731 2829 1850 2857 arro-

286 2869 419 2917 garet.
460 2868 581 2917 Quod
620 2875 682 2914 est
721 2877 934 2918 contraria-
967 2881 1147 2931 nectere,
1178 2882 1219 2922 et
1247 2880 1386 2924 laesae
1413 2882 1651 2935 Majesta-tis
1681 2884 1847 2927 divinae

289 2937 445 2980 crimen
480 2944 755 2986 committere.
