1931 3224
272 147 322 188 92
875 140 1114 182 stpu‘m'rxo
1141 138 1213 180 XI.

272 283 415 312 causas
456 267 669 319 secundas,
712 266 848 318 iisque
888 265 973 305 vim
1015 262 1167 316 agendi
1210 262 1422 313 tribuisse,
1466 264 1509 303 et
1549 264 1639 302 tam
1677 276 1823 304 causas

272 355 398 393 quam
437 339 614 380 virtutes
651 338 703 379 iis
740 337 896 378 inditas
930 349 1188 385 conservare,
1220 347 1288 374 eas
1317 334 1459 373 autem
1485 332 1638 373 intima
1667 333 1838 375 virtute-

271 410 322 452 ad
350 411 513 451 motum
544 411 585 450 et
614 409 822 450 actionem
852 421 937 447 non
965 405 1194 458 impellere.
1220 403 1328 445 Item
1352 403 1475 445 liberi
1499 402 1666 444 arbitrii
1690 404 1824 445 actio-

269 495 343 522 nes
380 495 405 521 a
434 479 524 521 Deo
554 493 640 520 non
668 477 906 532 procedere,
934 476 1017 516 nisi
1046 475 1274 516 secundum
1302 473 1632 516 indifferentiam
1661 474 1714 516 ad
1746 475 1824 517 bo·-

270 566 371 592 num
408 553 450 592 et
485 550 652 591 malum.
690 548 838 600 Itaque
879 546 1016 587 Deum
1044 561 1130 587 non
1161 559 1250 587 esse
1279 559 1448 586 causam
1476 545 1692 587 actionum
1720 547 1823 600 ejus,

269 622 351 662 nisi
387 623 592 673 quatenus
629 619 808 660 liberum
845 618 1067 659 arbitrium
1105 632 1130 658 a
1159 616 1250 658 Deo
1281 619 1344 658 est
1373 619 1415 658 et
1444 620 1728 660 conservatur.
1757 618 1824 660 Ex

270 707 352 744 qua
389 691 587 744 opinione
625 690 667 731 id
704 691 873 742 praeter
908 688 992 730 alia
1029 688 1200 730 absurdi
1229 689 1433 741 sequitur,
1463 689 1578 742 quod
1606 704 1731 731 causa
1759 705 1823 733 se-

269 762 402 804 cunda
439 763 634 815 respectu
672 760 934 813 singularum
974 760 1202 812 actionum,
1232 760 1441 801 rationem
1469 760 1646 803 habebit
1675 776 1823 805 causae

267 835 428 889 primae
455 836 497 875 et
519 832 646 887 primi
674 832 895 883 moventis,
926 831 1025 884 quia
1048 831 1238 873 movebit
1265 846 1350 873 non
1378 834 1516 883 mota3
1548 835 1589 874 et
1613 833 1675 875 ita
1700 836 1823 875 erunt

267 905 388 959 plura
425 904 562 958 prima
598 903 821 957 principia,
861 905 902 944 et
939 902 1052 944 Deus
1090 902 1163 954 qui
1201 904 1264 944 est
1298 903 1484 956 primum
1512 917 1599 955 ens,
1627 918 1713 945 non
1743 905 1824 947 erit

266 976 439 1029 proprie
477 989 602 1016 causa
638 973 885 1015 universalis
921 972 1110 1015 omnium
1141 973 1315 1015 entium.
1350 973 1554 1016 Addimus
1583 974 1664 1017 hoc
1694 976 1823 1018 etiam

268 1046 407 1099 quoad
433 1046 557 1088 fidem
586 1047 627 1087 et
653 1045 765 1086 bona
790 1059 930 1098 opera,
955 1043 1318 1097 Pelagianismum
1341 1045 1484 1087 induci
1506 1045 1586 1088 hac
1611 1047 1822 1102 opinione.

319 1116 453 1159 XVII.
495 1116 693 1158 Ordinem
734 1131 872 1158 rerum
909 1115 962 1157 ad
997 1115 1136 1167 finem,
1176 1116 1402 1170 praecipue
1439 1117 1649 1171 ultimum,
1679 1121 1823 1173 provi-

267 1189 431 1231 dentiae
460 1188 540 1230 Dei
571 1189 699 1230 etiam
729 1188 1003 1241 subjecimus;
1033 1202 1170 1241 neque
1197 1188 1309 1229 enim
1338 1190 1508 1230 tantum
1532 1190 1583 1232 ad
1610 1205 1702 1233 eam
1725 1207 1822 1246 per-

265 1260 373 1302 tinet
400 1260 634 1301 mediorum
662 1258 715 1301 ad
742 1260 868 1301 finem
897 1260 1120 1312 ordinatio,
1151 1260 1223 1302 sed
1251 1260 1346 1302 finis
1372 1276 1540 1314 quoque
1566 1264 1822 1306 consecutio.

265 1330 377 1374 Nam
417 1332 495 1372 etsi
532 1331 811 1384 providentia,
852 1333 898 1372 ut
926 1332 970 1372 in
999 1331 1172 1374 homine
1202 1332 1503 1385 consideratur,
1535 1333 1716 1376 defectui
1746 1335 1821 1377 ob-

264 1402 402 1454 noxia,
432 1405 473 1445 et
502 1418 609 1456 quae
633 1403 829 1445 frustrari
854 1404 1002 1457 possit,
1028 1419 1154 1458 saepe
1179 1405 1386 1447 consistat
1410 1405 1500 1447 sine
1524 1406 1822 1449 consecutione

262 1474 357 1515 finis
395 1489 419 1515 a
457 1475 707 1528 providente
745 1476 923 1526 intenti;
960 1475 1004 1516 id
1039 1478 1183 1517 tamen
1224 1476 1273 1518 de
1311 1477 1579 1531 providentia
1616 1477 1698 1520 Dei
1740 1479 1822 1521 dici

263 1560 347 1587 non
384 1545 520 1598 debet,
558 1547 658 1599 quia
694 1562 857 1602 semper
884 1547 988 1589 illud
1019 1548 1157 1590 evenit
1183 1549 1297 1602 quod
1326 1548 1454 1601 Deus,
1483 1552 1705 1603 tamquam
1730 1550 1822 1592 uni·

263 1617 434 1658 versalis
468 1618 654 1659 omnium
698 1619 904 1672 προνοητής
947 1622 1197 1662 eventurum
1217 1621 1441 1674 ordinavit,
1466 1623 1595 1674 atque
1619 1621 1699 1663 sibi
1721 1636 1821 1676 pro-

262 1690 416 1743 posuit.
446 1688 561 1738 Quae
591 1690 703 1731 enim
730 1691 840 1733 inter
867 1707 933 1733 res
962 1693 1124 1734 creatas
1154 1692 1424 1746 particularis
1454 1691 1632 1744 alicujus
1672 1707 1820 1735 causae

263 1759 451 1801 ordinem
481 1760 762 1813 egrediuntur,
793 1777 868 1815 per
897 1761 1024 1804 aliam
1054 1777 1223 1804 causam
1250 1763 1564 1816 particularem,
1589 1764 1634 1805 in
1658 1764 1820 1817 primae

263 1833 304 1872 et
332 1831 579 1873 universalis
611 1832 800 1874 ordinem
828 1833 1060 1875 incurrunt.

314 1901 471 1944 XVIII.
500 1902 672 1944 Rectius
700 1904 832 1957 igitur
857 1904 1054 1957 dicemus,
1080 1905 1131 1947 ad
1157 1906 1472 1960 providentiam
1497 1922 1582 1949 non
1606 1907 1821 1961 pertinere

262 1976 308 2015 ut
347 1989 422 2026 per
460 1989 550 2016 eam
579 1989 644 2016 108
675 1990 951 2029 unaquaeque
983 1977 1035 2018 ad
1064 1977 1192 2019 finem
1225 1977 1526 2040 particularem
1555 1978 1638 2020 sibi
1669 1993 1820 2020 conve-

261 2045 446 2087 nientem
476 2046 695 2099 dirigatur,
721 2047 792 2089 sed
817 2048 1044 2091 absolute
1034 2065 1077 2091 111
1101 2049 1228 2092 finem
1253 2050 1326 2103 qui
1348 2048 1432 2092 1011
1456 2050 1576 2103 operi
1601 2049 1818 2103 congruit3

262 2117 472 2169 quomodo
503 2118 574 2169 qui
602 2117 718 2171 ligna
747 2120 992 2162 comburit
981 2136 1026 2162 111
1048 2121 1221 2174 familia,
1247 2136 1334 2164 non
1351 2115 1408 2164 00
1432 2108 1635 2163 ordinat
1623 2136 1667 2162 111
1691 2121 1818 2164 finem

260 2186 388 2240 lignis
427 2188 755 2240 convenientem,
794 2190 866 2231 sed
903 2191 1090 2234 familiae
1127 2193 1251 2234 unius
1289 2207 1434 2234 curam
1463 2194 1595 2246 gerit3
1626 2208 1753 2246 quam
1783 2194 1818 2236 81

262 2272 355 2298 cum
383 2259 598 2300 nonnullis
637 2263 820 2314 σκληρῶς,
861 2278 912 2305 110
952 2264 1053 2316 quid
1089 2264 1259 2318 gravius
1302 2265 1451 2317 dicam,
1489 2266 1818 2319 pronunciemus

261 2329 666 2381 providentiam
704 2332 803 2375 Dei
841 2334 1135 2387 aliquando
1169 2336 1438 2380 frustrari
1467 2338 1817 2381 assecutione

260 2398 414 2450 finis,
447 2415 696 2455 quocunque
727 2418 851 2446 sensu
878 2405 1154 2460 intelligatur.
1185 2407 1264 2449 Est
1294 2409 1405 2451 enim
1434 2411 1702 2464 providentia
1735 2411 1816 2454 Dei

261 2485 344 2523 qua
371 2486 436 2512 res
465 2472 684 2526 gubernat,
716 2474 865 2516 similis
895 2477 1186 2528 providentiae
1217 2493 1300 2531 qua
1329 2481 1635 2534 paterfamilias
1661 2483 1816 2536 guber-

259 2544 333 2583 nat
370 2542 551 2595 domum,
581 2547 622 2586 et
650 2560 722 2587 rex
752 2546 978 2600 civitatem,
1010 2549 1162 2601 quibus
1189 2550 1348 2593 bonum
1377 2567 1598 2595 commune
1629 2554 1814 2596 eminen-

260 2614 343 2655 tius
372 2616 434 2656 est
463 2615 679 2669 singulari,
712 2632 817 2670 quae
847 2633 972 2661 causa
1001 2623 1064 2662 est
1093 2637 1166 2663 cur
1193 2623 1288 2676 plus
1318 2625 1542 2666 attendant
1571 2625 1672 2678 quid
1700 2640 1814 2668 com-

260 2685 457 2728 munitati
486 2687 720 2740 conveniat,
751 2704 877 2742 quam
908 2691 1008 2744 quid
1036 2693 1109 2734 uni
1137 2695 1316 2737 tantum.
1358 2701 1360 2703 ’

313 2754 425 2797 XIX.
464 2756 579 2799 Inter
615 2774 680 2801 res
712 2759 1010 2812 gubernationi
1045 2763 1126 2806 Dei
1156 2765 1366 2818 subjectas
1394 2768 1437 2810 id
1467 2769 1595 2810 etiam
1624 2768 1812 2811 animad-

260 2827 518 2879 vertendum,
571 2844 658 2871 esse
701 2831 915 2884 quasdam,
958 2833 1110 2886 quibus
1152 2835 1267 2878 Deus
1310 2839 1508 2891 providet
1549 2843 1728 2894 propter
1769 2856 1812 2882 se

259 2896 394 2950 ipsas3
427 2898 528 2940 alias
558 2902 708 2953 autem,
740 2903 890 2955 quibus
921 2907 1097 2957 propter
1121 2906 1247 2959 aliud,
1273 2909 1354 2950 111
1343 2924 1388 2950 111
1413 2910 1538 2952 domo
1563 2914 1740 2965 propter
1769 2928 1812 2955 se

260 2967 534 3020 providentur
573 2985 621 3012 ea
657 2972 699 3013 in
740 2973 891 3025 quibus
928 2975 1086 3018 bonum
1125 2977 1272 3020 domus
1312 2981 1516 3034 consistit,
1556 2983 1680 3025 sicuti
1722 2983 1811 3035 filii,
