1931 3224
555 101 619 144 DE
648 100 796 144 Dwm
824 101 1226 145 PRAEDEsrmATmNE.
1587 104 1664 146 237

105 226 373 280 Augustinus
401 226 452 267 de
481 226 593 268 bono
622 227 973 280 perseverantiae,
1006 242 1095 280 cap.
1126 226 1187 268 11.
1217 229 1331 268 recte
1359 231 1516 279 monet,
1540 227 1666 270 Uni-

105 312 292 339 versae
321 299 496 339 autem
524 298 644 340 viae
672 297 910 347 Domini,
940 298 1330 340 misericordia
1354 301 1404 340 et
1432 298 1661 340 veritas:

105 367 651 422 impervestigabilis
691 384 818 424 ergo
850 371 931 411 est
959 369 1364 420 misericordia,
1395 371 1484 421 qui
1513 370 1666 422 cujus

106 439 244 489 vult,
283 440 597 491 miseretur,
636 441 809 482 nullis
848 440 1314 494 praecedentibus
1352 441 1587 490 meritis3
1617 443 1667 482 et

106 509 644 565 impervestigabilis
673 513 905 563 veritas,
938 513 1063 565 quia
1094 527 1248 565 quem
1272 512 1408 563 vult,
1435 512 1668 553 obdurat

108 582 219 634 ejus
271 581 486 634 quidem
528 583 995 635 praecedentibus
1038 583 1275 634 meritis,
1320 582 1410 624 sed
1454 597 1567 624 cum
1607 597 1664 624 eo

108 654 260 706 cujus
287 653 603 705 miseretur,
634 654 957 707 plerumque
987 654 1370 696 communibus.
1399 653 1458 695 Et
1482 654 1667 707 Prosper

107 725 157 768 de
185 725 320 767 libero
351 725 529 767 arbitrio
559 725 611 767 ad
639 725 871 777 Ruffinum,
902 725 1161 767 Omnibus
1186 726 1240 766 in
1268 725 1415 767 Adae
1443 740 1666 778 praeva-

107 796 381 838 ricatione
418 797 748 849 prostratis,
789 797 896 838 nisi
936 796 1195 849 quosdam
1234 798 1539 837 assumeret
1577 796 1666 836 mi-

108 868 347 909 sericors
377 867 583 920 gratia,
614 869 857 909 maneret
882 882 1043 920 super
1067 868 1355 909 universos
1377 867 1667 920 inculpata

103 940 353 992 justitia3
395 953 528 991 quae
567 941 745 980 autem
784 939 860 980 sit
888 938 1046 980 illius
1077 938 1437 980 discretionis
1467 937 1520 978 111
1550 952 1667 979 0011-

109 1010 239 1052 silio
278 1009 376 1051 Dei
416 1024 574 1051 causa
612 1009 696 1051 vel
733 1009 901 1060 ratio,
941 1011 994 1050 et
1033 1024 1195 1063 supra
1223 1008 1550 1050 facultatem
1580 1009 1667 1050 hu-

107 1096 291 1123 manae
321 1080 662 1122 conditionis
691 1079 1021 1132 inquiritur,
1051 1082 1102 1121 et
1131 1081 1246 1122 sine
1276 1080 1412 1122 fidei
1441 1081 1668 1122 diminu-

108 1152 258 1194 tione
298 1151 565 1203 nescitur,
596 1151 749 1192 modo
781 1150 1170 1203 confiteamur,
1199 1152 1465 1194 neminem
1494 1153 1668 1195 imme-

107 1223 217 1265 rito
247 1222 426 1276 perdi,
453 1223 720 1264 neminem
748 1222 944 1264 merito
973 1222 1214 1264 liberari.

162 1293 248 1335 LX.
286 1293 379 1335 Imo
419 1296 461 1335 et
487 1294 580 1347 ipse
608 1292 806 1334 Calvinus
836 1308 884 1334 ac
913 1292 1026 1334 Beza
1054 1293 1137 1335 hoc
1167 1308 1335 1347 quoque
1363 1310 1668 1348 nonnunquam

106 1365 332 1416 inculcant,
364 1368 511 1407 contra
541 1379 624 1415 eos,
655 1364 727 1416 qui
754 1364 884 1406 talem
913 1363 1099 1416 aliquam
1131 1365 1370 1407 absolutam
1398 1366 1442 1407 in
1471 1366 1562 1408 Deo
1592 1382 1666 1408 vo-

107 1437 317 1478 luntatem
343 1436 414 1478 hic
444 1435 835 1487 comminiscuntur,
867 1435 1013 1487 quales
1044 1435 1217 1487 quidam
1245 1436 1357 1478 inter
1380 1436 1666 1479 Scholasticos

106 1508 289 1550 fuerunt.
315 1507 385 1550 Sic
409 1508 599 1560 loquitur
624 1506 820 1548 Calvinus
836 1506 885 1547 de
902 1506 1066 1547 occulta
1081 1505 1161 1547 Dei
1176 1507 1446 1559 providentia
1463 1508 1607 1549 statim
1623 1509 1665 1549 in

107 1579 254 1621 initio:
289 1578 618 1631 Quamquam
645 1577 778 1618 mihi
806 1577 905 1618 Dei
932 1576 1189 1618 voluntas
1219 1593 1419 1620 summa
1444 1581 1528 1620 est
1552 1594 1665 1621 cau-

110 1664 186 1702 sa,
214 1650 416 1703 ubique
439 1652 616 1691 tamen
642 1649 827 1700 doceo,
853 1648 944 1689 ubi
969 1648 1021 1689 in
1046 1648 1299 1690 consiliis
1326 1652 1377 1691 et
1401 1650 1664 1702 operibus

111 1736 274 1763 causa
310 1735 416 1763 non
446 1721 695 1775 apparet,
727 1719 867 1773 apud
898 1734 1011 1760 eum
1039 1721 1217 1760 tamen
1248 1733 1363 1760 esse
1393 1719 1675 1761 abscondi-

110 1795 240 1844 tam;
269 1795 326 1834 ut
354 1792 497 1834 nihil
525 1791 633 1833 nisi
658 1792 808 1843 juste
838 1792 889 1832 et
917 1790 1202 1843 sapienter
1228 1790 1544 1832 decreverit.
1570 1790 1677 1832 Ita-

114 1879 212 1918 que
250 1864 391 1918 quod
419 1864 477 1906 de
508 1863 766 1905 absoluta
796 1863 1079 1915 potestate
1107 1864 1385 1914 nugantur
1415 1860 1670 1903 Scholas-

113 1934 236 1986 tici,
274 1949 378 1976 non
416 1934 589 1976 solum
625 1933 874 1987 repudio,
914 1933 1006 1974 sed
1043 1933 1207 1974 etiam
1246 1933 1520 1985 detestor,
1552 1933 1678 1986 quia

109 2006 393 2059 justitiam
423 2006 538 2058 ejus
574 2005 636 2046 ab
668 2005 900 2058 imperio
925 2019 1122 2059 separa
1138 2004 1296 2046 nt.'Et
1319 2004 1431 2046 Beza
1456 2004 1675 2057 Colloquio

113 2076 347 2130 Mompelg.
377 2077 522 2130 pagin.
554 2076 643 2117 162.
672 2076 823 2117 Hanc
854 2078 1033 2117 tamen
1061 2075 1418 2127 voluntatem,
1445 2075 1557 2117 sive
1580 2075 1681 2117 hoc

116 2147 394 2189 decretum
431 2146 628 2201 ipsius,
658 2161 933 2199 nunquam
961 2161 985 2187 a
1010 2145 1244 2198 justitia
1274 2147 1324 2187 et
1354 2160 1480 2187 vera
1509 2147 1679 2186 recta-

117 2232 215 2270 que
245 2217 467 2258 ratione
496 2217 855 2271 sejungimus,
886 2220 936 2260 et
967 2232 1177 2270 semper
1203 2217 1680 2268 ordinatissimam,

118 2288 364 2341 quamvis
405 2287 552 2341 ipsis
596 2289 759 2330 etiam
801 2289 1028 2343 Angelis
1069 2288 1521 2338 inscrutabilem,
1566 2302 1681 2329 esse

117 2360 406 2409 oredimus,
463 2361 513 2400 et
548 2362 844 2414 propterea
878 2361 1133 2402 miramur
1170 2362 1220 2401 et
1251 2359 1556 2409 adoramus,
1588 2372 1681 2399 nec

119 2431 279 2472 aliam
309 2430 618 2472 absolutam
645 2431 699 2472 in
728 2430 836 2473 Deo
866 2431 1212 2473 voluntatem
1241 2431 1602 2484 agnoscimus.

171 2501 281 2544 LXI.
325 2501 561 2543 Concidunt
604 2516 705 2555 ergo
748 2517 823 2543 sua
862 2504 1014 2554 sponte
1054 2516 1200 2543 omnes
1241 2502 1487 2552 calumniae,
1529 2500 1681 2552 quibus

120 2573 226 2616 haec
269 2574 462 2615 doctrina
505 2587 529 2614 a
570 2572 783 2614 nonnullis
828 2575 1041 2626 gravatur.
1085 2573 1149 2614 Ac
1192 2572 1370 2625 proinde
1409 2571 1452 2612 in
1491 2570 1682 2612 Ecclesia

122 2642 291 2696 Christi,
336 2659 432 2685 cum
475 2643 590 2684 omni
631 2646 776 2685 tamen
819 2643 1063 2694 sobrietate,
1110 2644 1160 2685 de
1204 2658 1252 2685 ea
1289 2656 1593 2694 nonnunquam
1633 2656 1683 2682 ex

123 2714 345 2768 Scriptura
379 2714 506 2757 Sacra
539 2714 749 2767 agendum
783 2715 1031 2764 asserimus3
1057 2714 1156 2767 quia
1184 2728 1232 2755 ex
1257 2713 1338 2754 hac
1362 2711 1682 2765 comparatione

122 2785 204 2828 Dei
226 2787 469 2840 benignitas
494 2800 542 2828 eo
565 2785 704 2838 magis
729 2800 830 2839 erga
853 2801 931 2828 nos
957 2786 1103 2836 elucet,
1130 2787 1177 2826 ut
1202 2783 1359 2825 Paulus
1384 2783 1506 2824 Rom.
1534 2783 1596 2834 11,
1620 2783 1682 2824 22.

125 2860 292 2908 monet3
332 2860 374 2900 et
413 2857 512 2910 quia
546 2857 646 2898 hinc
672 2871 750 2898 nos
781 2857 857 2898 sub
887 2856 969 2898 Dei
992 2856 1162 2909 judiciis
1193 2857 1313 2896 tanto
1345 2854 1482 2908 magis
1509 2854 1684 2895 humili-

133 2943 265 2982 amus,
296 2931 343 2970 ut
368 2928 583 2982 justitiam
612 2930 655 2969 et
683 2926 938 2980 sapientiam
967 2927 1068 2979 ejus,
1093 2926 1195 2967 licet
1217 2925 1340 2967 nobis
1364 2924 1591 2978 aliquando
1617 2938 1686 2966 oc-
