1931 3224
530 137 594 180 DE
622 137 853 182 DISCIPLINA
879 140 1197 184 EccmsmercA.
1563 146 1640 188 579

83 256 266 299 domus
303 257 423 313 Dei,
461 263 520 302 ut
556 277 659 305 non
688 263 1072 317 ingrederetur
1100 266 1401 309 immundus
1429 268 1545 309 ulla
1574 285 1639 311 re.

133 327 249 371 XIII.
292 329 341 372 Id
384 346 514 384 quum
560 333 610 376 de
651 334 902 389 impuritate
945 338 1214 380 ceremoniali
1256 339 1530 382 manifestum
1573 341 1640 393 sit,

80 399 215 442 multo
244 402 381 455 magis
406 403 456 445 de
485 406 636 447 morali
667 407 917 460 impuritate
947 410 1027 451 erit
1055 410 1338 463 statuendum,
1371 426 1501 465 quum
1530 427 1643 454 cere-

79 471 276 513 monialis
305 472 378 514 illa
406 474 643 529 impuritas,
675 479 880 521 moralem
908 480 1203 535 impuritatem
1232 483 1532 537 designaverit,
1562 485 1642 526 sic-

78 541 142 583 uti
181 541 399 595 Propheta
437 544 670 603 Haggaeus
710 564 799 604 cap.
839 552 876 603 2,
918 552 979 593 12.
1011 553 1208 606 exponit3
1239 557 1281 596 et
1309 554 1424 597 Deus
1455 571 1550 597 cum
1578 556 1642 597 in-

79 612 334 656 circumcisis
376 631 511 671 carne,
556 620 684 662 etiam
724 622 1041 666 incircumcisos
1084 625 1221 678 corde,
1259 626 1303 667 in
1341 627 1580 669 exclusione
1620 643 1644 668 a

79 686 319 728 sanctuario
362 690 597 744 conjungit,
635 692 789 735 Ezech.
827 695 892 747 44,
930 697 966 737 9.
1007 695 1172 738 Nemo
1209 698 1539 753 peregrinus
1567 698 1641 740 in-

79 755 432 801 circumcisus
462 775 641 815 carne,
672 766 763 805 aut
791 765 1212 810 incircumcisus
1237 769 1396 811 corde
1420 770 1473 811 in
1495 785 1641 812 sanc-

77 827 316 870 tuarium
358 845 526 873 meum
566 836 762 877 veniet.
807 835 929 885 Quod
972 839 1051 880 etsi
1093 840 1270 893 mystice
1312 842 1362 883 de
1401 843 1640 884 sanctuario

77 895 190 940 Novi
228 899 490 945 Testamenti
528 905 598 947 hic
635 906 962 961 intelligendum
1005 925 1296 963 agnoscamus,
1335 915 1478 954 tamen
1517 914 1643 955 simul

78 973 224 1023 aperte
263 971 447 1027 denotat,
488 976 590 1028 quid
626 978 671 1019 in
710 982 885 1022 externo
915 980 991 1023 illo
1023 983 1264 1025 sanctuario
1291 982 1459 1026 Veteris
1493 984 1642 1027 Testa-

49 1073 52 1076 <
76 1042 210 1083 menti
239 1042 368 1086 fuerit
399 1045 651 1091 faciendum.
762 1044 765 1047 ⁵

128 1112 245 1156 XIV.
284 1115 366 1158 Sed
403 1121 573 1171 praeter
609 1119 713 1163 haec
750 1125 1002 1175 argumenta
1041 1139 1147 1176 quae
1188 1140 1237 1166 ex
1276 1126 1473 1180 analogia
1500 1127 1640 1180 impu-

74 1184 216 1229 ritatis
269 1190 561 1231 ceremonialis
617 1193 834 1244 petuntur,
878 1196 992 1235 certa
1035 1209 1204 1248 quoque
1246 1200 1343 1238 sunt
1388 1197 1641 1240 documenta

76 1271 183 1308 quae
221 1258 273 1300 ab
312 1259 562 1313 impuritate
600 1263 753 1305 morali
791 1278 841 1305 ex
879 1264 1027 1307 Veteri
1058 1266 1333 1309 Testamento
1365 1269 1639 1322 colliguntur.

74 1327 135 1370 Ut
174 1328 306 1371 Levit.
337 1331 373 1383 6,
402 1333 440 1373 2.
469 1332 537 1374 lex
567 1333 654 1375 lata
684 1337 746 1376 est
777 1335 954 1378 diversis
983 1338 1208 1390 generibus
1237 1338 1452 1382 fraudium
1481 1344 1522 1382 et
1550 1341 1638 1383 fur-

74 1401 238 1452 torum3
269 1404 310 1443 et
338 1402 488 1445 modus
519 1404 779 1458 adjungitur,
811 1421 894 1459 quo
925 1409 1133 1460 ejusmodi
1161 1408 1354 1452 homines
1383 1412 1518 1453 denuo
1545 1427 1639 1454 cum

74 1470 266 1514 Ecclesia
302 1475 569 1517 reconciliari
609 1478 786 1530 possint,
829 1480 869 1519 et
897 1482 1118 1533 peccatum
1147 1480 1251 1522 illud
1282 1483 1458 1536 expiari,
1487 1499 1639 1537 nempe

74 1543 256 1585 redditio
284 1545 346 1586 rei
374 1545 633 1589 interversae
664 1563 758 1590 cum
789 1549 937 1602 quinta
963 1550 1000 1591 ei
1024 1552 1309 1604 superaddita,
1336 1555 1377 1595 et
1401 1554 1637 1597 immolatio

74 1613 218 1656 arietis
254 1615 451 1658 lactentis
487 1633 562 1673 per
599 1620 872 1661 sacerdotem.
912 1619 1034 1662 Unde
1062 1623 1297 1664 necessario
1326 1624 1529 1677 sequitur,
1559 1625 1638 1668 ho-

72 1685 231 1728 minem
260 1688 479 1741 ejusmodi,
509 1693 607 1732 ante
637 1692 701 1733 sui
728 1691 1118 1734 reconciliationem
1143 1708 1238 1736 cum
1254 1694 1426 1738 homine
1440 1696 1636 1740 fraudato

70 1770 147 1809 per
184 1756 245 1798 rei
284 1757 453 1800 ablatae
490 1760 784 1814 redditionem,
815 1765 857 1804 et
887 1777 980 1804 cum
1009 1762 1101 1805 Deo
1130 1779 1206 1818 per
1235 1765 1449 1818 singulare
1478 1767 1637 1809 sacrifi-

71 1827 194 1881 cium,
233 1843 319 1871 non
348 1829 548 1872 habuisse
579 1846 791 1874 accessum
821 1833 874 1874 ad
904 1834 1144 1876 communia
1174 1835 1380 1878 sacrificia
1410 1852 1457 1879 ac
1487 1837 1636 1881 Sacra-

69 1901 214 1942 menta
251 1900 467 1945 Ecclesiae
504 1903 777 1948 Israeliticae.
815 1905 1071 1960 Ubicunque
1109 1907 1221 1950 enim
1259 1910 1512 1962 propitiatio
1552 1911 1636 1952 sin-

71 1970 244 2024 gularis,
282 1973 342 2014 ibi
379 1974 627 2028 impuritas;
658 1976 732 2018 ubi
765 1977 1002 2031 impuritaS,
1041 1979 1101 2021 ibi
1130 1995 1154 2020 a
1183 1980 1312 2023 sacris
1342 1981 1635 2024 communibus

71 2042 268 2095 exclusio,
298 2043 426 2087 Num.
457 2047 518 2099 ]9‚
549 2048 612 2089 20.

122 2113 215 2156 XV.
241 2114 290 2157 Id
312 2116 452 2169 ipsum
468 2132 642 2171 quoque
666 2119 822 2162 invicte
847 2120 1108 2163 demonstrat
1131 2123 1404 2176 reprehensio
1431 2124 1635 2168 Sacerdo-

68 2188 162 2227 tum
188 2185 358 2229 Veteris
388 2187 662 2242 Testamenti,
693 2205 800 2243 quae
829 2194 968 2233 exstat
996 2192 1149 2234 Ezech.
1178 2194 1242 2246 44,
1272 2195 1308 2236 6.
1338 2194 1486 2237 Satis
1516 2199 1633 2239 esto

68 2257 244 2310 vobis,
285 2258 560 2303 discedite
599 2261 661 2302 ab
701 2263 950 2305 omnibus
978 2264 1383 2317 iniquitatibus
1411 2268 1632 2320 vestris,

70 2342 94 2370 o
120 2328 301 2371 domus
324 2329 518 2383 Israel,
546 2332 636 2384 qui
659 2333 1062 2376 introduxistis
1086 2335 1458 2390 alienigenas,
1483 2353 1634 2391 prae-

68 2399 320 2452 putiatos
358 2402 539 2454 corde,
569 2405 619 2444 et
647 2405 1044 2458 praeputiatos
1075 2421 1252 2459 carne,
1283 2410 1340 2449 ut
1371 2412 1552 2450 essent
1581 2409 1633 2450 in

68 2469 398 2514 Sanctuario
425 2488 550 2525 meo,
577 2476 634 2515 ut
657 2474 1027 2527 profanarent
1055 2477 1261 2520 domum
1283 2494 1460 2521 meam.
1479 2479 1633 2530 Quem-

68 2541 296 2584 admodum
328 2542 454 2586 Philo
488 2544 676 2588 Judaeus
709 2547 819 2588 libro
854 2548 904 2589 de
937 2549 1274 2591 sacrificantibus
1300 2553 1496 2603 testatur,
1520 2551 1633 2595 hunc

67 2628 191 2656 usum
227 2615 510 2669 permansisse
544 2617 657 2659 inter
694 2617 880 2661 Judaeos
919 2620 1048 2662 etiam
1077 2636 1152 2663 suo
1180 2623 1388 2675 tempore,
1418 2624 1466 2664 ut
1493 2622 1632 2665 homi-

68 2685 185 2728 cidae
214 2701 300 2728 non
329 2687 657 2731 admitterentur
684 2689 729 2731 in
759 2691 978 2744 templum.
1007 2692 1065 2733 Et
1093 2691 1306 2747 Josephris
1330 2692 1420 2735 Lib.
1444 2694 1482 2735 4.
1509 2710 1542 2736 c.
1569 2695 1629 2736 13.

68 2756 118 2799 de
141 2757 253 2799 bello
279 2757 458 2801 Judaico
486 2759 688 2802 acerrime
711 2760 926 2803 invehitur
949 2762 994 2803 in
1019 2762 1201 2815 Zelotas,
1227 2765 1633 2817 quodJersarentur

68 2827 113 2870 in
140 2829 301 2882 templo
332 2829 528 2871 manibus
557 2831 830 2884 popularium
860 2833 985 2875 caede
1015 2834 1259 2887 calentibus,
1293 2838 1334 2877 et
1363 2836 1510 2891 Antiq.
1540 2837 1629 2881 Lib.

68 2899 130 2941 19.
170 2914 258 2954 cap.
299 2901 335 2943 7.
372 2904 556 2943 testatur
591 2902 721 2945 fuisse
751 2904 960 2956 quendam
988 2904 1265 2948 Pharisaeum
1294 2908 1464 2950 nornine
1492 2908 1631 2952 Simo-

66 2984 176 3022 nem,
215 2973 289 3025 qui
326 2973 568 3028 Agrippam
605 2990 750 3030 regem
789 2977 1016 3020 accusabat
1046 2979 1094 3019 ut
1123 2977 1303 3031 impium
1333 2982 1375 3022 et
1403 2982 1630 3024 arcendum
