1931 3224
505 126 568 168 DE
598 126 638 169 S.
668 126 823 169 Sompw.
853 126 999 168 PnRsP.
1029 141 1076 168 ET
1105 126 1290 168 INTERPR.
1630 129 1681 170 45

121 250 343 292 hominum
371 253 513 292 tamen
536 252 787 302 ministerio,
816 254 857 293 et
882 251 1041 304 judicio
1069 264 1237 303 quoque
1261 250 1408 303 utitur,
1435 265 1482 293 ac
1505 252 1684 305 proinde

123 324 165 363 et
203 321 337 363 Paulo
375 322 656 375 plantandum
692 324 760 374 sit,
791 325 832 364 et
862 322 1021 376 Apollo
1050 321 1288 375 rigandum,
1318 322 1473 365 idcirco
1502 323 1686 365 fatemur

121 393 313 446 libenter,
342 394 387 435 in
416 409 516 436 vera
545 394 704 436 Christi
732 394 924 436 Ecclesia
953 408 1043 437 esse
1069 393 1184 435 aliud
1211 408 1380 447 quoque
1404 395 1687 449 interpretum

123 479 267 518 genus,
306 479 459 518 nempe
496 466 784 517 ministeriale,
825 468 867 507 et
906 466 983 507 sub
1014 465 1105 507 Deo
1137 467 1179 507 et
1208 465 1334 507 verbo
1365 466 1497 519 ipsius
1529 466 1686 508 consti-

122 539 264 579 tutum
275 553 284 588 ς
336 538 402 579 cui
450 541 492 579 et
529 537 747 590 judicandi
790 539 994 591 potestas,
1037 538 1081 578 in
1124 536 1164 578 S.
1209 536 1430 590 Scriptura
1471 537 1685 589 tribuitur,

122 610 147 650 2
185 608 339 651 Chron.
378 610 440 661 19,
470 610 507 652 S.
535 609 689 651 Ezech.
718 609 782 662 44,
813 609 876 650 24.
909 607 1034 650 Zach.
1065 609 1101 660 3,
1132 609 1167 650 7.
1199 609 1220 649 1
1254 607 1346 649 Cor.
1378 608 1414 659 2,
1444 607 1508 649 15.
1540 609 1560 648 1
1593 606 1686 649 Cor.

123 680 185 732 10,
215 681 279 721 15.
305 683 346 722 et
376 695 467 734 cap.
498 681 560 733 14,
591 683 653 723 29.
685 683 762 723 etc.

175 750 375 793 XXVIII.
413 751 493 793 Est
532 755 674 794 autem
714 767 762 794 ea
799 751 1114 805 Interpretandi
1143 751 1210 793 vel
1238 751 1266 793 J
1268 751 1417 792 udican
1424 751 1466 792 di
1495 753 1687 804 potestas

123 822 291 876 duplex,
332 822 399 865 vel
434 823 618 877 publica,
658 823 725 865 vel
761 823 930 876 privata
941 839 950 873 3
985 825 1165 875 utraque
1204 823 1357 864 nititur
1393 822 1617 864 vocatione
1647 823 1689 863 et

126 893 237 935 dono
269 893 487 947 singulari.

176 963 330 1006 XXIX.
362 964 559 1007 Potestas
588 966 791 1019 privatim
816 964 843 1007 J
845 965 1042 1007 udicandi
1068 964 1118 1006 de
1143 964 1295 1006 Sacrae
1319 963 1564 1017 Scripturae
1588 978 1687 1005 Vero

123 1036 190 1078 vel
217 1036 326 1078 falso
356 1051 482 1078 sensu
511 1037 555 1078 in
585 1037 709 1079 rebus
740 1037 793 1078 ad
824 1037 1004 1078 salutem
1030 1035 1291 1087 necessariis,
1322 1036 1529 1088 competit
1554 1035 1689 1077 omni-

122 1106 201 1150 bus
239 1123 336 1150 vere
373 1108 580 1161 fidelibus,
621 1109 673 1150 ad
686 1113 690 1117 ’
713 1109 1079 1151 confirmationem
1117 1108 1214 1149 fidei
1244 1107 1444 1161 propriae
1474 1109 1516 1148 et
1546 1106 1689 1148 aedifi-

125 1179 338 1221 cationem
376 1179 550 1231 alienae,
589 1180 819 1222 secundum
849 1180 1039 1222 caritatis
1069 1179 1219 1233 legem,
1250 1178 1350 1220 doni
1380 1178 1543 1231 accepti
1572 1192 1690 1218 men-

125 1264 278 1302 suram,
306 1252 347 1292 et
372 1251 609 1293 vocationis
635 1251 824 1294 diversae
853 1252 1075 1293 rationem.
1106 1250 1201 1292 Hoc
1232 1250 1388 1291 diserte
1417 1251 1563 1290 monet
1591 1247 1618 1289 J
1622 1248 1690 1290 oh.

125 1337 215 1376 cap.
247 1322 309 1374 10,
340 1322 376 1364 3.
408 1337 456 1364 ac
486 1322 695 1377 deinceps,
737 1323 873 1365 Oves
911 1324 1027 1365 veri
1055 1322 1303 1377 pastoris
1332 1336 1515 1364 vocem
1545 1320 1690 1362 audi-

125 1395 241 1445 unt,
296 1396 347 1435 et
390 1409 503 1436 eum
546 1398 869 1448 sequuntur,
915 1396 1041 1448 quia
1083 1409 1144 1436 vo
1159 1408 1266 1435 cem
1309 1394 1425 1445 ejus
1468 1394 1689 1441 norunt;

126 1465 365 1507 alienum
403 1468 582 1508 autem
618 1481 960 1520 nequaquam
999 1467 1315 1519 sequentur,
1356 1464 1445 1505 sed
1472 1463 1691 1516 fugient

126 1537 188 1578 ab
227 1552 306 1589 eo,
345 1538 472 1590 quia
509 1553 612 1580 non
648 1540 847 1580 norunt
887 1551 1070 1579 vocem
1114 1536 1429 1585 alienorum,
1470 1537 1511 1576 et
1535 1533 1690 1575 Matth.

127 1609 163 1659 7,
213 1610 276 1650 15.
323 1608 522 1651 Cavete
568 1610 725 1652 vobis
773 1626 796 1652 a
834 1607 1357 1664 pseudoprophetis.
1396 1605 1465 1648 Sic
1502 1604 1692 1657 loquitur

127 1679 286 1722 Paulus
327 1681 348 1721 1
396 1680 489 1723 Cor.
533 1682 595 1723 10.
643 1681 933 1734 Tamquam
969 1678 1432 1732 intelligentibus
1474 1676 1690 1728 loquor,

124 1751 362 1805 judicate
400 1767 494 1794 vos
533 1767 669 1805 quae
708 1753 842 1795 dico.
882 1751 1029 1794 lJoh.
1064 1751 1102 1802 4,
1142 1751 1178 1792 1.
1218 1748 1447 1800 Dilecti,
1487 1762 1549 1789 ne
1589 1762 1693 1789 cre-

130 1823 242 1865 dite
285 1823 460 1865 cuivis
504 1825 757 1879 spiritui,
803 1839 856 1866 se
871 1824 897 1866 d
938 1822 1171 1877 probate
1214 1820 1470 1874 spiritus,
1518 1834 1581 1861 an
1634 1833 1693 1860 ex

128 1893 168 1935 D
181 1910 202 1936 e
214 1910 237 1937 o
277 1895 400 1937 sint.

183 1965 318 2008 XXX.
356 1967 451 2009 Hoc
479 1967 508 2009 J
509 1967 706 2010 udicandi
736 1982 868 2021 genus
897 1967 1049 2009 nititiu·
1079 1966 1190 2007 dono
1222 1962 1338 2016 quod
1364 1962 1589 2016 δικκρίσεως
1621 1976 1694 2003 seu

131 2037 398 2079 discretionis
442 2038 684 2093 appellatur
726 2054 750 2080 a
793 2037 939 2090 Paulo,
986 2039 1006 2079 1
1052 2037 1144 2079 Cor.
1185 2037 1220 2089 2,
1261 2036 1322 2077 15.
1360 2034 1388 2077 S
1401 2050 1428 2088 p
1440 2034 1453 2075 i
1465 2034 1578 2075 ritu
1590 2032 1693 2074 alis

130 2108 286 2151 homo
330 2110 351 2152 δ
367 2126 377 2152 ι
392 2110 611 2163 amplam,
653 2110 927 2163 dijudicat
966 2109 1154 2161 omnia,
1187 2110 1230 2149 et
1259 2106 1389 2148 Hebr.
1420 2106 1456 2157 5,
1487 2105 1548 2146 14.
1578 2103 1692 2155 dicit,

133 2181 391 2234 quosdam
428 2196 544 2223 esse
583 2197 802 2235 pueros,
835 2181 924 2234 qui
953 2181 1098 2222 lacte
1129 2193 1261 2233 opus
1289 2177 1510 2227 habent,
1541 2188 1694 2227 quos-

133 2252 247 2294 dam
286 2252 566 2306 perfectos
609 2268 700 2295 seu
743 2253 984 2305 adultos,
1030 2252 1121 2305 qui
1158 2251 1390 2305 propter
1427 2245 1692 2296 habitum,

134 2338 324 2366 sensus
361 2324 568 2366 habent
605 2325 948 2367 exercitatos
988 2325 1060 2371 εἷς
1102 2321 1367 2375 διάκρισιν
1408 2318 1469 2360 ad
1498 2317 1694 2359 discre-

132 2396 212 2437 tio
223 2411 251 2437 11
264 2411 284 2437 0
295 2411 339 2437 111
378 2396 406 2437 b
418 2411 442 2438 0
453 2397 507 2437 ni
547 2398 598 2438 et
638 2411 681 2438 m
691 2396 785 2448 ali,
825 2398 953 2448 atque
994 2395 1046 2436 ab
1086 2393 1236 2436 eodem
1268 2390 1481 2445 Apostolo
1520 2389 1695 2430 vocatur

134 2466 413 2518 δοκιμασία
442 2470 528 2509 τῶν
555 2466 910 2522 διαφερόντων,
955 2465 1066 2506 Phil.
1096 2465 1132 2515 l,
1163 2464 1224 2505 10.
1255 2462 1322 2504 Et
1351 2461 1451 2503 hoc
1479 2472 1692 2513 precor,

133 2540 191 2580 ut
216 2539 427 2581 caritas
452 2541 635 2581 vestra
658 2540 829 2593 magis
856 2540 907 2580 et
936 2537 1107 2590 magis
1135 2534 1403 2576 redundet
1430 2532 1483 2573 in
1513 2529 1695 2584 cogni-

134 2609 287 2652 tione
332 2612 384 2652 et
427 2611 573 2652 omni
614 2625 796 2663 sensu,
837 2612 893 2652 ut
929 2606 1183 2663 probetis
1221 2605 1306 2647 vel
1346 2601 1694 2657 dignoscatis

136 2695 213 2733 ea,
245 2695 378 2734 quae
408 2681 736 2735 discrepant.

189 2751 344 2794 XXXI.
383 2752 480 2794 Etsi
515 2767 614 2794 vero
649 2752 732 2794 hoc
760 2752 917 2794 donum
947 2750 1142 2793 omnibus
1170 2748 1364 2790 fidelibus
1393 2760 1478 2788 non
1508 2759 1695 2788 commu-

136 2823 302 2865 nicetur
339 2823 486 2865 eadem
521 2838 730 2876 mensura,
769 2823 842 2865 sed
880 2821 1133 2876 quibusdam
1170 2822 1217 2862 ut
1247 2819 1413 2871 adultis,
1443 2817 1696 2871 quibusdam

137 2897 185 2936 ut
226 2895 382 2948 pueris,
427 2895 535 2937 sicut
577 2894 733 2936 Paulus
775 2894 905 2935 Hebr.
947 2894 984 2935 5.
1023 2892 1116 2934 loco
1152 2892 1242 2944 jam
1279 2890 1460 2932 adducto
1490 2890 1673 2930 testatur
1685 2902 1693 2937 ;

137 2967 282 3007 tamen
318 2965 604 3008 necessarium
642 2967 718 3019 est,
754 2966 802 3007 ut
838 2965 883 3006 in
921 2963 1116 3007 omnibus
1154 2960 1312 3004 Christi
1351 2960 1499 3004 ovibus
1529 2961 1572 3001 et
1599 2971 1695 3000 vere
