1931 3224
671 635 1154 683 CATALOGUS

581 756 1226 803 DISPUTATIONUM

811 895 901 924 QUAE
935 895 1002 919 HAG

380 1005 650 1053 SYNOPSI
682 1003 984 1052 PURIORIS
1018 1000 1432 1050 THEOLOGIAE

751 1140 1073 1173 CONTINENTUR.

132 1377 318 1409 Disputatio,
1602 1369 1674 1400 Pag.

237 1423 265 1453 Ι.
291 1424 340 1452 De
365 1422 433 1453 S.S.
460 1421 647 1460 Theologia
656 1438 1592 1453 ........................................
1675 1416 1691 1445 1

220 1489 265 1520 II.
292 1489 342 1518 De
366 1488 398 1518 S.
424 1488 618 1526 Scripturae
644 1487 857 1518 Necessitate
883 1488 984 1525 atque
1009 1486 1221 1517 Auctoritate
1230 1504 1592 1519 .................
1675 1480 1693 1510 7

202 1555 267 1585 III.
292 1555 343 1585 De
367 1553 481 1584 Libris
507 1553 686 1584 Canonicis
712 1553 860 1591 itemque
887 1552 1101 1591 Apocryphis
1111 1570 1593 1582 .....................
1652 1546 1693 1576 16

214 1621 270 1651 IV.
296 1621 345 1650 De
367 1620 401 1650 S.
423 1619 620 1658 Scripturae
640 1618 860 1657 perfectione,
884 1619 917 1648 et
938 1617 1051 1648 inutili
1071 1617 1294 1647 traditionum
1311 1624 1380 1646 non
1397 1615 1601 1654 scriptarum

340 1676 383 1706 ad
407 1684 482 1706 eam
505 1675 694 1714 adjectione
709 1692 1593 1706 ......................................
1652 1668 1694 1699 30

235 1742 272 1773 V.
297 1743 347 1772 De
371 1740 404 1772 S.
430 1741 624 1780 scripturae
650 1741 899 1780 Perspicuitate
925 1741 959 1770 et
982 1739 1269 1778 Interpretatione
1279 1757 1593 1768 ..............
1652 1735 1695 1765 38

215 1805 271 1836 VI.
298 1807 347 1836 De
372 1807 500 1837 Natura
525 1806 587 1835 Dei
612 1806 646 1836 et
672 1805 796 1836 divinis
822 1805 1007 1835 Attributis
1017 1823 1593 1835 .........................
1652 1800 1695 1831 48

201 1871 272 1902 VII.
297 1872 346 1901 De
371 1872 614 1903 Sacro-Sancta
642 1872 811 1902 Trinitate
828 1888 1595 1902 .................................
1654 1865 1694 1895 61

185 1936 275 1968 VIII.
299 1937 349 1967 De
375 1937 526 1968 Persona
551 1938 663 1968 Patris
689 1939 722 1967 et
748 1937 825 1967 Filii
836 1954 1595 1968 .................................
1654 1931 1695 1962 67

217 2002 274 2033 ΙΧ.
299 2003 348 2033 De
374 2003 523 2033 Persona
547 2003 694 2042 Spiritus
719 2003 835 2033 Sancti
854 2019 1595 2033 ................................
1654 1996 1696 2026 76

234 2067 274 2099 X.
299 2069 348 2099 De
373 2069 493 2099 Mundi
517 2069 694 2100 Oreatione
713 2085 1596 2099 ......................................
1654 2062 1696 2092 82

216 2133 274 2164 XI.
299 2134 349 2165 De
374 2135 592 2166 Providentia
615 2135 680 2165 Dei
688 2150 1596 2165 .......................................
1655 2127 1697 2158 87

200 2199 276 2232 XII.
300 2200 351 2230 De
377 2200 518 2239 Angelis
543 2201 648 2231 Bonis
675 2208 715 2231 ac
738 2200 838 2231 Malis
854 2216 1596 2230 ................................
1655 2193 1698 2223 96

183 2264 277 2295 XIII.
303 2265 352 2295 De
377 2266 522 2296 Homine
548 2266 591 2296 ad
616 2266 800 2305 imaginem
823 2265 887 2297 Dei
913 2266 1026 2296 creato
1047 2282 1598 2296 ........................
1633 2259 1697 2290 107

190 2330 276 2362 XIV.
300 2331 350 2361 De
374 2331 491 2371 Lapsu
514 2332 634 2363 Adami
642 2348 1597 2363 .........................................
1633 2325 1698 2356 116

211 2397 278 2429 XV.
303 2397 352 2428 De
377 2397 522 2429 Peccato
549 2397 715 2436 Originali
723 2414 1599 2429 ......................................
1635 2390 1700 2422 120

193 2462 280 2494 XVI.
306 2463 355 2494 De
380 2464 525 2494 Peccato
545 2463 679 2495 Actuali
692 2479 1599 2495 .......................................
1634 2456 1699 2488 134

176 2528 280 2561 XVII.
306 2529 356 2560 De
380 2529 505 2560 Libero
530 2529 680 2561 Arbitrio
695 2545 1600 2561 .......................................
1634 2523 1700 2553 144

156 2593 279 2626 XVIII.
304 2595 355 2626 De
381 2595 473 2634 Lege
497 2595 561 2626 Dei
575 2611 1599 2626 ............................................
1635 2588 1700 2619 155

192 2660 280 2692 XIX.
305 2662 356 2693 De
381 2661 581 2692 Idololatria.
599 2677 1600 2692 ...........................................
1636 2653 1700 2686 162

210 2726 281 2759 ΧΧ.
305 2728 356 2758 De
381 2728 583 2759 Juramento
598 2744 1600 2758 ...........................................
1635 2721 1700 2753 175

195 2789 282 2823 XXI.
309 2792 358 2823 De
382 2792 553 2824 Sabbatho
577 2793 612 2823 et
635 2792 690 2823 die
714 2792 892 2824 Dominico
907 2810 1600 2824 ..............................
1636 2787 1700 2818 185

176 2855 283 2888 XXII.
307 2857 358 2888 De
383 2857 568 2896 Evangelio
576 2875 1601 2889 ............................................
1635 2853 1702 2884 203

157 2921 282 2954 XXIII.
306 2923 357 2954 De
382 2923 497 2955 Veteri
521 2924 555 2954 et
579 2922 675 2954 Novo
701 2923 922 2955 {testamento
931 2942 1602 2955 .............................
1636 2920 1703 2952 210

169 2987 285 3021 XXIV.
310 2990 361 3021 De
386 2989 701 3022 Praedestinatione
722 3008 1602 3021 ......................................
1637 2986 1700 3017 221
