1931 3224
292 160 371 201 628
901 158 1143 201 DisPUTA'rIO
1171 158 1238 200 Ll.

292 284 504 338 Apostolo
542 283 794 336 refutantur,
835 284 855 325 1
899 283 992 326 Gor.
1035 284 1096 337 15,
1138 284 1200 326 12.
1240 283 1430 333 Quorum
1467 286 1616 337 postea
1645 282 1849 326 haeresim

292 356 616 409 interpolamnt,
647 354 964 408 Simoniani,
993 355 1101 398 Iren.
1128 354 1218 397 Lib.
1244 371 1270 397 1.
1298 370 1387 409 cap.
1413 355 1477 397 19.
1503 354 1855 405 Saturninus,

292 425 584 478 Basilides,
616 424 993 480 Carpocrates,
1026 426 1295 480 Gnostici,
1322 426 1671 479 Valentinus,
1697 426 1855 480 Ophi-

291 501 391 550 tae,
430 497 629 549 Caiani,
670 497 939 550 Sethiani,
971 498 1318 550 Archontici,
1349 498 1694 550 Cerdoniani,
1724 497 1856 540 Mar-

293 569 546 622 cionitae,
599 568 883 623 Lucianus,
934 570 1175 624 Apelles,
1231 570 1474 623 Severus,
1520 569 1856 623 Origeniani,

293 641 620 694 Seleuciani,
659 644 700 683 et
740 642 812 683 alii
852 642 989 694 multi,
1032 657 1137 695 quos
1168 642 1345 698 longum
1375 644 1486 683 esset
1517 656 1775 695 enumerare,
1806 641 1856 684 de

293 713 446 765 quibus
488 712 834 767 Epiphanius
876 713 929 754 in
972 712 1224 765 Panario,
1266 713 1496 766 August.
1537 713 1596 755 de
1634 713 1855 756 Haeres-

291 785 354 826 ad
392 784 670 834 Quotvult.
701 784 1027 827 Theodoret.
1058 785 1115 826 de
1144 784 1359 827 Haeret.
1384 785 1617 838 fabulis,
1647 785 1857 827 Philas-

289 856 433 898 trius
476 857 535 899 de
575 856 791 899 Haeres.
831 859 882 899 et
919 857 1029 898 alii.
1074 856 1209 906 Quam
1248 857 1460 899 haeresim
1497 857 1627 898 etiam
1663 856 1858 899 tribuunt

290 927 480 969 Johanni
522 943 628 969 xxm.
671 927 872 969 Pontifici
914 928 1121 980 Romano,
1164 928 1274 969 Acta
1312 927 1468 970 Concil.
1504 927 1856 979 Constantiensis,

293 999 683 1053 quodDiabolo
708 1000 975 1042 suadente
1000 1000 1379 1054 pertinaciter
1406 999 1721 1051 crediderit,
1751 998 1858 1040 ani-

292 1087 424 1113 mam
460 1071 694 1114 hominis
733 1086 844 1113 cum
883 1086 1111 1125 corpore
1140 1071 1277 1113 mori
1307 1074 1356 1113 et
1387 1071 1664 1125 extingui,
1695 1070 1758 1112 ad
1785 1070 1858 1111 in-

293 1145 407 1185 star
436 1142 752 1184 animalium
780 1142 1078 1195 brutorum,
1108 1157 1165 1184 ac
1192 1145 1464 1185 mortuum
1496 1143 1670 1195 semel,
1697 1143 1860 1184 etiam

292 1214 345 1255 in
396 1214 697 1256 novissimo
742 1214 837 1266 die,
880 1214 1099 1256 minime
1140 1217 1598 1267 resurrecturum,
1645 1214 1754 1257 Sess.
1797 1214 1858 1256 11.

292 1284 397 1338 Pag.
428 1285 517 1327 106.
548 1284 645 1327 edit.
677 1284 867 1334 Quentel.
899 1285 1014 1327 1551.
1045 1270 1165 1328 Το111.
1194 1287 1231 1327 2.
1480 1292 1483 1294 ’

345 1356 397 1399 V.
427 1357 487 1398 At
520 1371 629 1409 vero,
655 1371 750 1398 cum
774 1371 919 1410 spem
948 1360 998 1398 et
1027 1357 1496 1400 resurrectionem
1524 1360 1860 1400 mortuorum

293 1430 526 1482 conjungat
577 1428 821 1483 ApostoluS,
872 1428 985 1469 Act.
1030 1428 1093 1481 24,
1138 1428 1201 1480 14,
1244 1427 1273 1469 &
1317 1428 1478 1481 doceat,
1522 1429 1861 1470 miserrimos

294 1500 524 1542 omnium
561 1499 834 1541 hominum
866 1514 961 1541 nos
993 1514 1119 1551 esse,
1150 1499 1194 1541 si
1222 1500 1277 1541 in
1302 1499 1401 1542 hac
1429 1500 1543 1541 vita
1571 1502 1783 1541 tantum
1809 1500 1862 1540 in
1924 1493 1931 1504 i

293 1571 513 1613 Christo
543 1586 838 1624 speramus,
865 1571 886 1611 1
914 1569 1006 1612 Cor.
1034 1571 1095 1623 15,
1123 1571 1184 1613 19.
1214 1574 1261 1613 ut
1289 1573 1620 1614 retineamus
1649 1587 1862 1626 posses-
1922 1567 1931 1588 '³

293 1644 499 1685 sionem
538 1643 656 1697 spei
697 1645 921 1684 nostrae
962 1658 1066 1684 non
1108 1643 1479 1696 vacillantem,
1523 1643 1653 1686 Hebr.
1697 1644 1758 1695 10,
1798 1644 1861 1685 23.

292 1715 542 1757 muniendus
588 1714 710 1756 nobis
749 1717 813 1756 est
860 1715 1038 1768 animus,
1082 1715 1207 1758 certis
1250 1718 1291 1757 et
1332 1716 1522 1758 immotis
1563 1715 1863 1767 fundamentis,

293 1787 446 1839 quibus
495 1786 598 1827 fides
648 1801 696 1827 ac
747 1801 843 1840 spes
886 1789 1034 1829 nostra
1073 1787 1123 1829 de
1158 1787 1302 1829 futura
1339 1787 1647 1830 resurrectione
1683 1787 1862 1828 firmiter

290 1858 511 1900 innitatur.
541 1857 692 1909 Quare,
722 1858 920 1911 sepositis
949 1859 1207 1901 secundariis
1232 1859 1485 1912 quibusdam
1508 1861 1549 1901 et
1568 1858 1862 1913 probabilibus

293 1931 568 1983 argumentis,
607 1932 649 1972 et
678 1930 982 1972 convenientiis
1015 1930 1228 1973 nonnullis
1256 1933 1330 1973 aut
1358 1929 1706 1973 similitudinibus
1734 1945 1758 1972 a
1785 1944 1861 1971 na-

292 2004 388 2043 tura
426 2002 585 2055 petitis,
627 2017 732 2055 quae
770 2017 861 2044 rem
898 2001 1042 2055 potius
1081 2002 1296 2044 illustrant
1335 2017 1462 2055 quam
1491 2002 1756 2053 confirmant,
1785 2015 1861 2042 nec
1922 1999 1923 2003 ’

292 2073 455 2126 rigidae
494 2073 795 2127 disputationis
835 2074 1048 2127 ἀκρίβειαν
1089 2074 1297 2116 sustinere
1339 2076 1538 2127 possunt;
1583 2072 1746 2114 duobus
1777 2070 1862 2112 illis

291 2143 438 2186 fulcris
476 2145 603 2186 fidem
631 2148 823 2187 nostram
852 2145 1196 2197 sustentabimus,
1227 2160 1334 2199 quae
1364 2160 1388 2186 a
1416 2143 1585 2186 Christo
1616 2143 1740 2186 nobis
1770 2142 1861 2183 fue-

292 2218 392 2257 runt
428 2216 625 2269 indicata,
669 2216 858 2260 Matth.
895 2217 958 2269 22,
997 2217 1059 2258 29.
1091 2231 1185 2258 cum
1215 2216 1481 2259 Sadducaeos
1508 2214 1861 2258 resurrectionem

293 2290 510 2341 negantes,
554 2288 606 2329 ad
648 2287 969 2341 Scripturas
1024 2290 1073 2329 et
1118 2288 1380 2330 virtutem
1422 2287 1521 2329 Dei
1562 2286 1860 2337 revocavit,

295 2373 473 2411 quarum
501 2374 642 2401 rerum
668 2360 998 2414 ignorationem,
1029 2360 1184 2402 erroris
1211 2374 1355 2402 eorum
1379 2360 1542 2402 fontem
1567 2373 1655 2401 6336
1680 2356 1859 2406 detexit3
1919 2379 1922 2382 ·

295 2432 455 2481 contra,
493 2429 589 2471 fidei
623 2430 673 2472 de
702 2430 785 2472 hoc
813 2431 993 2474 articulo
1023 2431 1300 2474 fundamenta
1328 2432 1410 2474 duo
1441 2430 1684 2482 substravit,
1715 2427 1861 2482 cogni·
1920 2453 1922 2461 ·

293 2501 454 2543 tionem
491 2501 657 2543 divinae
680 2501 913 2544 voluntatis
944 2517 993 2544 ex
1023 2501 1256 2556 Scriptura,
1287 2505 1328 2545 et
1358 2502 1524 2545 divinae
1552 2501 1780 2556 potestatis
1810 2513 1861 2541 ex
1920 2524 1922 2529 ·

295 2573 384 2624 ejus
412 2574 576 2613 natura.
608 2571 712 2614 Cum
743 2572 855 2614 enim
882 2574 1151 2616 resuscitatio
1180 2576 1448 2616 mortuorum
1480 2573 1534 2615 sit
1562 2572 1674 2614 actio
1706 2569 1860 2622 divina,
1918 2588 1920 2591 ’

296 2646 336 2685 et
366 2643 775 2697 cujusqueactionis
805 2644 887 2687 duo
918 2645 1002 2686 sint
1031 2645 1245 2700 principia
1271 2645 1507 2687 necessaria
1532 2647 1573 2687 et
1596 2641 1861 2693 sufficientia,

297 2716 491 2757 voluntas
519 2730 672 2769 nempe
701 2717 742 2757 et
766 2715 958 2769 facultas,
984 2717 1037 2758 ad
1058 2717 1202 2759 eadem
1226 2716 1355 2759 etiam
1378 2716 1423 2758 in
1441 2716 1523 2758 hoc
1542 2711 1860 2758 resurrectionis

296 2802 424 2840 opere
462 2790 524 2829 est
560 2787 885 2841 respiciendum.
924 2787 1042 2830 Haec
1081 2788 1193 2830 enim
1231 2788 1325 2841 duo,
1354 2788 1399 2829 in
1427 2787 1520 2829 Deo
1550 2786 1786 2839 conjuncta,
1816 2783 1860 2824 in

298 2872 379 2909 quo
419 2858 535 2899 nulla
573 2861 636 2901 est
677 2860 899 2915 ἀδυναμίαι,
940 2875 1029 2902 rem
1062 2863 1230 2914 ponunt
1257 2861 1302 2902 in
1331 2862 1442 2911 actu,
1471 2859 1571 2912 quia
1599 2857 1638 2899 D
1651 2871 1728 2899 om
1738 2856 1752 2897 i
1763 2871 1791 2897 11
1803 2871 1830 2897 11
1841 2869 1860 2896 s
1918 2907 1920 2914 Ι

296 2931 484 2970 noster
513 2929 565 2970 in
595 2931 760 2983 coelo,
791 2946 857 2984 qu
872 2946 1150 2984 aecunque
1178 2931 1372 2983 voluit,
1402 2929 1550 2981 fecit,
1575 2928 1684 2970 Psal.
1710 2927 1799 2977 115,
1824 2927 1860 2968 2.
1914 2937 1920 2978 f:

352 2997 424 3040 Vl.
453 2999 664 3042 Voluntas
693 3001 773 3043 Dei
802 3002 930 3044 verbo
960 3003 1148 3045 revelato
1177 3002 1300 3045 nobis
1324 3000 1526 3055 aperitur,
1554 2999 1597 3041 in
1625 3014 1707 3053 quo
1734 2999 1861 3042 etiam
1922 2990 1924 2995 ’
