1931 3224
655 90 719 133 ΒΕ
747 90 1018 133 PRovmnNTIA
1049 68 1140 134 Dm,
1622 96 1671 137 87

116 230 230 257 rum
266 215 403 266 fore,
443 218 494 257 et
530 215 620 257 illi
656 230 866 270 semper
899 231 1281 258 successurum
1315 218 1479 260 alium
1513 219 1675 272 atque

116 287 300 337 alium3
337 286 570 340 ideoque
608 289 659 329 et
698 286 976 329 Christum
1015 288 1236 341 saepius
1276 303 1580 342 passurum,
1620 292 1676 331 ut

116 358 257 412 quod
285 358 500 412 profuit
528 359 711 411 semel,
741 374 953 412 semper
980 359 1167 413 prosit
1193 362 1541 412 assumptum,

166 428 220 471 II.
260 429 381 471 Cum
418 428 581 472 Sacra
615 430 906 484 Scriptura
936 433 1240 486 asseverat,
1272 430 1438 472 Deum
1468 432 1675 474 coelum

115 504 166 543 et
194 503 397 543 terram
426 516 641 544 creasse
670 502 722 544 in
750 502 1053 556 principio,
1086 501 1268 545 Genes.
1299 504 1334 545 1.
1364 503 1515 545 Prov.
1546 505 1581 556 8,
1608 505 1672 546 22.

115 574 166 615 et
203 587 346 626 seqq.
385 571 501 615 Joh.
542 574 604 625 17,
643 574 680 615 5.
717 573 848 628 Eph.
889 575 923 626 1,
962 575 1000 616 4.
1041 589 1144 617 non
1185 577 1265 616 est
1304 574 1404 617 hoc
1440 576 1672 628 axioma,

113 643 320 686 Mundum
348 644 392 686 in
421 647 614 699 tempore
643 661 667 687 a
691 644 782 687 Deo
810 648 998 687 creatum
1024 661 1126 698 esse,
1152 647 1297 688 inter
1320 647 1676 701 problemata

113 717 428 759 Dialectica
456 716 820 767 referendum3
847 717 970 759 acsi
999 717 1057 759 de
1083 719 1218 760 eoin
1244 720 1531 772 utramque
1557 734 1672 772 par-

113 791 218 830 tem
247 788 527 842 disputari
556 791 758 842 posset.

163 859 239 902 III.
280 860 402 902 Cum
440 861 619 903 eadem
657 859 948 914 Scriptura
985 876 1187 903 omnem
1224 861 1322 903 Dei
1361 865 1672 905 creaturam

112 932 305 974 bonam
356 947 474 974 esse
525 933 852 983 attestetur,
905 931 1024 974 Gen.
1067 933 1102 984 1,
1145 933 1208 973 31.
1250 935 1300 974 et
1345 933 1523 976 lTim.
1563 935 1601 986 4,
1631 935 1669 977 4.

111 1004 307 1046 merito
345 1003 475 1045 olim
514 1003 753 1045 damnati
792 1006 916 1044 sunt
952 1003 1282 1056 Manichaei,
1321 1005 1411 1057 qui
1451 1004 1666 1058 aliquas

111 1077 338 1116 naturas
376 1074 713 1128 simpliciter
749 1075 937 1126 malas,
977 1077 1028 1116 et
1064 1090 1088 1116 a
1126 1074 1234 1118 Deo
1275 1076 1411 1118 malo
1453 1079 1669 1119 creatas

112 1161 228 1189 esse
259 1146 645 1200 opinabantur.

594 1546 1070 1594 DISPUTATIO
1114 1547 1199 1594 XI.

867 1654 913 1676 DE

484 1730 1066 1798 Providentia
1129 1731 1297 1798 Dei.

424 1858 622 1901 Praeside
659 1857 711 1900 D.
750 1857 1041 1901 ANDREA
1080 1857 1356 1901 RIVETO.

529 1950 806 1999 Respondente
837 1949 1046 1989 OAROLO
1078 1949 1246 1989 BECIO.

762 2056 953 2099 Tnnsis
993 2055 1024 2098 I.

262 2160 462 2188 REA'rmNIs
500 2146 689 2188 omnium
725 2160 878 2199 rerum,
918 2146 1150 2188 visibilium
1189 2150 1232 2188 et
1260 2147 1542 2190 invisibilium
1571 2163 1670 2190 con-

159 2153 242 2263 0
264 2218 576 2271 siderationem,
607 2218 773 2260 divinae
800 2218 1094 2271 providentiae
1125 2218 1346 2272 inquisitio
1378 2219 1524 2261 ordine
1554 2234 1668 2261 com-

106 2289 246 2343 modo,
285 2290 406 2342 sequi
444 2288 580 2332 debet.
618 2288 709 2332 Nec
746 2290 858 2332 enim
894 2289 939 2331 111
976 2290 1190 2344 principio
1231 2293 1530 2343 creaturarum,
1560 2291 1664 2333 haec

107 2360 250 2402 omnia
288 2363 387 2402 sunt
424 2376 448 2402 a
485 2360 577 2403 Deo
616 2361 678 2403 ita
715 2362 950 2404 constituta
988 2365 1029 2404 et
1064 2362 1284 2416 disposita,
1314 2364 1362 2404 ut
1390 2365 1553 2416 postea,
1584 2377 1671 2416 pa-

105 2434 255 2474 trata
292 2446 468 2474 rerum
495 2433 893 2486 universitate,
929 2435 1089 2487 atque
1118 2433 1390 2487 perfecta,
1423 2436 1669 2476 cunctam
1731 2490 1734 2492 v

106 2519 131 2546 a
181 2518 233 2546 se
287 2518 465 2545 curam
512 2503 671 2546 illius
709 2505 1079 2559 ablegaverit3
1120 2505 1223 2558 quin
1260 2505 1405 2558 potius
1443 2505 1668 2548 asserimus

106 2591 202 2619 cum
230 2575 443 2628 Salviano,
472 2574 638 2617 Deum
665 2578 915 2618 nostrum
947 2576 1006 2618 ab
1036 2576 1409 2618 universitate
1439 2577 1672 2619 omnium

105 2662 302 2700 rerum,
329 2662 423 2690 nec
447 2662 635 2689 munus
660 2647 1123 2702 dignantissimae
1148 2647 1383 2689 visionis
1410 2651 1670 2701 avertere,

105 2734 200 2762 nec
237 2720 483 2774 regimen
523 2733 648 2761 suae
685 2720 1076 2773 providentiae
1114 2719 1335 2771 tollere,
1373 2733 1468 2761 nec
1495 2720 1671 2762 indul-

105 2791 350 2845 gentiam
399 2790 834 2844 benignissimae
884 2791 1121 2845 pietatis
1169 2790 1408 2842 auferre,
1461 2790 1510 2832 de
1564 2790 1669 2835 Gub.

105 2862 198 2915 Dei,
229 2862 274 2905 L,
305 2864 341 2905 2.

156 2933 210 2977 Π.
253 2933 318 2977 De
359 2935 629 2988 providentia
671 2935 805 2988 igitur
848 2935 994 2988 acturi,
1034 2935 1300 2977 notationem
1339 2936 1522 2977 nominis
1563 2935 1697 2977 satis-
