1931 3224
291 129 369 171 560
853 132 1094 176 DISPUTATIO
1122 134 1293 176 XLVII.

289 257 562 307 peccatorum
590 256 754 310 agitur3
782 270 935 310 nempe
963 258 1007 298 in
1037 260 1211 300 externo
1236 258 1395 311 judicio
1426 273 1510 311 quo
1535 262 1710 312 peccata
1731 260 1852 314 ligat,

291 329 476 377 externa,
530 326 712 379 publica,
757 329 798 368 et
839 328 1078 381 manifesta,
1120 344 1199 382 pro
1241 329 1446 372 facultate
1490 330 1571 372 sibi
1613 331 1724 383 data,
1769 347 1854 385 qua

291 397 473 450 seipsam
510 411 696 452 purgare
730 399 879 451 possit,
910 402 952 441 et
981 415 1131 453 graves
1163 401 1468 454 delinquentes,
1500 402 1608 443 sicut
1636 402 1852 445 morbidas

289 468 482 520 pecudes,
522 468 574 509 ab
613 469 714 510 ovili
754 484 961 512 amovere.
993 471 1085 520 Quo
1116 471 1331 524 beneficio,
1364 472 1398 514 si
1426 473 1618 515 nonnulli
1645 474 1689 515 in
1718 474 1852 516 veteri

288 538 479 580 Ecclesia
516 539 580 580 uti
617 540 854 594 voluerunt,
895 542 1098 595 gravibus
1128 543 1425 585 commaculati
1456 544 1714 595 criminibus,
1745 559 1853 597 quae

288 609 456 662 publice
492 610 575 664 ipsi
611 612 876 654 innotescere
913 613 1126 666 volebant,
1164 617 1211 656 ut
1247 615 1360 657 inter
1388 615 1557 669 publice
1585 615 1852 669 poenitentes

287 682 684 734 reconciliarentur;
722 698 809 726 non
850 684 997 726 debuit
1034 688 1264 739 propterea
1293 686 1385 728 fieri
1412 687 1707 739 necessarium,
1739 686 1852 740 quod

286 752 465 794 liberum
497 756 600 806 erat,
629 769 705 796 nec
734 755 963 808 privatum,
993 757 1107 809 quod
1135 759 1260 799 antea
1288 756 1426 799 fuerat
1455 758 1685 811 publicum.

339 823 496 866 XVIII.
521 824 549 866 J
552 840 620 867 am
644 840 757 878 vero,
784 842 880 868 cum
905 827 1069 868 nullum
1094 829 1365 881 peccatorem
1389 830 1696 882 poenitentem,
1726 844 1750 870 a
1775 844 1850 883 spe

286 897 546 938 remissionis
588 900 863 950 peccatorum
904 913 1141 949 arceamus;
1185 914 1262 941 nec
1305 899 1449 951 ullum,
1491 900 1563 952 qui
1601 900 1770 954 publice
1809 903 1851 942 et

285 968 453 1010 notorie
491 969 742 1022 peccaverit,
779 970 1018 1023 rejiciamus
1048 986 1072 1012 a
1099 971 1270 1025 publica
1299 971 1576 1025 poenitentia,
1606 973 1674 1014 vel
1703 972 1849 1026 eidem,

285 1039 499 1082 Ecclesiae
529 1040 819 1095 satisfacienti,
850 1042 1104 1096 denegemus
1132 1057 1282 1096 pacem
1312 1045 1354 1084 et
1384 1043 1742 1094 communionem3
1771 1043 1851 1085 im—

285 1112 617 1165 pudentissimae
647 1113 879 1155 calumniae
907 1114 966 1156 rei
997 1117 1096 1156 sunt
1123 1114 1350 1167 Pontificii,
1380 1115 1454 1167 qui
1481 1130 1560 1157 nos
1586 1130 1680 1157 cum
1704 1113 1850 1157 Nova-

284 1183 412 1225 tianis
450 1184 728 1238 conjungunt,
769 1186 811 1226 et
849 1185 994 1227 eodem
1026 1185 1200 1227 crimine
1228 1187 1365 1228 teneri
1395 1187 1692 1229 convitiantur.
1721 1186 1850 1239 Cujus

286 1256 532 1307 calumniae,
569 1258 797 1309 utcunque
824 1257 1058 1310 suppuduit
1096 1256 1350 1311 Gregorium
1380 1259 1430 1300 de
1458 1258 1626 1301 Valent.
1657 1259 1707 1301 de
1734 1274 1848 1300 num.

285 1327 544 1369 Sacrament.
597 1342 688 1381 cap.
729 1328 767 1369 4.
810 1328 884 1370 ubi
925 1328 1096 1381 fatetur,
1139 1344 1218 1371 nos
1260 1330 1550 1372 admittere
1591 1329 1685 1371 REM
1726 1329 1849 1372 IPsAM

285 1399 671 1452 poenitentiae
699 1402 826 1453 post
854 1399 1217 1453 Baptismum,
1244 1401 1406 1453 idque
1430 1402 1602 1443 toties
1628 1402 1848 1454 quoties

285 1471 592 1524 contigerit
621 1471 671 1512 in
702 1475 989 1524 peccatum
1017 1472 1150 1523 labi;
1179 1472 1229 1514 Id
1259 1475 1401 1515 autem
1428 1472 1696 1515 Novatianos
1724 1488 1846 1527 pror-

284 1556 353 1583 sus
381 1556 572 1595 negasse,
603 1544 644 1584 et
672 1557 748 1596 per
778 1544 1126 1596 consequentiam
1157 1543 1478 1587 Sacramentum
1503 1544 1607 1586 illud
1634 1545 1846 1598 rejecisse;

283 1627 378 1654 cum
406 1615 549 1655 tamen
579 1613 629 1654 de
660 1612 933 1656 Sacramento
962 1617 1063 1656 tunc
1093 1629 1179 1657 non
1202 1614 1331 1657 fuerit
1357 1616 1521 1669 agitata
1544 1615 1845 1669 controversia,

282 1684 354 1726 sed
383 1685 434 1727 de
462 1700 507 1727 re
534 1687 713 1728 tantum.

333 1755 447 1798 XIX.
485 1756 565 1798 His
603 1757 767 1812 positis,
807 1759 859 1800 ad
887 1759 1108 1813 propriam
1138 1760 1265 1813 hujus
1293 1760 1377 1802 loci
1407 1761 1698 1814 quaestionem
1727 1775 1844 1803 acce-

282 1828 441 1880 dentes,
480 1843 699 1882 negamUS,
736 1830 1045 1883 poenitentiam
1083 1831 1215 1873 ullam
1246 1834 1475 1884 externam,
1506 1832 1592 1874 sive
1619 1833 1845 1886 privatam,

281 1898 367 1941 sive
395 1900 623 1953 publicam,
655 1916 728 1944 seu
756 1904 875 1944 actus
904 1902 1177 1955 poenitentis,
1207 1918 1280 1945 seu
1308 1906 1426 1945 actus
1454 1903 1643 1945 Ministri
1670 1905 1846 1946 seorsim

280 1973 354 2012 aut
397 1973 657 2024 conjunctim
702 1973 1025 2027 consideremus,
1070 1989 1158 2016 esse
1200 1989 1345 2017 verum
1391 1978 1432 2018 et
1473 1976 1698 2029 proprium
1733 1974 1845 2018 Nov.

279 2041 392 2084 Test.
431 2042 763 2087 Sacramentum.
803 2045 839 2086 1.
880 2044 988 2094 Quia
1024 2045 1069 2086 in
1106 2048 1198 2087 tota
1235 2046 1310 2088 illa
1348 2046 1528 2098 actione,
1556 2049 1686 2100 prout
1715 2047 1845 2088 etiam

279 2129 303 2155 a
332 2113 569 2157 Pontificiis
596 2118 840 2170 usurpatur,
867 2116 1033 2158 nullum
1063 2120 1126 2159 est
1155 2119 1377 2159 externum
1405 2120 1447 2159 et
1469 2117 1636 2159 visibile
1662 2116 1844 2159 elemen-

277 2188 391 2237 tum;
431 2188 545 2240 quod
572 2188 617 2230 in
648 2188 764 2230 omni
793 2188 1067 2232 Sacramento
1097 2189 1342 2242 requiritur,
1372 2179 1421 2231 ut
1449 2189 1679 2243 probatum
1708 2191 1772 2231 est
1799 2188 1844 2229 in

279 2256 488 2300 Thesibus
519 2259 576 2301 de
607 2259 977 2303 Sacramentis
1002 2261 1054 2302 in
1084 2276 1294 2314 genere.
1323 2263 1360 2303 2.
1392 2261 1500 2311 Quia
1528 2261 1693 2303 nullum
1721 2261 1766 2302 in
1794 2274 1843 2302 eo

278 2330 342 2370 est
371 2329 541 2383 signum
570 2332 953 2385 quomodocunque
980 2335 1222 2386 usurpetur,
1252 2333 1338 2375 sive
1367 2333 1546 2385 visibile,
1571 2333 1659 2375 sive
1689 2331 1755 2385 (ut
1782 2332 1844 2373 ita

277 2400 432 2454 dicam)
471 2402 734 2455 audibile,
774 2404 887 2457 quod
925 2404 980 2446 sit
1020 2419 1070 2446 ex
1098 2404 1299 2445 instituto
1330 2403 1485 2456 divino,
1516 2403 1688 2445 effectus
1717 2402 1844 2456 spiri·
1894 2405 1912 2409 ”

278 2472 403 2515 tualis
442 2473 591 2516 efficax
630 2474 820 2528 signum3
859 2475 974 2528 quod
1012 2475 1254 2528 secundum,
1293 2476 1346 2517 ab
1384 2475 1489 2529 ipsis
1518 2474 1770 2526 Pontificiis,
1798 2474 1843 2515 in

279 2544 394 2586 omni
431 2543 705 2588 Sacramento
742 2546 987 2599 requiritur.
1017 2545 1109 2588 Nec
1138 2547 1252 2589 valet
1280 2546 1394 2600 quod
1424 2546 1570 2588 dicunt
1599 2545 1841 2598 adversarii,

278 2613 396 2657 Non
433 2617 717 2669 pertinere
755 2617 816 2659 ad
842 2631 1171 2660 communem
1197 2618 1470 2660 rationem
1498 2617 1843 2661 Sacramenti

277 2701 446 2730 novae
475 2678 636 2742 legis,
665 2691 722 2730 ut
751 2688 941 2742 aliqua
969 2689 1285 2742 hujusmodi
1308 2704 1393 2732 res
1419 2691 1645 2731 externa
1669 2688 1842 2742 appli-

279 2761 429 2800 cetur
457 2774 549 2814 per
576 2759 911 2812 Ministrum,
942 2761 1031 2803 sed
1059 2763 1115 2802 ut
1143 2776 1245 2802 una
1271 2776 1383 2803 cum
1407 2760 1590 2803 verbis
1613 2760 1840 2812 formae,

279 2829 351 2870 sit
371 2830 583 2882 aliquid
603 2831 881 2885 sensibile,
906 2832 1044 2885 quod
1063 2831 1262 2874 habeat
1281 2832 1550 2874 rationem
1567 2831 1838 2883 materiae,

279 2899 391 2941 sive
422 2902 493 2942 sit
520 2917 605 2944 res
634 2902 821 2955 aliqua
850 2903 1265 2956 substantialis,
1296 2902 1408 2945 sive
1438 2904 1589 2944 actus
1612 2901 1841 2943 sensibi-
1900 2936 1910 2943 ἶ

278 2969 370 3023 lis,
399 2972 710 3024 cujusmodi
741 2977 866 3016 sunt
890 2975 943 3016 in
968 2974 1285 3028 proposito,
1311 2976 1461 3016 actus
1484 2972 1843 3026 poenitentis.

1919 552 1931 625 „au-xc.
1921 495 1931 543 m...
1922 436 1931 479 ,μμ
1918 416 1931 428 .’.
1928 401 1931 406 .
1920 301 1931 389 uzu-ma.

1919 641 1931 669 ’.ἰ

1921 681 1931 767 ἐ

1916 803 1931 868 ’Ξ

1922 956 1931 976 ς
