1931 3224
231 159 281 200 58
832 137 1073 180 DISPUTATIO
1112 132 1183 174 VI.

231 279 321 322 fieri
356 275 546 330 possunt.
575 269 652 312 Est
682 268 821 309 autem
848 258 1108 304 Potentia
1139 255 1218 299 Dei
1247 252 1515 304 attributum,
1545 264 1629 304 quo
1658 249 1773 292 Deus

230 351 360 399 vivus,
398 344 648 395 intelligens,
687 352 734 379 ac
770 335 924 383 volens,
962 330 1004 372 vi
1042 331 1083 371 et
1120 326 1322 370 facultate
1359 324 1472 366 valet
1510 322 1562 364 ad
1591 320 1773 364 exterius

232 418 450 473 agendum.
480 414 594 463 Quae
624 409 791 462 quidem
820 401 1077 456 simpliciter,
1108 402 1149 441 et
1179 396 1354 440 seorsim
1381 411 1406 437 a
1433 395 1651 436 voluntate
1675 406 1774 434 con-

231 490 422 538 siderata,
462 482 728 526 Absoluta
765 479 837 528 est,
877 476 918 516 et
955 472 1008 514 ad
1046 469 1186 513 omnia
1221 466 1441 522 possibilia
1469 465 1664 516 refertur,
1689 478 1774 505 non

230 561 333 602 item
370 558 422 599 ad
459 552 702 607 simpliciter
738 542 1046 601 imposssibilia,
1086 540 1205 582 Mat.
1242 539 1279 590 3,
1318 538 1354 578 9.
1395 538 1437 578 et
1475 537 1538 587 19,
1569 536 1632 577 26.
1657 533 1774 576 Luc.

234 632 267 682 1,
299 629 360 670 37.
391 625 611 678 conjuncta
639 635 736 662 vero
766 632 859 660 cum
888 615 1105 656 voluntate
1133 608 1386 652 Actualis
1418 609 1493 659 est,
1522 606 1598 648 Ps.
1624 605 1714 657 115,
1739 607 1776 647 3.

232 700 359 754 Eph.
390 699 424 749 1,
455 697 515 738 11.
547 708 652 746 quae
680 688 920 732 immediate
947 686 1013 727 vel
1041 682 1221 726 mediate
1247 680 1375 734 (unde
1399 678 1638 733 appellatur
1662 676 1777 718 Deus

232 768 428 819 Sebaoth,
458 762 731 815 exercituum)
760 760 988 802 exercetur.

284 837 497 882 XXXVII.
535 835 613 877 Est
650 847 750 875 vero
789 846 837 873 ea
873 828 1066 884 potentia
1093 826 1186 877 Dei,
1217 825 1261 866 in
1288 823 1380 865 Deo
1410 819 1668 875 simpliciter,
1699 818 1778 861 im-

232 909 491 953 mutabiliter
529 909 569 949 et
605 905 778 955 infinite,
818 903 879 943 ita
915 902 963 941 ut
1001 913 1087 941 non
1119 912 1196 951 per
1226 895 1487 949 qualitatem,
1517 891 1590 934 sed
1617 905 1694 946 per
1722 905 1779 942 se,

232 997 317 1024 non
345 981 396 1021 ab
427 978 521 1030 alio,
551 977 621 1019 sed
650 991 674 1017 a
701 990 744 1017 se
772 976 922 1027 potens
947 970 1002 1012 sit
1025 969 1152 1020 Deus,
1176 982 1262 1009 non
1287 964 1479 1020 potentia
1503 963 1682 1017 passiva,
1709 961 1781 1004 sed

233 1050 494 1104 ἐνεργουμένη,
530 1048 659 1102 Eph.
698 1047 734 1099 3,
773 1046 836 1087 20.
875 1058 961 1085 non
989 1040 1166 1095 incipiat
1197 1037 1358 1091 aliquid
1386 1050 1510 1090 posse
1540 1035 1653 1089 quod
1684 1036 1781 1076 ante

233 1136 317 1163 non
344 1119 542 1176 potuerit,
572 1119 643 1161 sed
672 1117 784 1170 quod
811 1116 965 1170 potest,
996 1113 1048 1154 ab
1077 1113 1248 1154 aeterno
1279 1107 1481 1163 potuerit,
1505 1105 1629 1149 Rom.
1657 1106 1692 1158 1,
1718 1105 1781 1147 20.

233 1207 308 1234 nec
345 1191 478 1245 plura,
507 1205 583 1232 nec
610 1188 811 1243 pauciora
838 1184 985 1239 possit,
1015 1183 1086 1225 sed
1115 1181 1256 1224 omnia
1284 1179 1419 1234 possit
1450 1193 1557 1232 quae
1586 1177 1692 1220 velle
1719 1176 1782 1218 fa-

235 1279 326 1306 cere
362 1264 516 1316 potest,
545 1260 864 1315 potentiamque
893 1257 1084 1299 exerceat
1113 1254 1157 1295 in
1184 1253 1235 1294 iis
1265 1267 1373 1306 quae
1403 1251 1494 1293 vult
1524 1265 1625 1303 esse,
1655 1249 1782 1303 idque

235 1337 322 1378 sine
378 1335 533 1385 labore,
586 1334 659 1374 aut
708 1330 984 1372 diffficultate.
1029 1327 1172 1380 Atque
1215 1325 1259 1367 in
1300 1324 1383 1366 hoc
1425 1321 1642 1377 potentiae
1684 1335 1783 1363 suae

236 1405 448 1457 exercitio,
487 1407 528 1446 et
563 1403 655 1455 alia,
696 1405 736 1444 et
770 1401 902 1453 aliter,
940 1399 1076 1453 plura,
1110 1399 1273 1451 majora
1303 1398 1345 1438 et
1375 1393 1685 1445 excellentiora,
1716 1392 1784 1435 vel

236 1476 399 1518 minora
438 1477 479 1516 et
515 1474 716 1528 pauciora
743 1474 895 1526 potest.
925 1470 1048 1513 Unde
1078 1469 1206 1511 etiam
1236 1467 1457 1521 Scriptura
1485 1464 1783 1520 impotentiam

237 1563 261 1590 a
302 1546 392 1588 Deo
434 1547 633 1597 removet,
677 1543 924 1598 potentiam,
963 1542 1105 1592 robur,
1143 1538 1451 1590 fortitudinem,
1492 1536 1785 1579 efficacitatem

236 1618 397 1669 tribuit,
428 1618 448 1659 1
485 1616 592 1658 Cor.
624 1616 659 1667 1,
688 1615 751 1657 25.
779 1614 907 1668 Eph.
939 1614 973 1664 1,
1006 1613 1068 1654 19.
1098 1612 1119 1653 1
1152 1610 1278 1652 Tim.
1307 1611 1343 1663 6,
1376 1609 1439 1652 15.
1464 1610 1525 1651 16.
1554 1611 1595 1651 et
1619 1610 1785 1663 potens,

239 1691 279 1731 et
302 1689 415 1730 solus
437 1689 601 1742 potens,
626 1689 667 1729 et
689 1686 751 1728 El
766 1685 985 1736 Saddai,
1009 1699 1082 1726 seu
1107 1682 1376 1736 omnipotens
1401 1680 1566 1734 dicitur,
1587 1680 1705 1722 Gen.
1723 1680 1785 1722 17.

237 1759 392 1812 Apoc.
421 1759 456 1810 1,
485 1758 522 1799 8.

289 1828 525 1871 XXXVIII.
564 1827 668 1870 Cum
704 1827 808 1879 istis,
846 1829 938 1868 tum
971 1826 1058 1868 vita
1097 1825 1179 1867 Dei
1213 1824 1493 1879 intelligentis
1522 1826 1564 1866 et
1593 1824 1786 1876 volentis,

238 1903 330 1943 tum
355 1899 558 1954 potentia,
588 1898 784 1940 cohaeret
812 1897 1120 1940 Dominium
1148 1896 1267 1949 Dei,
1297 1896 1371 1948 vis,
1401 1898 1594 1950 potestas
1623 1897 1665 1937 et
1689 1909 1788 1937 auc-

239 1971 390 2013 toritas
426 1971 470 2012 in
507 1970 645 2012 omnia
684 1985 792 2023 quae
832 1971 951 2011 extra
988 1984 1030 2011 se
1059 1970 1201 2022 potest
1226 1970 1267 2010 et
1295 1967 1387 2010 vult
1414 1967 1564 2019 facere,
1595 1969 1636 2008 et
1664 1965 1786 2017 facit3

242 2042 354 2096 quod
389 2042 491 2084 item
529 2044 591 2083 est
627 2044 841 2083 aeternum
879 2043 920 2083 et
956 2039 1234 2082 immutabile.
1272 2038 1396 2081 Unde
1427 2038 1556 2080 etiam
1584 2037 1788 2080 Dominus

241 2114 403 2166 dicitur,
449 2115 490 2155 et
527 2112 734 2154 Dominus
771 2112 1063 2165 Dominorum,
1103 2111 1218 2154 Deus
1258 2110 1458 2162 Deorum,
1496 2109 1588 2153 Rex
1626 2125 1787 2164 regum,

242 2185 264 2226 1
303 2183 427 2225 Tim.
464 2185 502 2237 6,
541 2184 602 2225 15.
640 2186 680 2226 et
718 2184 871 2226 habere
908 2186 1164 2238 potestatem
1191 2183 1451 2226 liberrimam
1479 2185 1521 2225 et
1550 2182 1790 2225 absolutam

242 2256 285 2297 in
327 2255 478 2307 onmia,
521 2255 658 2296 Rom.
688 2256 725 2306 9,
762 2256 826 2296 21.
865 2254 983 2297 Mat.
1021 2256 1083 2308 20,
1123 2255 1184 2296 15.
1224 2254 1339 2307 quod
1377 2256 1439 2296 est
1478 2254 1701 2297 ἀδέσποτον
1748 2256 1790 2296 et

244 2326 486 2375 αὐτεξούσιον
534 2341 634 2367 esse.
676 2325 818 2378 Atque
860 2326 910 2367 ab
954 2341 1002 2368 eo
1045 2326 1140 2367 fluit
1182 2328 1224 2368 et
1265 2329 1329 2369 est
1367 2340 1491 2368 omne
1528 2324 1789 2377 Dominium,

243 2397 381 2439 Rom.
412 2397 472 2449 13,
502 2397 536 2438 1.

296 2467 489 2511 XXXIX.
528 2467 779 2510 Affectus
807 2467 934 2509 boni
964 2468 1055 2521 (qui
1082 2468 1126 2510 in
1154 2469 1397 2511 hominibus
1426 2469 1646 2523 passiones
1674 2466 1790 2521 sunt)

246 2542 286 2581 et
322 2539 598 2592 Virtutes,
635 2541 726 2581 tuni
764 2537 1020 2592 Intellectus,
1061 2542 1153 2581 tum
1195 2539 1449 2594 Voluntatis,
1489 2555 1597 2595 quae
1635 2539 1679 2581 in
1707 2539 1791 2582 illis

247 2611 373 2653 ethici
423 2613 464 2652 et
513 2610 690 2652 morales
738 2610 909 2652 habitus
951 2614 1060 2663 sunt,
1103 2612 1414 2666 affectuumque
1455 2612 1792 2655 moderationem

247 2682 484 2734 designant3
523 2682 665 2735 quales
705 2684 814 2734 sunt,
842 2682 1008 2735 veritas,
1037 2698 1165 2735 amor,
1194 2684 1374 2737 bonitas,
1403 2684 1657 2738 benignitas,
1687 2683 1792 2725 cari-

248 2755 325 2804 tas,
354 2753 636 2806 beneficentia,
663 2753 960 2806 misericordia,
985 2755 1306 2808 longanimitas3
1331 2757 1408 2808 ira,
1434 2756 1591 2809 odium,
1611 2755 1792 2809 justitia,

249 2826 291 2865 et
331 2824 507 2876 denique
549 2826 762 2877 sanctitas,
805 2828 881 2867 etc.
921 2826 970 2867 de
1007 2826 1098 2868 Deo
1141 2842 1238 2870 vere
1282 2830 1325 2870 et
1365 2828 1550 2882 proprie,
1595 2827 1794 2869 submota

248 2893 407 2936 scilicet
443 2895 556 2936 omni
583 2896 912 2949 imperfectione,
945 2897 1158 2949 dicuntur3
1186 2913 1233 2940 ac
1260 2898 1368 2941 nihil
1395 2898 1510 2940 aliud
1538 2901 1636 2940 sunt
1666 2911 1794 2951 quam

250 2964 397 3006 ardens
440 2979 541 3019 erga
577 2981 653 3008 nos
692 2966 772 3009 Dei
813 2968 1024 3021 voluntas,
1065 2970 1152 3021 ejus
1193 2969 1238 3011 in
1280 2969 1483 3011 creaturis
1520 2968 1714 3023 potentia
1751 2970 1793 3010 et
