1931 3224
561 138 624 180 DE
654 138 915 181 MAGISTRATU
946 137 1146 180 Pommo.
1547 135 1624 176 625

66 266 219 318 quibus
256 266 300 306 in
336 264 569 307 Ecclesiam
604 265 686 307 Dei
722 267 982 318 grassantur,
1022 263 1149 305 armis
1186 262 1303 316 prius
1332 260 1624 314 spiritualibus

67 352 156 379 esse
194 337 457 391 repellenda3
495 336 567 379 sed
596 337 632 378 si
659 336 726 377 his
755 351 841 378 non
870 335 1051 389 amplius
1081 334 1136 375 sit
1163 334 1292 385 locus,
1323 335 1449 385 atque
1478 331 1626 373 haere-

64 409 152 460 tici,
193 409 365 450 tametsi
408 423 598 450 errorum
640 421 811 449 suorum
849 407 934 449 sint
976 406 1201 459 aliquoties
1244 405 1438 457 convicti,
1479 404 1627 445 audaci

65 480 341 522 nihilominus
393 494 539 522 eorum
590 479 900 535 propagatione
945 478 989 519 in
1030 476 1266 531 Republica
1308 476 1456 518 turbas
1498 490 1628 518 novas

67 552 263 605 excitent,
293 547 385 594 tum
413 551 668 593 auctoritate
696 550 975 604 Magistratus
1005 552 1103 591 sunt
1132 549 1361 601 coercendi,
1389 563 1442 590 ne
1467 563 1517 590 ex
1539 548 1627 589 fac-

66 623 196 664 tionis
232 623 403 665 illorum
440 622 669 664 tolerantia
706 622 877 676 gravius
916 621 1090 674 aliquod
1122 621 1436 663 incommodum
1463 619 1629 673 Respu-

65 694 178 736 blica
215 694 368 748 capiat.
406 693 610 735 Pertinax
649 693 760 735 enim
797 693 840 734 in
876 693 1068 735 doctrina
1104 691 1203 733 fidei
1236 691 1440 733 dissensio
1477 693 1518 732 et
1547 690 1629 732 dis-

66 765 234 817 tractio,
272 765 406 806 totius
435 764 650 807 societatis
680 764 889 806 humanae
917 763 1282 818 perturbationem
1312 777 1453 804 secum
1483 761 1628 814 trahit,

69 837 242 889 ejusque
270 835 627 888 tranquillitatem
656 836 875 878 subvertit.

121 906 250 949 LXII.
288 906 393 948 Cum
431 906 532 949 olim
570 906 862 960 Magistratus,
900 921 986 948 non
1024 906 1162 947 minus
1200 905 1448 958 haereticos,
1492 905 1628 958 legem

69 978 149 1020 Dei
178 978 456 1033 spiritualem,
487 993 615 1030 quam
646 978 745 1020 alios
774 978 962 1030 rebelles,
994 978 1108 1031 leges
1137 977 1328 1030 ipsorum
1354 976 1496 1018 civiles
1520 976 1629 1018 sedi-

68 1050 177 1092 tiose
214 1049 424 1091 violantes
462 1050 719 1102 puniverint,
757 1064 843 1091 non
866 1051 973 1102 jure,
1004 1049 1076 1090 sed
1104 1049 1146 1090 vi
1175 1051 1433 1102 potestatem
1460 1048 1630 1090 illorum

71 1121 121 1163 de
149 1120 374 1163 haereticis
403 1136 454 1163 ex
483 1121 611 1163 verbo
641 1121 722 1163 Dei
751 1120 1047 1174 cognoscendi,
1076 1120 1259 1173 illosque
1285 1120 1514 1162 secundum
1527 1119 1630 1160 illud

71 1193 349 1247 corporaliter
385 1193 611 1247 plectendi,
646 1193 698 1234 ad
726 1192 866 1234 forum
895 1207 1017 1234 suum
1046 1191 1389 1234 Ecclesiasticum
1417 1192 1631 1245 praesules

70 1263 358 1306 Romanenses
386 1267 620 1306 traxerunt.

124 1335 272 1378 LXIII.
301 1336 473 1378 Etenim
501 1335 780 1390 Magistratus
804 1335 951 1387 fidelis,
977 1334 1192 1376 Ecclesiae
1216 1334 1296 1377 Dei
1320 1350 1417 1388 pars
1442 1335 1630 1386 illustris,

70 1411 159 1450 tam
188 1423 240 1450 ex
267 1407 365 1450 fidei
394 1408 602 1461 analogia,
633 1423 760 1460 quam
790 1423 840 1449 ex
863 1407 1044 1449 fidorum
1068 1406 1387 1461 Theologorum
1412 1423 1436 1448 a
1460 1422 1503 1449 se
1533 1422 1631 1449 evo-

73 1482 265 1522 catorum
299 1480 459 1533 judicio
498 1479 650 1521 Sacrae
688 1479 934 1533 Scripturae
974 1482 1268 1531 consentaneo,
1309 1493 1390 1520 una
1423 1494 1517 1521 cum
1546 1480 1632 1520 suis

71 1550 305 1604 Theologis
331 1551 381 1593 de
406 1551 498 1606 ipso
523 1551 736 1593 haeretico
761 1553 904 1604 potest
928 1565 1195 1606 cognoscere,
1217 1552 1344 1602 atque
1358 1550 1630 1601 haereticum,

70 1623 105 1664 si
144 1623 303 1675 absque
340 1622 617 1675 Reipublicae
654 1625 774 1664 motu
813 1622 994 1664 aliorum
1033 1622 1186 1663 civium
1225 1621 1438 1662 consortio
1474 1620 1632 1662 diutius

69 1694 154 1735 frui
176 1708 263 1735 non
290 1694 440 1747 possit,
467 1709 545 1747 pro
575 1709 649 1735 sua
678 1693 905 1748 prudentia
934 1708 982 1735 ac
1011 1708 1161 1734 causae
1189 1695 1404 1734 momento
1430 1706 1631 1734 coercere.

124 1764 273 1807 LXIV.
304 1765 395 1815 Quo
424 1767 628 1820 majorem
655 1767 913 1819 potestatem
937 1764 1216 1818 Magistratus
1240 1763 1480 1815 Christiani,
1506 1777 1633 1816 quam

70 1837 263 1879 homines
299 1838 458 1891 privati
494 1853 518 1879 a
553 1837 646 1878 Deo
684 1838 948 1890 acceperunt,
979 1851 1027 1877 eo
1057 1836 1260 1888 majorem
1291 1849 1433 1876 curam
1461 1849 1509 1876 ac
1538 1834 1632 1875 dili-

71 1909 261 1962 gentiam
297 1908 498 1950 adhibere
538 1908 704 1959 debent,
741 1922 793 1949 ne
823 1907 996 1960 aliquod
1026 1907 1180 1959 dogma
1210 1906 1529 1957 heterodoxum,
1560 1908 1632 1948 aut

71 1994 96 2021 a
117 1979 203 2022 fide
227 1979 470 2022 Christiana
495 1980 808 2021 dissentaneum
831 1978 875 2019 in
899 1979 1091 2031 ipsorum
1114 1977 1273 2019 ditione
1298 1977 1426 2018 latius
1441 1979 1632 2030 vagetur.

71 2050 185 2093 Nam
221 2054 522 2105 praeterquam
561 2051 675 2104 quod
706 2050 822 2104 ipsis,
851 2051 899 2091 ut
927 2048 1141 2091 Ecclesiae
1169 2049 1382 2099 membris,
1412 2048 1633 2090 universae

71 2120 152 2164 Dei
175 2122 389 2165 Ecclesiae
415 2122 607 2165 custodia
632 2121 924 2164 commendata
948 2122 1011 2161 est
1035 2119 1325 2170 communiter,
1352 2120 1497 2162 eadem
1515 2120 1633 2173 ipsis,

71 2196 119 2235 ut
146 2193 362 2236 Ecclesiae
392 2193 581 2235 nutritiis
605 2208 653 2235 ac
676 2191 1003 2246 protectoribus,
1028 2191 1072 2231 in
1096 2190 1278 2232 solidum
1303 2190 1555 2233 demandata
1570 2194 1634 2233 est

71 2265 357 2318 singulariter.
386 2265 538 2318 Itaque
566 2264 765 2306 monendi
795 2265 904 2315 sunt,
933 2277 986 2304 ne
1017 2261 1194 2303 subditis
1224 2261 1308 2303 suis
1338 2278 1362 2303 a
1391 2277 1490 2304 vera
1517 2261 1633 2304 Reli—

71 2336 198 2389 gione
235 2336 382 2378 alienis
414 2336 566 2377 falsam
589 2334 757 2389 publice
786 2332 1016 2387 profitendi
1043 2332 1261 2374 licentiam
1288 2333 1548 2386 indulgeant,
1579 2336 1633 2385 et,

72 2406 392 2460 quibuscunque
419 2409 598 2461 possunt
622 2405 872 2457 rationibus,
897 2405 1064 2458 privata
1090 2418 1258 2457 quoque
1282 2404 1409 2458 hujus
1435 2404 1634 2446 exercitia

69 2477 317 2531 impediant.

124 2548 251 2590 LXV.
281 2548 399 2590 Finis
428 2548 601 2590 ultimus
629 2547 919 2602 Magistratus,
952 2549 1014 2589 est
1043 2545 1124 2588 Dei
1151 2546 1308 2600 gloria;
1334 2546 1634 2589 subordinatus

71 2620 337 2662 subditorum
366 2622 454 2673 ejus
483 2620 707 2662 concordia
736 2635 784 2662 ac
810 2618 1112 2672 tranquillitas.
1142 2618 1252 2660 Hinc
1275 2633 1354 2671 pro
1378 2617 1567 2672 Regibus
1592 2621 1634 2660 et

73 2692 268 2735 omnibus
306 2693 351 2734 in
388 2692 616 2734 eminentia
654 2691 909 2743 constitutis,
938 2705 1083 2744 preces
1113 2692 1241 2742 atque
1269 2689 1634 2743 interpellationes

72 2779 97 2806 a
123 2763 247 2806 nobis
276 2763 368 2806 fieri
394 2763 484 2805 vult
511 2762 758 2817 Apostolus,
788 2764 836 2803 ut
864 2761 941 2803 sub
971 2775 1116 2802 eorum
1145 2760 1399 2802 auctoritate
1425 2761 1633 2814 tranquil-

71 2835 156 2878 lam
194 2851 242 2878 ac
279 2835 466 2889 quietam
504 2835 636 2876 vitam
672 2834 875 2888 degamus
914 2848 1009 2875 cum
1048 2832 1162 2874 omni
1200 2832 1360 2885 pietate
1385 2834 1426 2874 et
1462 2847 1634 2875 venera-

71 2907 201 2960 tione,
231 2907 251 2948 1
283 2906 391 2948 Tim.
420 2907 458 2959 2,
487 2906 523 2946 2.

1494 3031 1531 3056 40
