1931 3224
540 110 604 153 DE
633 110 780 153 Dwm
808 109 1213 153 PRAEDESTINAHONE.
1575 111 1653 152 225

90 237 265 289 navit,
306 238 401 278 etc.
442 236 766 289 eosdemque
803 235 1044 287 vocavit,
1071 234 1427 288 justificavit
1456 249 1513 277 ac
1542 235 1654 288 glo-

89 307 365 359 rificavit,
405 310 446 349 et
486 307 741 350 asseveratio
773 307 960 361 ejusde-m
987 306 1190 360 Apostoli
1219 305 1343 348 Rom.
1374 306 1436 357 11,
1466 306 1503 347 2.
1533 304 1651 347 Non

90 379 298 432 abjecit
332 378 474 421 Deus
511 379 773 432 populum
810 394 980 431 suum,
1019 393 1171 431 quem
1207 376 1522 431 praenovit,
1551 376 1655 418 item

90 465 197 492 vers.
234 450 271 492 7.
310 449 492 491 Electi
530 451 770 492 assecuti
811 453 956 502 sunt,
995 449 1204 502 reliqui
1244 448 1652 498 occalluerunt,

90 524 132 563 et
161 521 316 563 similia
345 521 540 574 plurima.

141 591 300 634 XVIII.
330 591 426 633 Etsi
454 606 554 633 vero
583 592 764 634 libenter
794 592 1082 643 concedamus,
1111 592 1362 633 electionem
1386 591 1438 633 ad
1463 590 1653 642 salutem,

90 666 133 705 et
173 664 321 705 salutis
364 663 516 714 media,
559 663 758 705 distincte
796 677 921 716 posse
960 663 1228 710 considerari,
1270 663 1396 705 sicuti
1434 662 1656 716 Scriptura

91 748 260 786 quoque
297 749 603 787 nonnunquam
633 735 831 776 distincte
858 735 1075 788 proponit.
1106 749 1312 787 negamus
1339 736 1494 786 tamen,
1525 748 1655 787 prop—

89 807 207 847 terea
235 805 314 847 hos
345 808 464 847 actus
492 806 536 846 in
565 805 646 847 Dei
676 807 844 847 decreto
875 821 1020 847 revera
1050 820 1140 848 esse
1170 805 1369 857 diversos,
1402 806 1502 858 quia
1529 806 1655 847 unico

91 878 134 917 et
162 876 345 929 simplici
375 879 469 919 actu
501 877 605 919 haec
634 876 775 919 omnia
805 877 1115 928 determinavit,
1146 877 1502 930 quemadmodum
1530 877 1655 918 unico

91 950 133 989 et
171 948 354 1001 simplici
393 951 490 990 actu
529 949 670 990 onmia
707 949 759 989 ab
796 950 968 990 aeterno
999 949 1223 1002 cognovit3
1255 949 1327 990 sed
1354 948 1459 990 haec
1488 950 1656 989 tantum

90 1021 237 1060 nostro
264 1019 558 1060 considerandi
581 1019 708 1061 modo
735 1019 944 1070 dicuntur,
969 1021 1148 1073 propter
1171 1019 1490 1060 multitudinem
1516 1019 1657 1072 objec-

90 1092 247 1141 torum,
299 1104 407 1142 quae
447 1089 530 1132 hoc
572 1104 656 1131 uno
700 1090 882 1143 eligendi
925 1093 1023 1132 actu
1065 1090 1504 1144 comprehenduntur3
1546 1090 1657 1132 inter

92 1177 199 1215 quae
251 1162 418 1215 objecta
469 1162 661 1204 ordinem
714 1162 899 1215 aliquem
946 1163 991 1203 in
1042 1162 1296 1204 aeternitate
1338 1161 1523 1203 dandum
1566 1176 1656 1203 esse

92 1233 374 1287 agnoscimus.
422 1233 787 1282 Quemadmodum
829 1234 903 1286 qui
939 1234 1095 1275 multas
1133 1248 1201 1275 res
1240 1233 1367 1275 simul
1404 1233 1532 1285 videt,
1571 1248 1654 1274 uno

92 1305 262 1357 quidem
305 1304 474 1347 obtuitu
519 1319 663 1347 omnes
700 1305 828 1357 videt,
867 1306 980 1347 inter
1017 1320 1084 1347 res
1122 1305 1234 1347 visas
1272 1307 1413 1347 tamen
1447 1305 1550 1347 ordo
1581 1305 1657 1346 ali-

93 1376 187 1429 quis
218 1376 421 1418 constitui
450 1378 593 1430 potest
624 1379 666 1418 et
695 1376 817 1418 solet.

142 1447 258 1489 XIX.
289 1447 427 1497 Quum
456 1463 557 1502 ergo
587 1448 710 1490 nobis
735 1447 947 1501 objicitur,
978 1462 1283 1501 supervacuam
1308 1462 1396 1490 esse
1420 1448 1656 1490 mediorum

93 1518 417 1570 ordinationem,
447 1519 614 1572 quando
646 1520 768 1561 electi
792 1520 882 1572 jam
910 1522 1008 1561 actu
1038 1520 1180 1572 aliquo
1211 1519 1484 1561 antecedente
1511 1520 1563 1561 ad
1590 1535 1655 1561 sa-

91 1588 227 1630 lutem
255 1590 447 1631 absolute
476 1593 574 1631 sunt
604 1590 817 1642 destinati,
847 1591 890 1631 id
920 1605 970 1632 ex
1001 1590 1277 1633 Orthodoxae
1293 1592 1527 1633 sententiae
1541 1606 1656 1633 mera

91 1660 337 1713 ignorantia
374 1661 521 1712 oritur,
561 1662 661 1714 quia
699 1661 815 1703 Deus
844 1677 1064 1714 nunquam
1095 1677 1351 1716 quemquam
1381 1663 1575 1705 absolute
1603 1663 1656 1704 ad

92 1731 273 1773 salutem
307 1731 449 1785 elegit,
479 1732 515 1773 si
541 1732 585 1774 τὸ
619 1732 875 1774 absolute
913 1733 1113 1774 excludat
1140 1734 1292 1785 media,
1323 1748 1429 1786 quae
1457 1733 1574 1775 Deus
1604 1733 1657 1775 ad

92 1802 240 1844 salutis
280 1803 624 1845 consecutionem
661 1803 894 1853 ordinavit;
933 1804 1006 1845 sed
1045 1805 1257 1846 ordinatio
1291 1805 1365 1846 illa
1394 1805 1447 1847 ad
1476 1805 1655 1847 salutem

90 1873 136 1914 in
173 1872 255 1915 Dei
291 1874 529 1927 proposito,
561 1874 944 1917 considerationem
974 1876 1224 1928 mediorum,
1256 1891 1363 1929 quae
1393 1877 1444 1918 ad
1475 1876 1656 1918 salutem

91 1945 330 1986 necessaria
368 1947 478 1997 sunt,
518 1945 570 1987 ab
609 1948 795 1998 aeterno,
827 1946 871 1987 in
901 1946 1049 1989 eodem
1078 1947 1153 1989 illo
1183 1950 1281 1989 actu
1312 1962 1478 2001 semper
1505 1947 1656 1989 habuit

93 2016 375 2069 conjunctam.
408 2016 532 2059 Unde
562 2019 603 2059 et
631 2017 789 2059 Paulus
818 2019 842 2059 2
872 2017 1019 2060 Thess.
1049 2019 1085 2070 2,
1116 2019 1180 2060 13,
1208 2019 1361 2072 inquit,
1392 2018 1532 2061 Deus
1561 2034 1656 2061 nos

92 2087 265 2140 elegit
302 2088 363 2130 ab
400 2088 567 2130 initio
607 2089 669 2130 ad
706 2089 940 2130 salutem
967 2089 1022 2130 in
1051 2089 1514 2132 sanctificatione
1542 2090 1657 2144 Spi-

91 2157 233 2199 ritus
263 2161 313 2201 et
340 2159 454 2201 fide
482 2160 777 2211 veritatis,
807 2162 850 2202 et
878 2159 1030 2202 Petrus
1062 2161 1097 2203 1.
1126 2160 1266 2215 Epist.
1297 2177 1388 2215 cap.
1418 2162 1453 2213 l,
1484 2162 1520 2203 l.
1552 2164 1594 2203 et
1618 2163 1654 2203 2.

91 2228 303 2271 Electis
342 2230 633 2272 secundum
670 2231 1189 2284 praecognitionem
1224 2232 1323 2274 Dei
1362 2232 1569 2285 Patris,
1604 2233 1657 2275 in

92 2300 553 2342 sanctificatione
591 2300 861 2354 Spiritus,
901 2302 961 2344 ad
990 2302 1365 2345 obedientiam
1397 2306 1447 2345 et
1477 2319 1658 2358 asper-

92 2371 300 2413 sionem
328 2372 618 2425 sanguinis
648 2372 872 2415 Christi.

145 2440 236 2484 XX.
269 2442 392 2492 Quod
417 2458 517 2485 vero
545 2443 688 2496 homo,
719 2459 815 2486 cum
843 2444 972 2486 finem
1000 2447 1163 2487 certum
1195 2446 1276 2488 sibi
1302 2447 1393 2498 jam
1417 2447 1654 2500 proposuit,

91 2516 184 2555 tum
225 2513 393 2556 demum
438 2515 488 2556 de
528 2515 678 2557 mediis
722 2515 945 2568 consultat,
984 2518 1058 2557 aut
1094 2516 1343 2571 priusquam
1381 2518 1494 2559 inter
1522 2518 1658 2560 multa

91 2585 230 2627 media
265 2601 398 2627 unum
434 2600 537 2639 prae
575 2586 669 2627 aliis
699 2586 843 2640 eligat,
873 2587 1223 2630 deliberationem
1253 2589 1501 2642 interponit,
1532 2589 1575 2631 id
1607 2604 1657 2632 ex

90 2656 415 2710 imperfectione
453 2657 696 2699 intellectus
738 2658 827 2710 ejus
871 2659 1020 2710 oritur,
1063 2659 1137 2711 qui
1176 2673 1263 2701 non
1304 2660 1386 2701 nisi
1424 2661 1657 2704 successive

90 2726 196 2770 haec
233 2728 422 2782 cogitare
459 2730 587 2781 atque
625 2727 801 2781 seligere
833 2731 988 2782 potest.
1016 2728 1067 2770 In
1094 2729 1264 2772 infinito
1294 2745 1394 2773 vero
1425 2734 1522 2774 actu
1551 2732 1657 2774 divi-

92 2813 171 2840 nae
208 2799 442 2852 sapientiae
481 2799 688 2852 ejusmodi
722 2800 958 2842 successiva
986 2801 1098 2842 actio
1127 2801 1269 2843 locum
1297 2816 1383 2843 non
1411 2802 1554 2856 habet,
1586 2803 1657 2846 sed

93 2869 220 2911 sicuti
260 2871 350 2912 tam
391 2870 496 2913 finis
530 2870 730 2923 optimus,
770 2885 896 2923 quam
934 2871 1071 2912 media
1105 2871 1157 2913 ad
1188 2886 1284 2913 eum
1313 2875 1658 2927 consequendum

92 2940 326 2993 aptissima,
368 2940 552 2994 simplici
586 2940 897 2994 intelligentiae
934 2940 1027 2993 Dei,
1067 2942 1196 2984 etiam
1235 2945 1333 2985 ante
1363 2959 1486 2987 omne
1515 2946 1657 2988 decre-

1412 3017 1444 3042 15
