1931 3224
276 166 354 207 350
821 168 1060 210 D1SPUTAT10
1088 168 1287 211 XXXIV.

277 291 327 332 de
366 291 497 344 gestis
534 291 801 344 Palaestinis,
843 307 933 345 cap.
973 293 1033 334 14.
1075 296 1116 335 et
1155 296 1301 335 contra
1338 293 1366 335 J
1369 294 1425 335 ul.
1464 293 1554 335 Lib.
1591 294 1629 336 4.
1669 309 1759 348 cap.
1797 296 1833 337 3.

328 361 462 402 XXII.
507 361 666 403 Verum
708 364 921 405 enimvero
964 365 1134 406 eaedem
1176 366 1230 407 ob
1268 365 1372 407 alios
1408 368 1637 419 respectus,
1676 366 1835 419 partim

275 433 411 475 bonae
449 436 558 485 sunt,
598 434 756 487 partim
793 434 940 476 malae.
980 434 1137 485 Bonae,
1172 438 1381 488 quatenus
1409 436 1451 477 vi
1481 436 1664 490 Spiritus
1693 437 1834 490 pravi-

274 506 407 545 tatem
457 504 650 557 ipsorum
691 505 902 547 internam
944 508 1277 560 comprimentis,
1319 508 1446 549 utiles
1490 510 1587 549 sunt
1629 509 1681 549 ad
1722 507 1835 549 vitae

273 576 508 629 praesentis
537 576 821 629 honestatem,
851 578 904 618 ad
935 579 1271 631 consequendam
1299 579 1640 621 benedictionem
1668 581 1836 632 tempo-

273 646 418 697 ralem,
462 648 503 687 et
539 646 855 699 mitigationem
893 663 1054 702 poenae
1095 652 1289 692 aeternae
1301 666 1309 701 3
1346 649 1496 701 Malae,
1538 650 1637 702 quia
1663 649 1836 691 inutiles

274 719 371 758 sunt
410 717 461 758 ad
500 718 774 760 obtinendam
807 719 941 761 vitam
970 720 1284 774 sempiternam.
1314 721 1437 770 Quod
1464 721 1646 775 August.
1677 720 1835 781 Roma-

271 803 423 830 norum
467 790 662 844 exemplo
699 791 898 845 illustrat,
935 792 979 834 in
1015 793 1154 846 Epist.
1193 793 1245 835 ad
1273 792 1582 845 Marcellinum,
1612 792 1651 834 R
1663 808 1683 835 e
1695 808 1737 834 m
1747 809 1774 847 p
1787 808 1835 834 u-

271 860 490 912 blicam,
541 861 695 914 inquit,
746 863 909 915 primi
954 863 1179 906 Romani
1222 866 1639 907 constituerunt
1682 879 1834 905 auxe-

271 935 505 985 runtque
548 934 878 987 virtutibuS,
928 936 1032 977 etsi
1067 951 1172 978 non
1209 936 1476 978 habentes
1513 950 1692 978 veram
1726 935 1834 989 pie-

271 1005 441 1045 tatem
486 1019 613 1058 erga
660 1020 839 1047 verum
881 1006 1057 1048 Deum.
1096 1007 1168 1049 Ac
1206 1007 1347 1050 Deus
1386 1009 1461 1050 sic
1499 1006 1745 1050 ostendit
1783 1006 1834 1047 in

272 1075 705 1129 opulentissimo
736 1080 785 1119 et
812 1078 1102 1131 praeclaro
1131 1079 1364 1133 imperio
1389 1078 1648 1131 Romano,
1675 1093 1834 1132 quan-

270 1149 379 1188 tum
418 1148 667 1189 valerent
708 1149 901 1191 civiles
933 1151 1097 1192 etiam
1127 1151 1242 1193 sine
1272 1166 1397 1193 vera
1427 1151 1704 1207 religione
1732 1150 1834 1192 vir-

270 1220 439 1271 tutes,
484 1221 540 1260 ut
582 1219 1012 1273 intelligeretur
1051 1222 1149 1264 hac
1191 1223 1379 1264 addita
1420 1222 1549 1264 fieri
1590 1222 1834 1263 homines

271 1289 416 1331 cives
455 1291 690 1332 alterius
728 1291 1003 1345 civitatis,
1042 1295 1196 1346 cujus
1233 1309 1325 1336 rex
1365 1297 1445 1335 est
1473 1294 1701 1346 veritas,
1730 1294 1832 1345 lex,

271 1362 494 1420 caritas,
523 1378 565 1403 111
579 1378 602 1404 o
617 1363 730 1416 dus,
762 1366 1082 1407 aeternitas.
1111 1365 1169 1406 Et
1200 1368 1349 1408 contra
1376 1365 1462 1408 Jul.
1492 1366 1582 1407 Lib.
1610 1367 1648 1407 4.
1678 1381 1768 1420 cap.
1797 1367 1833 1408 3.

268 1431 374 1473 Min
388 1448 444 1474 us
479 1433 767 1476 Fabricius
806 1451 959 1488 quam
997 1436 1238 1478 Catilina
1266 1438 1548 1490 punietur,
1577 1452 1680 1479 non
1710 1437 1836 1491 quia

268 1503 375 1545 iste
413 1505 608 1558 bonus,
643 1506 733 1547 sed
763 1507 888 1559 quia
916 1508 1014 1549 ille
1042 1508 1215 1562 magis
1243 1509 1435 1561 malus,
1465 1511 1516 1550 et
1543 1510 1717 1551 minus
1746 1509 1834 1550 im-

269 1576 414 1628 pius,
453 1592 606 1629 quam
641 1576 908 1631 Catilina,
938 1578 1250 1631 Fabricius,
1280 1596 1383 1622 non
1410 1595 1562 1623 veras
1590 1581 1832 1622 virtutes

268 1646 537 1701 habendo,
590 1650 681 1692 sed
732 1665 756 1691 a
809 1650 953 1692 veris
1003 1651 1336 1705 virtutibus,
1387 1667 1490 1694 non
1540 1652 1833 1705 plurimum

269 1718 294 1759 d
307 1734 328 1761 e
339 1719 390 1761 vi
402 1735 425 1761 a
436 1735 463 1762 n
476 1720 501 1762 d
516 1736 553 1763 o.

321 1790 478 1834 XXIII.
507 1792 721 1846 Adjuncta
757 1794 967 1837 bonorum
997 1810 1175 1850 operum
1204 1798 1302 1838 sunt
1329 1796 1424 1848 tria,
1452 1796 1694 1849 necessitas,
1722 1797 1832 1839 inte-

268 1863 401 1916 gritas
430 1866 471 1905 et
499 1863 698 1917 dignitas.

319 1934 477 1977 XXIV.
505 1934 749 1978 Necessitas
777 1937 901 1979 bonis
930 1939 1128 1993 operibus
1156 1940 1434 1982 multifariam
1457 1940 1718 1982 attribuitur.
1743 1939 1831 1983 Ne-

267 2007 447 2048 cessaria
485 2008 598 2049 enim
635 2009 843 2063 dicuntur,
884 2012 919 2052 1.
957 2010 1224 2054 Necessitate
1252 2014 1473 2066 praecepti
1502 2013 1645 2055 divini.
1675 2014 1711 2054 2.
1742 2012 1830 2055 Ne-

267 2077 464 2119 cessitate
507 2079 636 2121 medii
679 2081 730 2122 ad
767 2080 849 2123 Dei
886 2081 1067 2135 gloriam
1105 2086 1146 2125 et
1185 2083 1365 2125 salutem
1402 2087 1593 2126 nostram
1632 2085 1828 2127 ordinati.

265 2148 301 2189 3.
345 2147 612 2193 Necessitate
655 2152 793 2194 cultus
837 2155 878 2195 et
921 2154 1115 2207 obsequii
1157 2155 1249 2197 Deo
1294 2171 1343 2198 ex
1383 2156 1645 2210 obligatione
1681 2159 1828 2199 nostra

263 2221 451 2262 naturali
480 2222 625 2264 debiti.
654 2223 692 2265 4.
721 2223 988 2267 Necessitate
1015 2226 1152 2268 bonae
1182 2229 1223 2268 et
1246 2228 1504 2281 tranquillae
1530 2228 1825 2280 conscientiae,

265 2291 314 2333 de
358 2308 433 2334 sua
471 2294 678 2337 electione
718 2298 760 2337 et
796 2297 1019 2339 vocatione
1057 2298 1110 2339 ad
1139 2299 1320 2340 salutem
1349 2299 1430 2341 sibi
1457 2299 1591 2353 probe
1621 2301 1826 2343 consciae.

263 2363 300 2405 5.
330 2363 596 2408 Necessitate
626 2367 756 2409 officii
785 2369 973 2410 caritatis
1002 2369 1197 2423 proximo
1227 2370 1483 2424 praestandi.

316 2435 451 2478 XXV.
493 2436 805 2480 Necessitatem
844 2439 1108 2494 efficientiae,
1152 2457 1279 2495 quam
1302 2435 1352 2483 'P
1365 2457 1388 2484 o
1400 2441 1516 2484 ntif
1520 2442 1534 2484 i
1547 2442 1617 2485 cii
1654 2458 1826 2496 praece-

265 2507 462 2549 dentibus
502 2509 751 2563 adjungunt,
791 2513 839 2552 ut
879 2512 1065 2565 spuriam
1105 2514 1392 2567 repudiamus,
1424 2514 1522 2567 quia
1550 2514 1663 2556 bona
1695 2529 1825 2568 opera

263 2593 340 2620 nec
379 2579 431 2620 ad
469 2580 617 2622 salutis
655 2581 985 2635 inchoationem,
1018 2599 1126 2636 quae
1155 2585 1351 2626 consistit
1379 2585 1423 2627 in
1451 2586 1698 2628 remissione
1727 2601 1824 2639 pec-

264 2653 469 2704 catorum,
508 2655 740 2705 nostraque
779 2668 872 2695 cum
909 2653 1001 2696 Deo
1031 2656 1388 2708 reconciliatione,
1416 2671 1493 2698 nec
1523 2657 1575 2698 ad
1605 2658 1694 2710 ejus
1724 2672 1824 2699 con-

263 2724 602 2775 summationem,
629 2739 736 2777 quae
760 2725 902 2778 posita
929 2729 991 2767 est
1013 2727 1058 2768 in
1082 2730 1253 2770 aeterna
1278 2728 1601 2782 glorificatione,
1625 2744 1674 2770 ac
1697 2729 1824 2782 plena

262 2792 598 2836 immortalitatis
635 2795 804 2838 futurae
842 2796 1058 2849 fruitione,
1095 2799 1226 2840 veluti
1265 2814 1413 2841 causae
1453 2799 1694 2851 efficientes,
1725 2802 1823 2842 sunt

262 2867 511 2908 necessaria.
548 2866 661 2908 Nam
697 2870 890 2910 nostram
928 2884 1003 2922 per
1031 2869 1156 2911 fidem
1186 2886 1328 2912 coram
1358 2870 1449 2913 Deo
1473 2871 1823 2924 justificationem

264 2940 591 2990 consequuntur,
627 2941 755 2992 atque
783 2939 1090 2982 haereditatem
1117 2942 1241 2983 nobis
1271 2942 1314 2983 in
1346 2942 1472 2984 coelis
1500 2945 1697 2996 paratam
1725 2946 1821 2985 tan-

261 3008 495 3061 tummodo,
520 3011 568 3050 ut
591 3010 660 3051 via
684 3024 732 3052 ac
758 3005 944 3052 conditio
970 3011 1014 3052 in
1037 3011 1289 3054 haeredibus
1313 3013 1530 3066 requisita,
1548 3014 1818 3067 praecedunt.
