1931 3224
522 311 992 362 DISPUTATIO
1032 310 1214 358 XXXI.

841 430 886 451 DE

227 515 389 582 Fide
439 520 503 582 et
550 513 1038 583 Perseverantia
1086 510 1485 579 Sanctorum.

405 641 604 684 Praeside
632 641 684 683 D.
722 640 864 683 AND
877 639 1012 682 REA
1050 636 1215 680 RIVE
1231 635 1326 678 TO.

458 733 733 782 Respondente
761 730 940 769 PAULO
970 727 1259 768 TESTARDO.

737 837 927 879 THESIS
967 835 998 878 I.

244 944 303 971 Tsi
349 927 585 971 vocationis
632 927 798 968 divinae
836 925 889 966 ad
927 923 1119 974 salutem,
1161 925 1349 965 remotus
1393 924 1433 963 et
1470 920 1646 962 ultimus

243 1001 340 1043 finis
369 1000 424 1042 sit
454 1000 686 1042 electorum
711 998 841 1048 salus,
866 999 908 1038 et
933 995 1069 1050 gloria
1091 994 1192 1044 Dei3
1217 994 1313 1035 finis
1336 996 1481 1035 tamen
1504 992 1648 1047 proxi-

89 1086 182 1113 mus
221 1074 294 1124 est,
333 1073 380 1112 ut
417 1071 589 1112 vocanti
628 1069 720 1111 Deo
756 1071 797 1110 et
835 1067 1003 1109 Christo
1041 1081 1118 1119 per
1154 1065 1323 1106 FIDEM
1352 1064 1649 1117 respondeant.

90 1142 205 1185 Nam
241 1145 473 1196 postquam
511 1140 734 1183 constituit
769 1139 893 1181 nobis
924 1137 1139 1179 Christum
1166 1136 1498 1189 Redemptorem
1525 1134 1650 1176 mise-

90 1215 222 1256 ricors
251 1214 394 1265 Pater,
418 1228 495 1267 per
520 1228 616 1255 eum
639 1212 721 1254 hac
744 1211 840 1265 lege
864 1224 1105 1252 succurrere
1128 1207 1251 1250 nobis
1274 1207 1422 1257 voluit,
1446 1209 1494 1247 ut
1519 1205 1652 1247 solida

90 1285 172 1327 fide
213 1285 546 1327 misericordiam
590 1285 678 1337 ejus
720 1283 1039 1336 amplectamur.
1081 1279 1207 1322 Nunc
1247 1279 1381 1332 igitur
1423 1279 1652 1330 postquam

92 1357 142 1398 de
181 1356 364 1407 Christo,
404 1357 494 1408 ejus
524 1355 689 1407 officiis,
719 1353 946 1405 beneficiis,
976 1356 1018 1395 et
1046 1352 1269 1394 vocatione
1299 1350 1351 1392 ad
1380 1364 1527 1392 eorum
1554 1363 1653 1401 par-

91 1428 397 1481 ticipationem,
438 1430 579 1469 actum
616 1430 691 1479 est,
731 1426 966 1479 expendere
1001 1423 1210 1473 convenit,
1248 1422 1385 1475 qualis
1422 1421 1527 1462 haec
1566 1434 1654 1461 esse

91 1499 194 1541 fides
236 1499 399 1550 debeat,
440 1514 518 1553 per
560 1514 685 1551 quam
730 1497 852 1551 regni
894 1497 1086 1539 coelestis
1128 1494 1441 1548 possessionem
1483 1492 1654 1543 adeunt,

94 1570 334 1623 quicunque
363 1570 415 1612 ad
443 1570 721 1623 adoptionem
749 1569 929 1610 filiorum
961 1569 1101 1610 vocati
1130 1569 1241 1609 sunt.

146 1640 200 1683 ΙΙ.
230 1640 334 1683 Cum
377 1643 519 1683 autem
555 1641 696 1682 variae
736 1640 820 1681 sint
857 1640 1041 1682 nominis
1076 1639 1175 1681 fidei
1203 1637 1487 1692 acceptiones,
1515 1635 1654 1689 prius-

95 1727 223 1766 quam
261 1714 313 1755 ad
352 1715 439 1766 ejus
477 1716 675 1755 naturam
714 1711 1007 1765 explicandam
1037 1710 1348 1764 aggrediamur,
1377 1706 1655 1766 removendae

95 1787 194 1826 sunt
236 1799 343 1837 quae
385 1785 437 1826 ad
472 1784 718 1826 institutum
754 1786 945 1825 nostrum
984 1797 1070 1824 non
1106 1782 1335 1836 pertinent.
1374 1781 1431 1823 Et
1470 1780 1657 1833 primum

96 1856 196 1908 quia
233 1871 320 1898 11011
359 1857 409 1898 de
442 1856 641 1907 humana,
672 1855 743 1897 sed
771 1855 912 1897 divina
939 1853 1021 1896 fide
1048 1854 1270 1907 agendum,
1302 1851 1538 1893 omittimus
1565 1849 1657 1891 vul-

96 1941 242 1981 garem
269 1927 384 1968 illam
412 1927 509 1969 fidei
533 1927 823 1980 acceptionem
848 1941 925 1981 pro
949 1940 1132 1976 assensu,
1159 1938 1242 1977 quo
1269 1922 1350 1964 sibi
1368 1924 1516 1963 mutuo
1532 1920 1658 1961 fidem

95 1998 290 2041 homines
327 1998 542 2040 adhibent.
581 2000 616 2040 2.
654 1997 719 2040 De
756 1997 838 2039 fide
871 2011 957 2039 non
985 1996 1200 2048 loquimur
1230 2008 1357 2047 quam
1386 1993 1534 2034 damus
1563 2006 1658 2032 cum

98 2070 201 2122 quid
242 2069 370 2111 alicui
411 2070 648 2121 asserimus,
692 2072 766 2110 aut
806 2068 1119 2122 promittimus;
1165 2081 1248 2119 quo
1288 2079 1412 2107 sensu
1446 2062 1538 2104 Deo
1574 2061 1659 2115 ipsi

97 2141 224 2183 fidem
260 2141 501 2193 tribuimus,
538 2141 581 2182 id
618 2142 694 2192 est,
734 2140 960 2182 veritatem
998 2142 1039 2181 et
1076 2138 1360 2180 constantiam
1391 2135 1436 2176 in
1465 2134 1588 2176 dictis
1618 2136 1661 2175 et

98 2213 233 2255 factis.
275 2213 312 2254 3.
355 2211 457 2254 Non
496 2212 661 2266 agimus
700 2212 750 2253 de
786 2211 869 2253 fide
908 2213 1116 2263 quatenus
1145 2209 1353 2262 accipitur
1380 2222 1459 2261 pro
1491 2206 1659 2259 objecto

99 2283 210 2336 fidei,
250 2286 299 2324 ut
339 2284 505 2334 vocant,
549 2282 773 2331 materiali,
815 2282 859 2323 id
897 2284 971 2333 est,
1002 2296 1080 2334 pro
1119 2280 1244 2322 rebus
1283 2277 1513 2330 credendiS,
1554 2287 1660 2330 quae

101 2354 230 2397 etiam
257 2354 357 2396 fidei
384 2354 556 2395 nomine
583 2353 812 2406 aliquando
842 2353 887 2394 111
915 2352 1136 2406 Scriptura
1163 2350 1478 2404 intelliguntur.
1506 2349 1542 2390 4.
1572 2347 1660 2390 Ne-

102 2441 184 2479 que
222 2426 272 2468 de
309 2425 391 2467 fide
428 2427 636 2478 quatenus
673 2440 750 2479 per
786 2424 1094 2478 metonymiam
1122 2423 1329 2476 accipitur
1356 2437 1435 2475 pro
1466 2421 1590 2474 signo
1620 2421 1662 2462 et

103 2498 376 2541 Sacramento
406 2496 516 2538 fidei.

154 2569 230 2612 111.
269 2569 471 2618 Quaestio
509 2570 603 2610 tota
641 2571 705 2610 est
742 2568 792 2610 de
825 2567 928 2610 Fide
959 2582 1086 2621 quam
1114 2566 1375 2617 adhibemus,
1406 2578 1500 2606 cum
1528 2562 1662 2605 credi-

103 2657 196 2684 mus
237 2641 330 2683 Deo
372 2640 579 2683 revelanti
619 2639 745 2682 nobis
785 2640 1009 2681 veritatem
1053 2638 1231 2690 alicujus
1268 2637 1343 2688 rei,
1383 2636 1449 2677 cui
1485 2634 1664 2676 firmiter

104 2713 358 2756 assentimur
406 2714 584 2766 propter
634 2711 990 2753 asseverationem
1035 2710 1181 2764 ipsius,
1225 2709 1342 2761 cujus
1384 2706 1664 2749 communiter

106 2787 290 2838 quatuor
317 2783 478 2837 species
506 2783 751 2832 traduntur;
783 2797 890 2835 quae
920 2781 998 2823 etsi
1027 2796 1111 2822 11110
1136 2779 1308 2822 1101111116
1333 2778 1524 2832 generali
1549 2791 1663 2819 com-

105 2856 436 2909 prehendantur,
476 2854 680 2895 univocae
708 2855 851 2895 tamen
877 2867 964 2895 non
992 2854 1102 2893 sunt.
1131 2850 1493 2892 Discriminantur
1521 2850 1664 2890 autem

107 2927 262 2970 additis
301 2926 515 2980 epithetis,
552 2924 898 2975 Historicae,
937 2922 1343 2976 Temporariae‚
1373 2920 1663 2962 Miraculo-

108 3014 220 3041 rum
248 3001 299 3040 et
327 2998 355 3040 J
365 2997 633 3040 ustifican
644 2996 727 3038 tis.
757 2995 816 3038 At
844 2994 1149 3049 temporariam
1178 2994 1231 3035 ab
1259 2992 1465 3035 historica
1491 3006 1578 3033 non
1607 2991 1666 3033 sic
