1931 3224
414 164 476 205 Dr:
505 163 822 205 JUSTIFICATIONE
850 163 1025 205 HOM1N1s
1053 177 1179 204 CORAM
1207 161 1307 202 Duo.
1558 160 1635 200 335

79 289 373 341 justificamur,
399 289 600 341 opposita
622 288 738 342 Legi,
766 291 808 330 et
830 290 1012 337 nostrae,
1037 301 1109 328 seu
1133 284 1385 336 inhaerenti,
1410 283 1520 325 Phil.
1545 283 1582 335 3,
1599 284 1635 325 9.

135 358 228 401 XX.
253 359 456 401 Attamen
480 359 565 401 Lex
590 375 662 402 seu
677 359 914 401 Justitia
937 359 1139 412 legalis
1157 355 1637 411 operumque,justitiae

84 430 165 471 Dei
200 432 245 472 in
278 429 460 482 Christo,
499 446 571 472 seu
605 431 774 483 Christi,
807 446 909 473 11011
942 430 1279 484 simpliciter
1303 428 1637 469 adversatur.

84 500 184 543 Non
222 501 334 543 enim
365 501 646 554 justificamur
675 504 822 544 contra
850 502 1010 555 legem;
1040 504 1088 543 ut
1117 516 1245 554 quam
1274 499 1466 541 Christus
1494 499 1639 553 imple·
1672 507 1674 509 '

84 573 158 625 vit,
196 575 287 614 tum
324 573 525 626 patiendo
564 587 723 626 poenas
750 574 934 626 peccatis
961 573 1118 614 nostris
1147 571 1324 623 debitas,
1355 585 1439 623 quo
1470 569 1639 622 culpam

86 644 250 694 delevit,
287 646 378 685 tum
407 645 662 697 praestando
693 660 860 692 omnem
884 645 1097 698 justitiam
1125 659 1173 685 ac
1201 642 1309 696 legis
1339 640 1639 692 obedientiam,

86 731 170 768 quo
200 716 488 758 conditionem
514 717 627 758 vitae
658 719 853 758 aeternae
877 716 1033 769 posuit.
1060 715 1160 757 Sed
1182 716 1333 756 certo
1363 714 1642 766 respectu,

87 788 227 839 quoad
263 787 434 841 plenam
472 787 588 829 illius
618 803 642 829 a
667 786 782 829 Filio
810 785 890 828 Dei
922 801 999 841 pro
1030 786 1166 837 nobis,
1196 800 1282 827 non
1312 800 1335 826 a
1364 785 1500 836 nobis,
1531 783 1644 836 quod

85 858 331 912 requirebat
359 859 533 912 insuper
562 858 659 911 Lex,
689 859 1034 913 praestationem,
1064 857 1187 900 Rom.
1216 858 1252 909 3,
1278 857 1375 898 3..4.
1403 854 1493 897 Gal.
1518 856 1555 906 3,
1581 855 1643 896 13.

88 932 130 971 et
157 930 195 981 4,
224 930 262 971 4.
292 930 328 971 5.

140 1000 253 1043 XXI.
292 1000 485 1043 Forma
523 1004 598 1054 est,
637 1004 728 1042 tum
769 1001 812 1042 in
851 999 1235 1058 applicatione
1274 1013 1331 1040 ex
1360 1000 1516 1051 parte
1546 996 1642 1038 Dei

89 1087 216 1126 erga
245 1087 363 1125 nos,
394 1087 466 1114 seu
496 1073 711 1114 oblatione
741 1075 782 1114 et
813 1072 1040 1114 collatione
1064 1070 1259 1123 justitiae
1287 1070 1401 1111 illius
1431 1069 1645 1123 gratuitae

89 1143 170 1185 Dei
196 1144 241 1185 in
272 1142 453 1195 Christo,
479 1158 552 1185 seu
579 1144 760 1196 λογισμῷ
788 1142 814 1184 i.
838 1142 1122 1195 imputatione
1142 1141 1347 1194 justitiae,
1372 1140 1494 1182 Rom.
1517 1140 1556 1191 4,
1581 1139 1643 1180 11.

91 1215 189 1257 dum
230 1230 333 1256 non
374 1215 613 1268 imputat
654 1213 797 1256 Deus
840 1213 1230 1267 peccatoribus
1272 1214 1500 1266 peccata
1538 1225 1646 1264 quae

88 1287 259 1339 habent,
289 1286 358 1328 Ps.
388 1287 451 1338 32,
481 1287 517 1327 1.
546 1286 669 1328 30111.
697 1286 734 1338 4,
764 1286 799 1327 3.
829 1286 853 1326 2
883 1285 975 1327 Cor.
1000 1285 1037 1337 5,
1064 1285 1126 1326 19.
1151 1284 1224 1327 sed
1248 1284 1300 1326 ab
1324 1284 1376 1325 iis
1403 1283 1647 1325 absolvit

90 1373 147 1400 ac
185 1358 426 1399 remittit
463 1360 692 1411 peccata
731 1372 824 1411 per
864 1355 1164 1408 Christum,
1200 1355 1296 1397 Act.
1329 1356 1389 1407 10,
1419 1355 1483 1396 43.
1514 1356 1555 1396 et
1582 1353 1644 1405 13,

90 1430 153 1471 28.
192 1430 254 1471 29.
295 1432 423 1482 atque
452 1429 689 1483 imputat
715 1428 1018 1481 justitiam,
1052 1443 1179 1480 quam
1207 1441 1296 1469 non·
1322 1426 1495 1477 habent,
1525 1425 1648 1466 Rom.

90 1502 127 1553 3,
167 1502 203 1542 3.
235 1501 256 1542 1
288 1500 380 1543 Cor.
413 1501 446 1553 1,
477 1501 540 1542 30.
569 1501 593 1541 2
623 1499 716 1542 Cor.
746 1500 782 1551 5,
813 1500 875 1541 21.
909 1499 1025 1549 Quae
1054 1499 1192 1541 aliena
1221 1498 1380 1540 Christi
1403 1497 1572 1550 justitia
1601 1495 1650 1537 fit

89 1574 249 1624 nostra,
287 1574 328 1614 et
361 1573 466 1625 justi
503 1572 802 1614 constituimur
840 1585 982 1613 coram
1020 1570 1124 1622 Deo,
1164 1569 1286 1611 Rom.
1326 1570 1362 1621 5,
1394 1569 1456 1610 19.
1485 1570 1577 1609 tum
1606 1568 1650 1608 in

92 1644 475 1686 declaratione
516 1659 571 1685 ac
607 1642 1073 1697 pronunciatione
1102 1641 1281 1695 ipsius
1312 1640 1432 1691 Dei,
1463 1654 1546 1693 qua
1574 1639 1651 1680 ha-

90 1715 227 1768 betur,
264 1718 468 1767 censetur,
509 1730 555 1757 ac
589 1715 804 1768 judicatur
832 1715 926 1767 quis
951 1716 1091 1768 justus
1120 1713 1164 1754 in
1194 1714 1425 1766 conspectu
1455 1712 1555 1764 ejus,
1586 1713 1650 1752 at-

94 1802 174 1840 que
203 1788 247 1828 in
276 1786 534 1828 conscientia
564 1801 650 1838 sua,
680 1786 724 1827 in
753 1801 836 1839 qua
860 1785 975 1827 Deus
1001 1785 1130 1841 erigit
1154 1783 1342 1826 tribunal
1367 1798 1501 1835 suum,
1527 1781 1650 1824 Rom.

92 1859 130 1910 4,
161 1861 197 1900 2.
228 1860 270 1900 et
299 1859 334 1910 3,
364 1859 429 1910 33,
457 1858 520 1899 34.

146 1929 282 1972 XXII.
318 1929 623 1983 Iinputatio
662 1931 804 1971 autem
840 1928 946 1970 haec
982 1941 1066 1969 11011
1107 1929 1170 1969 est
1207 1926 1470 1979 figmentum,
1509 1925 1581 1967 sed
1608 1925 1653 1966 in

95 2002 322 2055 aequitate,
363 2004 404 2043 et
442 2002 546 2044 Jure
585 2001 698 2043 civili
736 2001 875 2042 locum
912 2000 1054 2051 habet,
1094 2001 1141 2039 ut
1171 2013 1278 2051 quae
1308 1997 1459 2039 statuit
1488 1998 1536 2037 ut
1565 2010 1653 2037 cre-

96 2073 208 2115 ditor
246 2074 358 2115 idem
394 2075 463 2126 jus
490 2072 648 2115 habeat
676 2073 720 2113 in
749 2086 998 2126 sponsorem
1028 2073 1156 2123 atque
1185 2070 1230 2110 in
1261 2069 1510 2111 debitorem.
1541 2067 1654 2116 Quin

96 2161 191 2187 cum
221 2145 277 2186 sit
304 2144 557 2186 vocabulum
586 2143 822 2196 relativum,
851 2143 1262 2184 fundamentum
1290 2140 1434 2192 habet,
1459 2154 1544 2181 non
1565 2153 1653 2180 rem

95 2216 388 2258 inhaerentem
426 2216 463 2258 ei
503 2215 569 2257 cui
605 2215 654 2256 fit
689 2215 929 2270 imputatio,
966 2213 1162 2256 videlicet
1194 2228 1298 2268 opus
1328 2211 1524 2264 aliquod;
1553 2212 1654 2251 ter-

96 2289 314 2340 minum,
366 2287 621 2339 mercedem3
664 2286 1012 2337 relationem,
1056 2284 1386 2338 imputationem
1427 2281 1655 2324 secundum

97 2360 307 2401 debitum:
337 2362 385 2400 ut
414 2360 469 2401 sit
499 2359 699 2412 quiddam
726 2358 771 2399 in
798 2357 934 2410 nobis,
966 2356 1079 2409 quod
1108 2356 1318 2409 dignitate
1344 2370 1418 2396 sua
1441 2354 1508 2395 vel
1531 2353 1656 2406 plena

97 2432 165 2474 vel
209 2447 259 2473 ex
300 2434 435 2485 parte,
478 2431 712 2484 imputetur
755 2430 807 2471 ad
843 2429 1066 2482 justitiam,
1104 2430 1152 2469 ut
1188 2442 1271 2469 vox
1310 2425 1446 2479 accipi
1476 2425 1655 2475 videtur,

98 2502 220 2545 Rom.
263 2502 300 2555 4,
330 2503 367 2543 4.
397 2502 479 2543 nisi
507 2516 653 2543 vocem
681 2501 808 2542 aliam
838 2500 1028 2553 subjecto
1060 2498 1379 2541 convenientem
1410 2499 1451 2539 et
1479 2510 1656 2549 respon-

99 2575 268 2616 dentem
305 2573 571 2627 subintelligi
607 2573 797 2625 velimus,
837 2572 910 2614 sed
947 2571 1353 2613 fundamentum
1381 2567 1584 2610 statuitur
1612 2566 1657 2607 in

95 2646 254 2699 judicio
284 2647 325 2687 et
354 2645 573 2686 voluntate
602 2644 853 2698 imputantis
883 2658 955 2686 seu
978 2642 1217 2696 reputantis
1240 2641 1334 2693 Dei,
1358 2655 1444 2682 non
1466 2639 1511 2680 in
1534 2637 1658 2680 nobis

102 2717 162 2770 (in
203 2717 355 2770 quibus
392 2715 653 2758 contrarium
683 2717 745 2757 est
772 2714 1108 2765 fundamentum,
1136 2727 1223 2755 non
1253 2711 1306 2754 ad
1331 2710 1555 2764 justitiam,
1586 2708 1659 2750 sed

100 2789 221 2841 iram,
260 2789 295 2832 si
323 2781 439 2830 Deus
466 2787 686 2829 nobiscum
714 2786 894 2828 intraret
923 2786 967 2827 in
991 2783 1231 2838 judicium),
1260 2781 1529 2824 terminus
1557 2794 1656 2822 vero

97 2860 267 2913 justitia
289 2860 399 2912 fidei,
426 2874 498 2901 seu
528 2858 686 2900 Christi
709 2857 918 2910 meritum,
944 2856 1145 2899 relatio
1172 2856 1314 2896 autem
1337 2850 1658 2905 imputatio,

103 2946 210 2984 quae
248 2946 334 2973 non
371 2932 421 2973 fit
459 2930 685 2973 secundum
725 2929 926 2981 debitum,
965 2928 1037 2970 sed
1074 2926 1269 2981 gratiam,
1298 2925 1360 2966 ita
1388 2926 1437 2965 ut
1463 2923 1576 2964 idem
1604 2921 1660 2962 sit

105 3005 218 3056 quod
268 3005 489 3056 acceptum
531 3002 653 3044 ferre.
693 3001 882 3050 Qualiter
921 2999 1128 3052 accipitur
1164 2997 1288 3039 Rom.
1325 2997 1363 3037 4.
1399 2994 1548 3045 decies,
1587 2992 1660 3033 ubi
