1931 3224
568 153 633 195 Dp,
660 151 880 193 LIBERTATE
909 146 1157 189 Cmusrmm.
1570 140 1647 180 359

85 283 278 327 adhibita
304 281 402 323 fidei
431 278 688 333 cognitione,
713 277 754 317 et
779 272 970 316 caritatis
994 268 1234 324 prudentia,
1260 269 1380 308 extra
1405 263 1650 306 scandalum

84 351 455 398 indiscriminatim
504 351 683 391 utuntur
695 363 704 398 ;
754 347 802 387 ut
852 343 926 397 qui
965 356 1051 384 non
1093 339 1347 391 acceperunt
1390 351 1408 377 8
1419 351 1447 389 p
1458 336 1473 377 i
1484 350 1504 376 1·
1514 335 1529 376 1
1539 337 1558 376 t
1569 350 1597 375 u
1606 348 1649 375 m

86 443 105 470 8
116 443 168 470 er
180 442 203 468 v
213 427 228 468 i
238 428 256 467 t
266 441 294 467 u
304 425 344 466 t
334 440 348 466 1
359 439 377 466 s
415 439 439 465 a
451 423 476 464 d
513 437 555 463 m
568 436 589 463 e
599 423 617 462 t
628 434 729 470 um,
766 417 838 459 sed
876 413 1075 468 spiritum
1102 409 1316 457 υἱοθεσίας,
1354 407 1477 449 Rom.
1517 405 1649 458 8,15.

86 500 238 553 sponte
276 498 317 538 et
354 494 550 536 alacriter
581 495 673 533 tam
702 490 843 531 animo
874 500 1002 540 quam
1032 496 1211 536 corpore
1239 480 1331 521 Deo
1362 494 1427 520 ser
1431 478 1559 529 viant,
1589 492 1613 518 a
1624 477 1650 518 d

85 569 299 613 laudem
328 566 417 620 glo
430 580 450 606 r
461 565 475 606 i
488 577 609 606 osae
638 562 690 616 ip
703 561 814 603 81118
845 572 904 612 gr
916 555 1084 606 atiae,
1116 565 1317 604 suamque
1347 549 1650 603 sempiternam

87 641 278 683 s.alutem

125 708 259 753 UVIII
286 707 426 760 Hujus
453 704 662 747 libertatis
694 716 817 744 causa
847 699 1030 742 efficiens
1056 696 1254 750 princeps
1281 695 1344 736 est
1369 692 1485 734 Deus
1508 691 1649 742 Pater,

89 781 180 835 qui
230 779 456 821 idoneos
504 791 599 818 nos
651 774 786 816 fecit
836 771 898 813 ad
939 766 1439 823 participationem
1483 762 1653 805 sortis

89 853 415 896 Sanctorum
451 849 504 890 in
548 846 772 896 lumine,
821 842 907 884 Col.
959 842 993 893 1,
1040 840 1102 880 12.
1147 838 1280 879 Filius
1322 835 1532 877 mediator
1572 833 1653 875 Dei

88 926 130 967 et
166 922 387 964 hominum
424 920 497 972 qui
532 932 628 960 nos
665 913 955 964 liberavit,
985 910 1074 953 Gal.
1105 910 1142 960 5,
1173 910 1208 950 1.
1241 911 1282 950 et
1311 907 1496 960 Spiiitus
1524 904 1652 947 Sanc-

87 998 157 1037 tus
183 993 404 1045 utriusque
441 989 635 1043 ο-υνεργὸς,
669 987 743 1040 (1111
771 984 1013 1036 ubicunque
1036 980 1218 1031 habitat,
1243 978 1487 1020 libertatem
1513 990 1655 1017 secum

90 1066 224 1117 affert,
253 1066 277 1106 2
307 1063 401 1106 Cor.
426 1063 463 1114 3,
490 1061 553 1103 17.
581 1059 716 1101 Causa
741 1053 1008 1109 προηγουμένη
1033 1054 1096 1093 est
1121 1050 1260 1103 gratia
1285 1052 1327 1091 et
1363 1046 1654 1102 φιλανθρωπία

89 1137 171 1179 Dei
205 1137 250 1178 in
279 1134 461 1185 Christo,
490 1131 587 1174 Luc.
618 1130 655 1181 1,
685 1129 748 1170 72.
779 1129 821 1169 et
849 1125 913 1167 74.
943 1121 1277 1177 προκαταρκτικὴ,
1308 1122 1371 1162 est
1392 1118 1549 1161 Christi
1568 1131 1655 1158 me-

89 1208 218 1250 ritum
249 1209 291 1248 et
321 1203 569 1254 satisfactio,
598 1201 643 1242 in
673 1213 756 1253 quo
787 1197 994 1239 habemus
1026 1192 1281 1245 ἐλευθέρωσιν
1313 1193 1394 1233 οέπο
1422 1195 1491 1238 τῆς
1519 1189 1655 1240 αμαρ-

90 1280 194 1328 τίας,
239 1277 363 1320 Rom.
402 1277 440 1328 6,
476 1275 539 1316 22.
579 1275 621 1315 et
656 1269 927 1321 ἀπολύτρωσιν
970 1269 1013 1309 ἐκ
1055 1271 1123 1314 τῆς
1166 1263 1357 1316 ματαίας
1400 1262 1658 1313 ἀναστροφῆς

90 1347 466 1404 πατροπαραδότου,
510 1346 531 1386 1
563 1344 653 1386 Pet.
685 1342 813 1395 1,18.
845 1354 980 1394 quae
1008 1352 1110 1380 non
1138 1337 1288 1378 facta
1318 1336 1397 1375 est
1426 1332 1657 1384 argento

93 1421 179 1464 vel
208 1434 360 1471 auro,
389 1418 479 1460 sed
506 1414 756 1470 pretioso
787 1413 901 1465 ejus
931 1409 1218 1466 sanguine,
1244 1421 1328 1459 quo
1355 1404 1492 1447 omnis
1518 1400 1658 1455 operis

90 1491 268 1534 humani
294 1490 494 1532 meritum
523 1486 772 1530 excluditur

145 1563 219 1606 IX.
248 1561 450 1604 Efficiens
479 1556 818 1602 instrumentalis
848 1554 1004 1608 duplex
1035 1554 1118 1594 est:
1145 1551 1212 1593 Ex
1236 1551 1360 1605 parte
1384 1548 1477 1599 Dei,
1502 1546 1658 1588 veritas

93 1634 367 1689 Evangelica,
398 1646 482 1685 qua
509 1631 684 1672 libertas
710 1628 884 1670 offertur
909 1639 986 1680 per
1011 1622 1385 1678 praedicationem,
1413 1618 1441 1661 J
1444 1633 1568 1660 erem.
1593 1616 1658 1667 34,

94 1709 156 1750 15.
189 1710 230 1750 et
259 1706 326 1749 0111
354 1703 553 1747 liberatio
584 1700 846 1750 attribuitur,
882 1697 910 1740 J
913 1697 981 1739 oh.
1007 1697 1044 1748 8,
1070 1696 1133 1736 32.
1159 1693 1259 1735 Ideo
1284 1690 1512 1744 Evangelii
1535 1703 1659 1742 prae-

95 1779 264 1830 dicatio,
301 1773 672 1819 ministerium
709 1765 1197 1822 reco1nciliationis
1227 1763 1481 1818 appellatur,
1511 1762 1535 1802 2
1566 1759 1658 1802 Cor.

95 1851 131 1903 5,
162 1850 224 1892 19.
253 1848 590 1890 Instrumentum
619 1846 760 1886 autem
787 1840 950 1884 homini
978 1837 1262 1881 necessarium
1292 1838 1333 1878 et
1362 1849 1437 1889 per
1461 1832 1660 1887 spiritum

97 1924 139 1965 et
175 1920 352 1963 verbum
388 1919 699 1971 ingeneratum,
740 1916 802 1956 est
838 1913 942 1955 fides
979 1911 1088 1962 viva,
1120 1924 1203 1962 qua
1232 1905 1455 1950 adducti
1484 1915 1661 1945 sumus

96 1994 150 2035 in
177 1992 316 2034 hanc
344 1988 581 2043 gratiam
607 1987 660 2029 in
690 2001 790 2040 qua
819 1987 1044 2034 stamus,
1073 1981 1196 2023 Rom.
1223 1980 1260 2031 5,
1290 1979 1326 2020 2.

150 2064 202 2106 Χ.
245 2061 427 2104 Materia
469 2061 514 2102 in
553 2074 649 2112 qua,
692 2057 780 2100 sive
824 2056 1074 2109 subjectum,
1119 2055 1183 2095 est
1226 2050 1362 2093 omnis
1404 2048 1576 2091 credens
1617 2046 1662 2087 in

99 2135 327 2184 Christum,
370 2135 412 2174 et
454 2132 507 2174 ad
551 2145 646 2173 eum
687 2131 906 2181 tamquam
946 2126 1221 2168 liberatorem
1263 2120 1523 2174 confugiens,
1576 2117 1663 2159 sive

101 2207 298 2257 Graecus,
337 2204 424 2246 sive
462 2202 662 2253 Judaeus,
697 2200 783 2242 sive
821 2213 923 2250 11108,
963 2197 1049 2239 sive
1086 2195 1257 2246 femina,
1296 2195 1372 2236 etc.
1411 2192 1438 2233 i.
1478 2189 1663 2244 cujusvis

101 2293 238 2330 sexus,
277 2274 546 2325 conditionis,
585 2271 784 2324 nationis,
821 2273 897 2312 etc.
935 2269 981 2311 in
1015 2266 1206 2310 Ecclesia
1237 2264 1352 2308 Novi
1389 2260 1663 2306 Testamenti.

101 2349 216 2392 Nam
247 2348 299 2390 ad
329 2348 418 2400 ejus
447 2345 637 2388 membra
665 2343 850 2398 pertinet
878 2340 1052 2396 proprie
1079 2339 1313 2380 libertas
1343 2334 1664 2378 Christiana

101 2435 178 2475 per
215 2433 361 2462 omnes
399 2432 497 2460 81108
531 2416 700 2470 gradus,
731 2429 912 2468 quorum
942 2412 997 2466 (si
1023 2425 1168 2454 omnes
1195 2404 1509 2461 intelligantur)
1539 2417 1663 2445 nemo

103 2493 201 2533 ante
239 2489 456 2533 Christum
490 2487 737 2536 exhibitum,
775 2485 991 2539 particeps
1017 2483 1111 2525 fieri
1137 2481 1294 2536 potuit.
1323 2479 1368 2522 Si
1394 2480 1539 2519 tamen
1568 2490 1664 2529 gra-

105 2563 181 2606 dus
218 2563 379 2616 primos
411 2563 452 2603 et
480 2559 732 2613 praecipuos
762 2558 999 2611 spectemus
1028 2554 1080 2596 ad
1109 2553 1289 2595 salutem
1319 2549 1491 2592 omnino
1521 2561 1664 2588 neces-

106 2634 250 2686 sarios,
282 2636 323 2675 et
353 2632 635 2674 substantiam
664 2627 875 2672 libertatis
903 2628 949 2670 in
977 2641 1032 2679 se,
1063 2641 1155 2667 eam
1182 2623 1377 2666 fidelibus
1410 2621 1487 2664 sub
1516 2617 1666 2660 Veteri

106 2705 380 2748 Testamento
423 2718 510 2746 non
551 2715 755 2755 negamus
795 2699 922 2741 fuisse
966 2697 1332 2747 communicatam,
1372 2694 1452 2736 etsi
1489 2706 1575 2733 non
1614 2691 1666 2732 ad

107 2792 200 2819 eam
235 2790 476 2818 mensuram
514 2788 596 2827 qua
635 2772 806 2815 Christo
845 2770 1118 2813 manifestato
1148 2767 1369 2821 apparuit3
1401 2779 1509 2818 quae
1538 2764 1666 2806 etiam

107 2862 183 2890 suo
212 2847 339 2890 modo
369 2844 692 2889 Christiana
721 2843 803 2885 dici
831 2842 986 2897 potuit,
1021 2856 1120 2884 nam
1145 2840 1217 2893 qui
1241 2841 1343 2881 tunc
1365 2836 1428 2879 τὸν
1455 2835 1668 2887 ὀνειδισμὸν

107 2921 174 2962 τοῦ
215 2921 378 2972 Χριστοῦ
416 2918 654 2972 portarunt,
693 2914 824 2957 Hebr.
864 2914 927 2966 11,
957 2914 1020 2956 26.
1049 2912 1266 2954 Christum
1295 2909 1425 2951 etiam
1452 2908 1664 2950 libertatis

109 2990 343 3043 spiritualis
381 2991 598 3031 auctorem
635 2987 912 3040 agnoverunt,
952 2984 1069 3037 cujus
1108 2982 1207 3035 quia
1246 2979 1470 3023 nobiscum
1496 2978 1668 3020 fuerunt
