1931 3224
265 125 343 167 606
835 124 1076 165 D1sPuTAT10
1104 122 1251 165 XLIX.

268 249 401 291 civilis
432 248 659 302 potestatis
693 248 737 288 in
765 247 891 289 rebus
919 247 1200 290 Ecclesiae
1227 248 1272 288 in
1301 246 1483 300 Synodis
1513 261 1623 298 cura,
1654 260 1740 288 non
1770 249 1834 288 est

267 321 394 362 boni
424 319 633 362 ordinis
660 318 714 360 in
742 318 996 360 Ecclesia
1025 319 1401 372 perturbatio,
1432 317 1551 370 quasi
1574 317 1636 358 ita
1659 316 1703 358 in
1728 317 1834 359 alte-

267 391 355 432 rius
397 392 438 431 et
479 389 666 431 alienum
706 388 895 431 officium
934 390 1208 443 irrumpatur.
1247 388 1421 431 Etenim
1455 388 1636 441 requirit
1666 388 1836 440 quidem

268 462 371 504 ordo
419 463 466 502 ut
511 461 598 502 sint
630 460 854 503 distinctae
891 460 1144 513 functiones,
1183 461 1255 503 sed
1293 460 1582 514 conjunctioni
1619 459 1835 501 distinctio

267 547 353 573 non
388 534 615 585 repugnat,
653 546 790 584 neque
827 532 1056 585 quicquam
1094 531 1215 574 obest
1253 546 1336 585 quo
1373 531 1512 573 minus
1550 531 1625 583 qui
1662 530 1836 573 diversis

269 603 419 646 officiis
448 605 664 657 praesunt,
695 604 989 645 communibus
1017 606 1160 646 tamen
1189 603 1340 645 studiis
1369 603 1503 645 multa
1531 602 1655 645 simul
1683 617 1836 656 procu-

268 677 375 727 rent,
412 690 629 728 unumque
666 675 852 729 lapidem
888 675 1075 728 volvant,
1113 675 1199 717 imo
1234 690 1313 729 pro
1343 675 1595 716 necessitate
1623 674 1837 727 praesenti

269 749 311 787 et
339 749 519 800 urgente
546 746 591 788 in
619 747 793 788 alterius
820 747 956 789 vicem
986 747 1239 799 quandoque
1269 747 1458 788 subeant.

321 816 496 860 LXVII.
535 817 731 860 Ceterum
766 818 819 859 ad
843 818 1081 871 judicem
1106 820 1147 860 et
1175 833 1414 860 normam
1442 817 1578 859 omnis
1609 819 1740 869 actus,
1767 818 1838 870 ju-

268 889 451 943 diciique
493 889 632 942 hujus,
676 889 790 942 quod
833 889 998 941 attinet,
1037 889 1065 931 J
1074 889 1212 931 udex
1241 889 1412 941 quidem
1438 888 1509 931 hic
1536 887 1730 930 Christus
1761 890 1837 939 est,

269 962 343 1003 sed
379 976 456 1015 per
494 975 636 1003 servos
670 975 768 1002 suos
797 960 1056 1002 unanimiter
1084 961 1129 1002 in
1157 960 1329 1014 Synodo
1360 962 1550 1010 coactos3
1581 975 1761 1014 quorum
1790 962 1838 1002 ut

271 1036 334 1075 est
376 1032 582 1086 dispicere
621 1032 672 1074 de
709 1032 895 1085 negotiis
933 1032 1259 1084 Ecclesiasticis,
1298 1034 1339 1074 et
1377 1031 1686 1085 disceptatione
1723 1030 1838 1073 facta

270 1104 502 1145 sententias
538 1118 587 1145 ex
619 1103 765 1145 ordine
797 1103 946 1155 dicere,
976 1103 1123 1145 Actor.
1155 1104 1218 1155 15,
1247 1104 1284 1145 6.
1314 1103 1349 1145 7.
1379 1103 1441 1145 ita
1472 1105 1513 1144 et
1542 1103 1710 1145 demum
1740 1117 1839 1144 0011-

271 1175 439 1217 cludere
477 1178 519 1217 et
552 1175 755 1228 judicare,
792 1175 940 1217 Actor.
979 1175 1042 1227 15,
1080 1176 1143 1217 22.
1182 1173 1367 1216 Visum
1404 1177 1487 1216 est
1525 1173 1838 1228 Apostolis,

272 1246 597 1288 Senioribus
637 1261 749 1288 011111
785 1248 906 1288 tota
943 1246 1206 1298 Ecclesia,
1243 1248 1284 1287 et
1312 1260 1418 1288 vers.
1449 1245 1511 1288 25.
1541 1245 1724 1287 Visum
1758 1247 1839 1287 est

270 1318 429 1359 nobis
459 1318 814 1359 concorditer
843 1317 1074 1369 coactis,
1107 1320 1148 1358 et
1177 1317 1241 1358 28.
1270 1316 1457 1359 Visum
1488 1319 1567 1359 est
1596 1316 1839 1370 Spiritui

272 1387 470 1431 Sancto
512 1403 569 1430 ac
606 1389 787 1440 nobis,
826 1389 997 1440 scilicet,
1036 1403 1122 1430 non
1160 1389 1433 1441 conjunctim,
1472 1389 1544 1430 sed
1583 1388 1838 1439 subalterne,

272 1460 348 1501 sub
387 1460 515 1501 ductu
543 1458 729 1513 Spiritus
758 1459 915 1502 Sancti.
946 1460 1004 1501 Et
1034 1474 1134 1501 sane
1164 1459 1288 1501 sicuti
1318 1459 1557 1513 singulis
1585 1459 1837 1518 membris

270 1531 554 1573 Ecclesiae
592 1546 640 1574 ac
667 1531 862 1573 fidelibus
889 1531 1097 1584 judicium
1127 1531 1332 1585 competit
1360 1531 1653 1585 privatum,
1682 1530 1837 1572 Matth.

271 1603 309 1654 7,
347 1602 408 1644 15.
450 1603 471 1644 1
512 1602 606 1645 Cor.
636 1604 674 1655 2,
706 1602 767 1644 15.
798 1603 820 1644 1
850 1602 949 1645 Joh.
980 1604 1018 1654 2,
1048 1603 1110 1644 20.
1136 1603 1199 1644 27.
1232 1605 1274 1644 et
1301 1603 1338 1655 4,
1368 1603 1406 1644 1.
1435 1603 1497 1644 ita
1525 1604 1567 1644 et
1595 1602 1839 1644 Pastori-

270 1674 366 1715 bus
394 1675 437 1716 in
468 1673 687 1727 Synodum
717 1675 886 1726 coactis,
912 1673 1202 1727 publicum.
1229 1673 1351 1722 Quod
1377 1673 1547 1726 quidem
1571 1672 1665 1724 Dei,
1681 1672 1839 1714 Christi

271 1748 313 1787 et
350 1745 536 1799 Spiritus
575 1745 722 1788 Sancti
760 1748 843 1796 est3
882 1745 919 1787 si
957 1747 999 1787 et
1038 1747 1245 1798 quatenus
1284 1745 1338 1786 ad
1375 1759 1570 1787 normam
1597 1742 1730 1786 Verbi
1758 1742 1838 1785 Dei

269 1816 516 1858 institutum
569 1819 632 1859 est
684 1820 725 1859 et
771 1817 841 1867 fit3
885 1816 1068 1870 qualiter
1109 1816 1356 1858 institutum
1400 1818 1442 1858 et
1482 1816 1657 1867 factum,
1698 1816 1839 1856 ratum

272 1902 442 1940 quoque
472 1890 535 1930 est
563 1887 677 1942 apud
704 1886 950 1929 Dominum.

325 1958 517 2001 LXVIII.
554 1957 753 2000 Norma
789 1973 889 2000 vero
929 1960 970 1999 et
1006 1957 1198 2011 regula
1235 1957 1398 2009 hujus
1427 1959 1580 1997 actus
1605 1956 1839 2009 judiciique

272 2029 509 2083 Synodalis,
538 2030 698 2082 totalis,
726 2030 851 2071 unica
881 2032 922 2070 et
950 2028 1257 2082 irrefragabilis
1287 2042 1376 2069 esse
1406 2028 1530 2070 debet
1557 2029 1734 2070 verbum
1758 2028 1839 2070 Dei

272 2101 489 2155 Scriptura
528 2100 893 2154 comprehensum,
931 2099 1055 2141 Mat-t.
1093 2100 1128 2152 2,
1161 2100 1197 2141 5.
1232 2100 1373 2141 Actor.
1412 2100 1474 2151 15,
1503 2100 1565 2141 14.
1597 2114 1704 2152 (11130
1733 2114 1839 2152 quo-

273 2187 353 2224 que
392 2187 467 2214 sua
506 2171 718 2214 evidentia
754 2171 894 2213 Judex
933 2171 1015 2212 dici
1044 2172 1198 2224 potest,
1231 2169 1330 2212 Joh.
1361 2171 1398 2223 5,
1427 2170 1491 2212 45.
1522 2170 1667 2223 Atque
1697 2170 1839 2225 legiti-

272 2257 365 2284 mae
408 2245 450 2284 et
491 2244 663 2284 sanctae
702 2241 887 2296 Synodo,
927 2244 975 2283 ut
1014 2241 1095 2283 Dei
1134 2242 1202 2294 sit,
1239 2241 1421 2283 formam
1454 2241 1538 2284 dat.
1568 2240 1668 2283 Non
1697 2244 1838 2285 autem

273 2313 433 2367 scripta
475 2314 673 2366 dictaque
715 2316 835 2356 extra
876 2313 987 2355 hanc
1029 2313 1354 2366 qualiacunque,
1398 2313 1484 2355 sive
1524 2313 1705 2367 privata,
1749 2314 1837 2356 sive

272 2384 455 2437 publica,
493 2399 642 2426 norma
672 2387 745 2426 aut
773 2384 911 2426 forma
940 2384 1133 2426 veritatis
1163 2386 1274 2437 sunt,
1305 2384 1376 2426 sed
1404 2386 1574 2426 tantum
1602 2383 1839 2427 formula

273 2470 465 2498 sensus
495 2458 546 2498 et
575 2470 877 2498 consensus
907 2455 1207 2498 Ecclesiae.

327 2525 476 2568 LXIX.
519 2526 708 2568 Modus
747 2527 949 2579 judicii
989 2527 1116 2580 hujus
1159 2526 1256 2568 talis
1295 2541 1385 2569 esse
1423 2527 1559 2579 debet,
1597 2529 1646 2568 ut
1681 2526 1839 2579 ubique

273 2598 377 2640 fides
415 2601 456 2641 et
493 2599 687 2641 veritatis
725 2598 910 2640 studium
940 2599 1197 2652 praeluceat,
1228 2599 1382 2641 caritas
1414 2597 1605 2640 obtineat
1635 2600 1676 2639 et
1703 2597 1839 2639 domi-

273 2672 410 2711 netur.
441 2668 593 2711 Finis
621 2684 734 2722 vero,
765 2669 810 2711 in
839 2670 1054 2712 amotione
1083 2669 1282 2722 scandali,
1313 2672 1355 2712 et
1379 2669 1669 2712 aedificatione
1692 2668 1838 2711 Eccle-

276 2741 374 2793 siae,
405 2741 458 2782 ad
485 2740 566 2783 Dei
595 2741 789 2794 gloriam.

328 2811 456 2854 LXX.
494 2811 618 2854 Unde
658 2827 791 2865 quae
821 2814 872 2853 et
902 2814 1106 2866 quanta
1134 2812 1206 2854 sit
1234 2811 1572 2866 Synodorum
1600 2810 1836 2854 auctori-

276 2884 380 2935 tas,
419 2886 611 2937 apparet,
639 2899 792 2937 nempe
822 2898 930 2936 quae
958 2884 1195 2936 ministerii,
1225 2884 1312 2926 imo
1340 2883 1554 2926 Ecclesiae
1584 2885 1659 2934 est,
1687 2883 1731 2924 id
1761 2885 1837 2935 est,

278 2955 392 2995 certo
430 2956 639 3008 respectu,
678 2969 752 2997 suo
790 2955 916 2997 modo
946 2969 994 2997 ac
1022 2955 1194 2997 modulo
1225 2955 1381 2997 divina.
1414 2953 1570 2997 Verum
1596 2968 1683 2995 non
1710 2953 1837 2996 indif-
