1931 3224
518 271 994 319 DISPUTATIO
1038 270 1217 318 XXIV.

844 379 890 402 DE

251 472 566 542 Divina
627 471 1481 540 Praedestinatione.

435 599 636 642 Praeside
665 600 717 642 D.
746 599 1010 643 ANTONIO
1043 599 1307 642 WALAEO.

481 690 757 741 Respondente
785 690 977 729 ISAAOO
1006 690 1259 730 BISOOPIO.

740 796 931 839 THESIs
970 796 1002 838 I.

243 902 386 930 UAMVIS
417 887 609 929 doctrina
638 887 688 928 de
713 880 885 928 aeterna
907 886 989 928 Dei
1012 887 1416 940 praedestinatione,
1441 886 1497 927 sit
1520 886 1651 928 ardua

246 974 294 1001 ac
330 958 594 1000 difficultatis
632 958 758 1011 plena
771 974 780 1008 ς
818 972 904 999 11011
933 958 1028 999 ideo
1056 960 1200 1000 tamen
1229 958 1279 999 de
1310 973 1358 1000 ea
1386 957 1430 999 in
1458 957 1649 999 Ecclesia

89 1029 248 1072 Christi
300 1031 520 1081 silendum,
536 1062 544 1069 .
572 1033 620 1071 ut
673 1030 845 1083 quidam
895 1032 1170 1083 praepostere
1214 1030 1327 1072 cauti
1370 1029 1630 1071 arbitrantur
1643 1046 1652 1080 3

90 1102 190 1154 quia
225 1101 391 1156 Spiritu
424 1101 580 1144 Sancto
609 1101 906 1155 prudentiores
937 1116 1026 1143 esse
1063 1116 1140 1143 nec
1177 1115 1416 1154 possumus,
1444 1116 1521 1143 nec
1548 1101 1654 1142 velle

90 1173 288 1215 debemus
300 1188 309 1224 3
339 1172 411 1225 qui
442 1173 619 1215 eandem
650 1172 900 1224 doctrinam,
931 1174 1021 1213 tam
1050 1172 1094 1213 in
1122 1171 1376 1225 prophetiis,
1402 1187 1530 1225 quam
1555 1186 1654 1213 con-

90 1244 293 1296 cionibus,
325 1246 366 1286 et
395 1244 584 1297 epistolis
615 1244 667 1286 ad
696 1246 810 1286 totas
838 1244 1048 1286 Ecclesias
1077 1243 1259 1299 scriptis,
1284 1243 1530 1296 frequenter
1554 1257 1653 1296 pro-

90 1316 214 1370 ponit
226 1333 235 1368 3
265 1318 306 1358 et
336 1316 436 1368 quia
465 1316 689 1358 materiam
719 1316 1041 1369 comprehendit
1070 1316 1241 1369 plenam
1272 1309 1587 1367 consolationis,
1614 1318 1655 1357 et

89 1388 271 1430 aliorum
291 1387 508 1429 fructuum
532 1388 584 1429 ad
609 1387 823 1430 Ecclesiae
849 1387 1187 1430 aedificationem
1204 1387 1490 1440 servientium,
1508 1402 1654 1440 quem-

90 1459 317 1501 admodum
346 1460 497 1513 postea
525 1474 551 1500 a
577 1459 701 1500 nobis
734 1458 993 1501 ostendetur.

144 1530 199 1572 II.
244 1530 529 1584 Agnoscimus
566 1533 723 1583 tamen,
761 1546 855 1572 cum
893 1530 1007 1572 omni
1035 1530 1327 1572 moderatione
1356 1544 1404 1572 ac
1432 1529 1658 1583 prudentia

90 1601 302 1655 spirituali
340 1602 390 1643 de
425 1617 472 1643 ea
502 1602 726 1655 agendum,
756 1604 797 1643 et
825 1601 907 1643 hoc
936 1604 1032 1643 ante
1064 1601 1206 1643 onmia
1237 1600 1380 1643 sedulo
1411 1600 1654 1652 curandum,

89 1688 142 1715 ne
179 1673 292 1714 ultra
329 1672 372 1714 id
409 1673 523 1726 quod
561 1673 768 1726 scriptum
808 1676 882 1725 est,
921 1673 992 1715 hic
1025 1674 1252 1726 sapiamus,
1282 1673 1353 1714 sed
1382 1672 1513 1714 solius
1538 1671 1656 1713 verbi

91 1744 223 1786 divini
262 1744 437 1786 ductum
474 1759 714 1797 sequamur,
752 1744 795 1785 in
835 1745 954 1797 cujus
983 1744 1236 1797 obsequium
1264 1744 1354 1785 veri
1383 1742 1541 1784 Christi
1571 1743 1656 1784 dis-

91 1815 222 1869 cipuli
267 1830 309 1858 se
352 1815 536 1857 libenter
576 1815 806 1868 captivant,
845 1818 887 1857 et
924 1815 996 1857 lic
1008 1817 1058 1857 et
1086 1830 1107 1856 r
1118 1830 1141 1857 a
1152 1815 1230 1856 tio
1242 1830 1270 1856 n
1282 1829 1302 1856 e
1313 1829 1356 1855 m
1384 1814 1435 1856 fa
1447 1817 1532 1856 cto
1544 1830 1603 1856 ru
1614 1830 1657 1855 m

90 1886 189 1929 Dei
242 1889 291 1928 et
342 1886 788 1940 profunditatem
827 1886 1162 1940 judiciorum
1206 1887 1321 1939 eJ'us
1363 1888 1657 1940 penetrare

90 1973 193 2001 non
233 1958 474 2012 possint,
518 1958 975 2001 manifestissime
1018 1961 1194 2001 tamen
1239 1957 1440 2009 sciunt,
1485 1960 1537 1999 et
1579 1972 1657 1999 ve-

91 2045 201 2072 rum
239 2045 355 2072 esse
394 2030 534 2083 quod
575 2030 733 2083 dicit,
774 2033 824 2072 et
859 2031 1067 2084 justum
1105 2045 1220 2073 esse
1251 2031 1393 2083 quod
1421 2029 1578 2082 facit,
1610 2031 1658 2071 ut

92 2100 278 2154 Prosper
307 2101 359 2143 ad
388 2103 588 2154 excerpta
617 2100 823 2143 Genuens.
852 2117 962 2155 resp.
993 2102 1030 2143 8.
1059 2089 1173 2144 recte
1201 2102 1403 2155 loquitur.

146 2171 222 2213 III.
247 2172 576 2215 Praedesffinare
596 2187 697 2226 ergo
726 2172 791 2226 (ut
817 2188 841 2214 a
865 2187 967 2215 voce
994 2172 1228 2226 ordiamur)
1255 2188 1405 2227 graece
1440 2172 1593 2227 προορίζ
1596 2189 1659 2221 ειν,

101 2244 145 2286 id
187 2246 262 2296 est,
302 2243 541 2298 praefinire,
583 2243 666 2285 duo
710 2244 877 2286 omnino
920 2244 1163 2298 significatu
1199 2259 1274 2287 suo
1317 2244 1638 2299 comprehendit
1650 2259 1659 2294 3

94 2315 233 2368 primo
281 2314 385 2357 certi
428 2314 587 2367 aliquid
628 2314 678 2357 de
720 2330 765 2357 re
804 2315 945 2368 aliqua
984 2316 1148 2369 agenda
1186 2316 1300 2370 apud
1328 2319 1513 2358 mentem
1541 2330 1661 2356 suam

96 2386 352 2428 constituere
364 2402 373 2437 3
413 2385 562 2427 deinde
601 2386 776 2428 eandem
813 2402 904 2429 rem
940 2387 993 2429 ad
1031 2389 1193 2429 certum
1231 2390 1430 2429 eventum
1457 2402 1505 2429 ac
1533 2387 1661 2428 finem

96 2457 320 2499 destinare.
358 2456 482 2499 Unde
511 2459 553 2499 et
581 2457 848 2511 Augustinus
876 2457 966 2500 Lib.
996 2460 1032 2500 2.
1063 2459 1113 2500 de
1142 2459 1255 2500 bono
1286 2473 1448 2512 persev.
1479 2473 1570 2511 cap.
1597 2458 1659 2499 17.

50 2550 53 2552 -
95 2527 154 2569 In
191 2543 282 2570 sua
322 2542 456 2580 quae
495 2528 623 2569 falli
660 2529 971 2582 mutarique
1007 2544 1110 2571 non
1138 2532 1325 2584 potest
1353 2528 1661 2582 praescien-

95 2598 195 2651 tia,
234 2614 400 2653 opera
437 2614 529 2641 sua
565 2599 754 2641 futura
791 2601 1108 2654 disponere,
1146 2602 1199 2643 id
1238 2601 1452 2643 omnino
1491 2615 1663 2653 neque

99 2670 250 2712 aliud
292 2670 581 2723 quicquam
624 2673 706 2712 est
747 2672 1069 2724 praedestin
1082 2687 1181 2714 are,
1224 2671 1282 2713 Et
1319 2671 1570 2724 Fulgentius
1610 2671 1664 2728 apd

98 2739 335 2783 Monimum
378 2741 424 2783 L.
466 2742 501 2783 1.
543 2733 995 2784 Praedestinatio
1032 2742 1174 2784 nihil
1203 2745 1285 2784 est
1314 2742 1483 2795 aliud,
1511 2758 1664 2796 quam

100 2826 267 2866 praep
284 2813 470 2855 aratio
515 2827 736 2866 operum
779 2812 900 2865 Dei,
944 2814 1035 2866 qui
1077 2814 1130 2855 in
1168 2815 1393 2855 aeterna
1431 2828 1524 2856 sua
1563 2814 1664 2856 dis-

101 2884 403 2945 positione,
444 2886 534 2927 aut
569 2884 1016 2927 misericorditer
1055 2899 1108 2927 se
1146 2883 1420 2927 facturum
1456 2886 1664 2939 praevi-

105 2953 206 3008 dit,
235 2957 326 2998 aut
349 2956 508 3009 juste.
590 2970 594 2974 ⁴
809 2962 819 2969 ⁹
