1931 3224
703 130 767 173 Da
795 130 1003 173 Eccmzsm.
1555 131 1631 172 441

75 259 334 312 comparent,
374 257 447 310 qui
483 256 667 310 nuptiali
703 257 819 298 veste
856 254 995 297 induti
1030 269 1116 296 non
1154 256 1265 295 sunt.
1294 254 1439 306 Atque
1467 253 1561 296 ideo
1592 257 1633 296 et

74 329 312 383 Apostolus
354 328 511 370 Paulus
555 343 647 370 eam
690 327 852 370 confert
890 342 985 368 cum
1016 340 1210 380 magna
1248 327 1422 378 domo,
1452 327 1504 368 in
1535 341 1634 379 qua

75 415 179 442 non
219 402 436 441 tantum
472 402 597 441 sunt
635 414 762 441 vasa
792 413 954 440 aurea
984 400 1034 440 et
1064 401 1331 451 argentea
1360 399 1421 440 ad
1451 399 1633 449 (100115,

76 472 164 514 sed
198 474 248 514 et
276 471 490 513 fictilia
520 474 571 512 et
601 471 789 524 lignea
817 470 879 512 ad
908 469 1161 521 dedecus,
1193 471 1217 510 2
1246 469 1353 511 Tim.
1384 471 1421 521 2,
1451 470 1514 511 20.

128 542 326 584 XXXVI.
356 543 453 584 Etsi
480 557 580 584 vero
606 542 711 584 haec
734 542 925 584 Ecclesia
950 542 1002 584 ab
1028 541 1268 596 hypocritis
1293 543 1335 582 et
1359 541 1502 594 impiis
1528 557 1635 582 mm-

77 629 204 667 quam
247 614 371 667 plene
412 615 468 655 sit
509 614 655 666 libera,
695 616 837 656 tamen
875 617 916 656 et
952 613 1215 668 hypocritas,
1245 615 1452 665 quantum
1479 615 1635 665 potest,

77 686 285 739 detegere,
325 687 367 726 et
403 685 555 739 impios
593 700 668 739 per
707 685 842 727 claves
879 700 903 726 a
941 685 1110 727 Christo
1150 699 1368 727 concessas
1408 686 1576 726 tenetur
1614 699 1635 725 e

76 772 151 799 suo
179 759 302 799 coetu
328 750 558 808 excludere,
584 757 813 798 secundum
836 757 1147 812 praescriptum
1166 756 1334 808 Christi,
1352 756 1475 798 Matt.
1493 757 1555 807 18,
1574 757 1635 797 17.

77 830 119 870 et
146 827 283 881 Apoc.
313 828 349 879 2,
379 828 416 868 2.
447 830 488 868 et
518 828 579 868 14.
610 828 726 881 ipsos
755 843 854 870 vero
884 828 1027 870 fideles
1056 829 1101 870 in
1130 829 1241 870 vitae
1272 830 1345 869 aut
1373 827 1468 869 fidei
1500 827 1637 869 defec-

76 884 169 940 tum
191 898 427 952 prolapsos,
452 913 528 952 per
554 898 729 940 eandem
753 899 1021 952 disciplinam
1047 899 1099 941 ad
1124 898 1459 952 resipiscentiam
1485 897 1636 940 seriam

76 972 275 1024 potenter
303 985 513 1022 revocare,
542 972 591 1011 ut
619 970 777 1012 Paulus
806 972 964 1021 monet,
997 971 1017 1011 1
1051 969 1143 1011 Cor.
1174 970 1212 1021 5,
1241 971 1278 1011 5.

128 1041 349 1084 XXXVII.
377 1041 495 1083 Haec
524 1041 714 1083 Ecclesia
738 1041 917 1082 visibilis
942 1044 1137 1094 respectu
1161 1042 1379 1084 doctrinae
1405 1044 1446 1083 et
1471 1055 1639 1083 morum

75 1115 142 1156 vel
170 1129 276 1168 pura
306 1116 370 1155 est
396 1113 465 1154 vel
492 1113 682 1166 impura:
713 1112 881 1165 impura
911 1126 1078 1153 rursum
1106 1112 1173 1154 vel
1203 1113 1453 1166 simpliciter
1482 1126 1638 1163 errans,

75 1186 142 1228 vel
169 1185 396 1236 haeretica,
425 1185 493 1226 vel
522 1184 771 1226 scismatica.

127 1255 369 1299 XXXVIII.
421 1256 653 1298 Ecclesiam
706 1255 956 1309 simpliciter
1010 1259 1221 1298 errantem
1273 1271 1485 1308 vocamus,
1533 1270 1639 1308 quae

77 1343 239 1371 errores
279 1327 449 1381 quidem
486 1327 650 1379 aliquos
688 1329 832 1368 tuetur
870 1342 919 1368 ac
952 1327 1084 1378 fovet,
1114 1328 1186 1368 sed
1216 1327 1288 1379 qui
1318 1326 1641 1368 fundamentum

76 1401 186 1452 fidei,
238 1414 388 1454 nempe
439 1398 654 1440 Christum
706 1401 748 1439 et
792 1397 979 1440 officium
1022 1400 1122 1451 ejus,
1167 1399 1188 1439 1
1233 1397 1325 1439 Cor.
1369 1399 1406 1449 3,
1452 1398 1512 1438 11.
1555 1411 1641 1438 11011

78 1474 284 1524 evertunt,
336 1471 398 1513 ita
438 1474 582 1513 tamen
623 1473 670 1511 ut
713 1472 862 1525 parata
905 1471 960 1511 sit
1003 1469 1194 1522 quotidie
1232 1468 1450 1522 proficere,
1494 1470 1535 1510 et
1577 1483 1641 1510 er-

76 1557 207 1595 roreS,
246 1557 427 1595 quorum
467 1542 661 1583 convicta
698 1541 838 1592 fuerit,
875 1541 927 1582 ad
955 1541 1036 1583 Dei
1064 1540 1376 1594 praescriptum
1408 1541 1640 1594 cor1·igere;

79 1614 216 1667 qualis
253 1613 335 1654 fuit
370 1613 562 1655 Ecclesia
601 1612 805 1664 Galatica,
844 1612 1126 1664 Corinthiaca,
1169 1611 1441 1663 Colossensis,
1482 1613 1558 1652 etc.
1597 1611 1641 1652 in

80 1684 233 1737 quibus
284 1684 520 1737 Apostolus
577 1698 727 1737 graves
780 1683 950 1737 quidem
1003 1698 1165 1725 errores
1216 1683 1499 1738 reprehendit,
1544 1683 1643 1735 quia

78 1759 222 1798 tamen
245 1756 311 1797 vel
335 1755 658 1797 fundamentum
679 1771 765 1798 non
791 1756 1112 1807 concernebant,
1138 1756 1204 1797 vel
1227 1756 1311 1809 ipsi
1336 1756 1576 1808 pertinaces
1599 1755 1643 1795 in

80 1828 292 1870 erroribus
307 1843 394 1869 non
407 1827 590 1879 fuerunt,
606 1827 762 1870 idcirco
780 1827 1013 1880 Apostolus
1030 1842 1099 1869 eas
1116 1827 1286 1880 quidem
1302 1827 1489 1880 graviter
1504 1841 1644 1879 repre-

79 1899 240 1951 hendit,
265 1914 342 1941 nec
357 1901 508 1949 ⁵tamen
524 1899 576 1941 ab
594 1914 736 1941 earum
755 1899 1050 1941 communione
1066 1902 1139 1941 aut
1155 1914 1198 1941 se
1215 1902 1287 1941 aut
1301 1899 1445 1940 fideles
1461 1900 1643 1951 separat.

133 1969 331 2012 XXXIX.
383 1969 617 2012 Ecclesiam
658 1970 918 2012 haereticam
959 1985 1171 2022 vocamus,
1216 1984 1324 2023 quae
1367 1969 1410 2010 in
1454 1968 1644 2010 articulis

82 2042 224 2097 gravis
252 2042 458 2084 momenti
487 2045 528 2083 et
556 2042 942 2084 fundamentalibus
971 2042 1033 2083 ita
1062 2043 1186 2093 errat,
1216 2043 1263 2082 ut
1290 2056 1457 2083 omnem
1483 2054 1645 2082 correc-

81 2114 243 2156 tionem
278 2115 464 2166 respuat,
494 2115 536 2154 et
564 2112 607 2154 in
639 2127 779 2155 errore
807 2112 1085 2167 pertinaciter
1114 2114 1365 2166 perseveret.
1395 2111 1589 2153 Pertin
1602 2126 1645 2152 a-

84 2184 167 2226 cia
197 2185 335 2226 enim
364 2186 446 2226 est
475 2184 534 2226 de
563 2184 786 2241 formali
815 2184 1035 2226 ratione
1065 2184 1382 2225 haereseos:
1412 2185 1504 2224 tum
1534 2183 1646 2225 enim

84 2256 179 2308 quis
218 2256 387 2297 demum
424 2270 503 2308 pro
542 2255 729 2297 Ethnico
769 2258 811 2297 et
849 2255 1083 2297 Publicano
1124 2257 1186 2296 est
1214 2254 1446 2306 habendus,
1478 2254 1645 2306 quando

83 2326 317 2368 Ecclesiam
354 2328 467 2367 recte
495 2329 739 2368 monentem
767 2327 913 2368 audire
941 2341 1027 2368 non
1054 2326 1160 2378 vult,
1190 2328 1239 2367 ut
1269 2325 1460 2368 Christus
1488 2328 1645 2376 monet,

84 2397 208 2440 Matt.
238 2397 300 2449 18,
333 2398 393 2439 17.
426 2400 468 2439 et
495 2397 653 2439 Paulus
684 2397 774 2440 Gal.
804 2399 842 2450 5,
873 2397 934 2440 12.

138 2468 224 2510 XL.
261 2468 462 2511 Haeresis
502 2471 565 2511 est
603 2469 784 2511 duorum
823 2484 1038 2523 generum,
1077 2469 1144 2511 vel
1173 2483 1281 2522 quae
1311 2469 1467 2510 directe
1495 2467 1647 2510 funda-

85 2542 289 2592 mentum,
318 2540 361 2582 id
389 2542 465 2592 est,
496 2539 711 2581 Christum
741 2541 808 2582 vel
833 2541 921 2593 ejus
947 2539 1134 2582 officium
1160 2540 1332 2590 evertit3
1356 2539 1422 2581 vel
1445 2538 1650 2580 indirecte

87 2615 130 2654 et
157 2627 234 2666 per
263 2611 622 2664 consequentiam,
652 2614 700 2653 ut
728 2614 903 2662 vocant;
934 2626 1116 2664 quorum
1144 2611 1273 2665 primi
1303 2611 1355 2652 ab
1384 2610 1479 2662 ipsa
1507 2609 1650 2663 Scrip-

86 2688 182 2726 tura
219 2683 477 2726 Antichristi
516 2686 557 2725 et
594 2684 832 2738 Apostatae
859 2683 1142 2737 appellantur,
1172 2683 1432 2736 posteriores
1462 2681 1651 2735 generali

88 2771 190 2799 voce
217 2755 624 2810 Pseudoprophetae
655 2758 728 2797 aut
755 2755 852 2797 falsi
882 2755 1090 2797 doctores.

141 2826 249 2869 XLI.
288 2827 539 2870 Scismatica
575 2827 765 2869 Ecclesia
794 2827 966 2881 proprie
995 2826 1162 2878 dicitur,
1192 2841 1300 2879 quae
1328 2826 1373 2867 in
1401 2825 1649 2868 fundamen-

88 2898 144 2940 tis
171 2898 269 2940 fidei
298 2913 393 2941 cum
421 2897 661 2940 orthodoxa
689 2897 878 2940 Ecclesia
908 2897 1187 2949 consentiens,
1212 2899 1355 2939 tamen
1379 2897 1448 2939 vel
1472 2900 1650 2952 propter

91 2972 286 3012 externos
329 2969 494 3022 aliquos
534 2969 642 3011 ritus
682 2969 937 3022 οὶδικφόρους,
980 2969 1048 3010 vel
1086 2970 1264 3022 propter
1302 2968 1447 3022 lapsus
1485 2969 1649 3022 aliquos
