1931 3224
377 132 441 174 DE
472 131 625 175 M1ssAE
650 132 870 176 SAcmmcm
899 145 1070 179 1110801111
1100 144 1296 172 1113081308.
1539 130 1615 170 545

59 255 215 297 terium
269 255 320 297 de
364 256 534 299 Christo
578 257 786 300 Pontifice
829 256 1057 299 secundum
1094 255 1286 297 ordinem
1321 251 1619 295 Melchisedeci

61 326 263 368 divinitus
302 327 518 379 ordinato3
559 329 672 382 quod
711 331 938 382 antequam
977 327 1213 382 Apostolus
1249 324 1442 380 pluribus
1479 338 1624 377 perse-

61 399 228 450 quatur,
259 413 307 440 ea
334 413 421 440 non
448 398 509 440 ait
539 414 628 441 0880
658 399 1056 454 ininterpretabilia,
1085 400 1134 440 ut
1161 398 1272 439 male
1300 395 1429 438 vertit
1457 394 1621 437 Bellar-

60 469 213 520 minus,
243 469 315 510 sed
344 469 532 511 difficilia
561 471 788 525 explicatu,
817 486 903 514 non
933 470 1101 524 quidem
1126 484 1202 523 pei·
1226 484 1282 521 se,
1307 468 1381 510 sed
1403 466 1623 509 Hebraeo—

59 555 154 582 rum
189 542 478 595 negligentiae
514 545 722 596 respectu,
751 545 799 584 ut
826 542 907 584 hac
935 541 1277 595 praemunitione
1309 554 1380 582 eos
1410 540 1463 581 ad
1492 539 1626 592 majo-

59 626 150 654 rem
179 611 446 665 diligentiam
476 615 605 666 atque
636 614 919 656 attentionem
948 614 1116 655 excitet.
1147 611 1333 654 Tantum
1363 625 1464 664 ergo
1491 610 1623 661 abest,

59 685 107 724 ut
150 682 307 725 idcirco
352 683 507 725 altiora
548 684 621 726 illa
658 684 892 738 Apostolus
932 683 1108 725 reticere
1145 682 1342 734 voluerit,
1372 684 1420 722 ut
1449 695 1497 723 ea
1525 695 1624 735 pro-

59 754 185 796 lixius
230 757 272 796 et
314 755 551 797 accuratius
594 756 877 809 pertexuerit:
921 755 965 796 in
1008 769 1190 808 quorum
1228 768 1352 796 sensu
1389 753 1546 807 dogma
1576 752 1627 793 de

61 840 180 867 sacra
209 825 348 867 Coena
376 825 582 868 collocare
610 827 762 878 noluit,
792 829 1021 880 propterea
1051 826 1165 878 quod
1191 839 1278 867 11011
1307 826 1362 866 sit
1384 823 1626 866 rudioribus

61 895 275 950 explicatu
313 897 539 950 difficilius,
570 913 699 951 quam
729 898 884 951 dogma
915 898 965 939 de
994 897 1224 951 baptismo,
1255 896 1369 949 quod
1396 894 1494 937 fidei
1523 895 1627 936 arti-

61 966 166 1008 culis
193 967 582 1011 fundamentalibus
614 972 877 1021 annumerat,
907 968 1039 1010 Hebr.
1068 969 1105 1020 6,
1132 969 1167 1009 2.
1194 967 1308 1009 Nam
1332 967 1440 1009 sicut
1464 966 1627 1021 baptis-

59 1053 166 1091 mus,
196 1040 257 1081 sic
285 1038 424 1082 Coena
447 1039 624 1082 Domini
649 1040 902 1082 sacrificium
926 1039 1061 1092 ipsius
1087 1041 1308 1080 cruentum
1323 1039 1626 1091 repraesentat,

61 1112 189 1163 atque
217 1110 438 1163 utriusque
468 1110 732 1154 Sacramenti
761 1110 966 1162 doctrina,
997 1124 1081 1151 non
1106 1109 1246 1150 minus
1271 1124 1295 1151 a
1321 1108 1560 1150 Pontificiis
1582 1109 1626 1150 in

60 1181 312 1225 Cathechesi
340 1182 392 1225 ad
420 1182 660 1225 rudimenta
683 1182 781 1224 fidei
806 1181 1085 1234 Christianae,
1113 1195 1239 1233 quan]
1266 1195 1290 1222 a
1314 1180 1472 1222 nostris
1487 1178 1627 1221 Theo-

57 1253 168 1307 logis
199 1253 392 1296 refertur.

112 1324 240 1368 XLV.
281 1325 433 1380 Neque
471 1326 576 1368 haec
614 1326 865 1369 Bellarmini
904 1326 1111 1379 exceptio,
1150 1325 1298 1378 ipsius,
1336 1327 1410 1366 aut
1448 1324 1628 1366 aliorum

60 1397 388 1440 Pontificiorum
440 1399 574 1440 errori
625 1398 940 1451 patrocinatur,
994 1396 1149 1438 Licet
1190 1395 1483 1449 Scriptura
1525 1410 1627 1437 11011

60 1472 250 1522 aperte
288 1470 554 1522 explicet,
592 1470 646 1510 in
677 1484 777 1522 quo
808 1469 1085 1511 consistat
1116 1467 1245 1510 ordo
1274 1467 1372 1509 ille
1402 1466 1626 1509 Melchi-

61 1541 245 1583 sedeci
283 1544 334 1583 et
370 1541 556 1594 figura
594 1540 898 1583 sacerdotii
938 1539 1170 1591 Christi,
1202 1554 1312 1581 eam
1341 1540 1520 1580 tamen
1548 1539 1627 1580 ita

59 1612 307 1654 insinuat
337 1614 388 1654 et
416 1611 648 1664 indicat,
678 1614 734 1653 ut
758 1611 951 1653 Patres
978 1624 1158 1652 omnes
1184 1624 1380 1651 summo
1407 1624 1627 1651 consen-

61 1698 118 1725 su
146 1683 198 1724 in
228 1683 449 1725 eandem
480 1683 891 1736 expositionem
920 1681 1239 1723 inciderint.
1268 1680 1377 1723 Nam
1410 1680 1539 1723 Thesi
1561 1681 1626 1723 40.

60 1754 289 1797 Lombardi
313 1755 561 1797 testimonio
588 1754 981 1805 demonstravimus,
1007 1752 1157 1795 Patres
1181 1752 1410 1794 nonnullos
1434 1752 1479 1793 in
1501 1752 1627 1794 aliam

62 1827 373 1880 expositionem
423 1826 620 1868 incidisse
675 1841 757 1879 qua
797 1824 955 1867 Missae
997 1824 1250 1866 sacrificium
1295 1824 1427 1866 everti
1469 1825 1625 1877 potest.

60 1897 161 1941 Non
190 1899 303 1941 enim
331 1912 441 1952 pane
467 1900 508 1939 et
531 1898 630 1939 vino
653 1896 1034 1939 Melchisedeciano
1061 1895 1219 1937 Christi
1240 1895 1426 1938 hostiam
1441 1895 1486 1936 in
1500 1895 1627 1937 Missa

62 1970 307 2022 exhibitam,
338 1972 386 2011 ut
412 1970 674 2011 contendunt
696 1967 924 2015 Pontificii,
949 1982 1027 2009 nec
1050 1962 1285 2009 accidentia
1309 1967 1398 2008 sine
1422 1967 1626 2020 subjecto,

60 2042 129 2083 vel
167 2041 312 2095 potius
351 2043 529 2095 spectra,
569 2040 784 2091 nimirum,
821 2038 982 2092 species
1013 2039 1135 2091 panis
1167 2040 1209 2079 et
1237 2037 1338 2089 vini,
1369 2038 1442 2079 sed
1470 2037 1628 2079 realem

62 2112 345 2154 substantiam
381 2112 504 2165 panis
535 2114 577 2153 et
604 2111 692 2152 vini
722 2126 773 2152 ex
801 2125 945 2152 mensa
975 2108 1133 2151 Christi
1163 2108 1345 2163 mystica
1374 2108 1628 2162 productam

62 2184 305 2226 adumbrari
347 2185 551 2235 asserunt,
595 2185 644 2224 ut
684 2181 825 2224 videre
868 2183 931 2223 est
973 2180 1084 2235 apud
1125 2180 1423 2222 Eusebium
1449 2178 1559 2222 Lib.
1589 2180 1626 2222 5.

62 2255 120 2298 de
164 2256 518 2298 demonstrat.
561 2253 820 2307 Evangel.
865 2267 973 2305 cap.
1017 2253 1054 2293 3.
1098 2251 1406 2294 Damascen.
1448 2249 1559 2294 Lib.
1587 2251 1626 2293 4.

62 2326 121 2368 de
162 2326 297 2378 fide,
340 2341 447 2379 cap.
491 2325 562 2366 14.
607 2327 649 2367 et
687 2324 874 2377 reliquos
913 2323 1063 2365 Patres
1104 2337 1210 2376 quos
1248 2337 1375 2376 supra
1404 2321 1533 2364 Thesi
1561 2321 1627 2364 48.

5 2455 10 2458 .
60 2397 386 2439 nominavimus.
968 2383 970 2385 ¹

115 2468 266 2511 XLVI.
319 2468 551 2521 Perperam
594 2481 764 2520 quoque
805 2466 1089 2508 Bellarminus
1132 2480 1182 2507 ex
1224 2466 1484 2508 mactatione
1526 2466 1627 2519 agni

61 2540 281 2583 Paschalis
318 2539 653 2582 immolationem
687 2538 844 2581 Christi
871 2538 915 2579 in
944 2537 1219 2580 Sacramento
1250 2537 1546 2579 Eucharistiae
1575 2551 1628 2578 ex

63 2614 84 2654 1
124 2611 217 2654 Cor.
255 2613 292 2663 5,
332 2613 368 2654 7.
408 2610 573 2663 astruit,
612 2625 690 2652 nec
726 2624 812 2652 11011
840 2609 1121 2652 οΧναὴ1011110
1151 2608 1389 2651 Malachiae
1419 2608 1455 2660 1,
1485 2608 1547 2650 11.
1576 2608 1627 2651 de

63 2685 218 2736 W'UD,
247 2681 480 2733 Mincha,
511 2696 583 2723 seu
610 2696 718 2735 pura
747 2680 978 2732 oblatione,
1007 2680 1165 2733 ubique
1192 2682 1404 2722 terrarum
1432 2679 1525 2723 Deo
1550 2679 1627 2722 sub

62 2769 173 2797 novo
225 2754 395 2797 foedere
438 2753 663 2795 offerenda.
707 2751 800 2802 Qua
840 2751 997 2794 Missae
1040 2751 1302 2793 oblationem
1345 2752 1627 2805 expiatoriam

0 2848 10 2851 ν
62 2825 253 2868 Judaicis
295 2825 697 2879 correspondentem
734 2823 968 2865 Malachias
1000 2822 1174 2865 innuere
1211 2837 1298 2865 non
1337 2822 1493 2876 potuit,
1533 2835 1628 2864 cum

65 2912 116 2940 ex
153 2896 403 2940 Bellarmini
442 2898 761 2948 ceterorumque
790 2893 1125 2936 Romanensium
1153 2893 1386 2948 hypothesi
1413 2893 1544 2936 Missa
1572 2894 1629 2936 sit

65 2967 226 3010 oblatio
255 2967 497 3010 incruenta:
529 2980 675 3009 omnes
702 2980 802 3008 vero
828 2965 1065 3008 oblationes
1090 2965 1353 3019 expiatoriae
1377 2965 1454 3008 sub
1480 2965 1630 3008 Veteri

1451 3038 1485 3064 85
