1931 3224
642 165 706 208 DE
735 164 859 206 Boms
889 161 1098 204 OPERIBUS.
1573 154 1650 195 347

93 315 141 341 ac
183 298 295 339 bono
338 295 532 344 retinere,
576 291 845 340 fructumque
888 301 963 340 per
1000 283 1272 326 tolerantiam
1310 280 1460 321 afferre
1492 279 1652 319 asserit.

146 369 219 411 XI.
248 366 428 409 Materia
465 363 588 406 simul
627 365 668 404 et
705 373 854 402 norma
892 358 1102 399 bonorum
1142 366 1318 407 operum
1347 353 1422 402 est,
1453 349 1655 402 quicquid

94 442 210 484 Deus
252 440 397 480 noster
433 434 671 488 Legislator
707 430 830 473 nobis
870 429 914 470 in
951 426 1095 469 Verbo
1135 439 1210 466 suo
1239 421 1506 477 praescribit,
1538 421 1655 472 cujus

96 513 283 566 epitome
326 510 388 550 est
424 507 493 549 lex
529 504 717 554 moralis,
754 502 880 543 index
916 498 1029 550 boni,
1071 496 1185 550 quod
1219 495 1335 537 Deus
1369 493 1491 546 jubet
1529 494 1657 544 atque

96 583 179 638 ipsi
218 582 370 635 placet,
410 581 450 620 et
485 577 598 628 mali,
630 575 744 628 quod
772 575 890 615 vetat
919 571 1086 625 ipsique
1115 567 1322 621 displicet.
1355 565 1491 614 Quam
1521 565 1659 617 legem

96 657 212 699 Deus
241 667 316 707 per
344 650 585 704 Prophetas
614 649 658 690 in
686 646 855 697 Vetere,
886 658 961 697 per
989 642 1204 684 Christum
1227 639 1447 692 ipsiusque
1471 636 1660 689 Aposto-

98 728 161 769 los
185 726 230 767 in
252 724 378 767 Novo
405 722 677 763 Testamento
702 718 824 773 plene
848 715 1154 768 interpretatus
1180 714 1254 762 est,
1282 725 1330 752 ac
1343 709 1507 751 ratione
1525 707 1661 749 diver-

99 813 240 842 sarum
265 787 690 842 circumstantiarum,
716 792 808 830 tum
832 788 885 829 ad
909 785 1149 840 generalem
1170 782 1303 824 totius
1320 796 1419 823 suae
1434 780 1661 831 Ecclesiae,

99 873 193 912 tum
216 868 268 911 ad
291 865 591 921 particularem
616 860 881 915 quorundam
895 856 1212 899 institutionem
1226 853 1413 907 perfecte
1429 849 1662 904 adaptavit.

153 939 250 983 XII.
281 934 644 988 Quemadmodum
680 932 795 974 Deus
833 932 896 972 est
934 928 1082 970 unicus
1120 925 1371 979 Legislator,
1412 923 1484 976 qui
1521 925 1664 975 potest

103 1026 269 1056 servare
312 1025 360 1052 ac
400 1008 588 1062 perdere,
629 1004 656 1047 J
659 1019 718 1046 ac.
756 1003 794 1054 4,
834 1002 897 1043 12.
935 1001 996 1041 ita
1033 1001 1175 1041 totum
1208 999 1277 1050 jus
1307 995 1430 1038 nobis
1460 993 1664 1036 creaturis

104 1085 190 1127 suis
231 1095 425 1125 normam
462 1078 648 1133 pietatis,
686 1073 924 1117 honestatis
962 1086 1010 1113 ac
1047 1069 1240 1124 justitiae
1279 1066 1541 1121 proponendi
1584 1064 1665 1105 sibi

103 1156 310 1206 vendicat,
341 1167 436 1195 cum
465 1150 537 1202 ait,
567 1148 693 1191 Deut.
725 1147 786 1198 12,
811 1146 874 1186 32.
904 1143 983 1186 Un
996 1157 1072 1184 am
1085 1156 1239 1194 quam
1253 1154 1351 1192 que
1383 1153 1489 1180 rem
1513 1150 1668 1190 quam

107 1243 204 1282 ego
246 1215 532 1280 praecipio
574 1218 751 1269 vobis,
797 1231 906 1259 eam
945 1215 1306 1255 observantes
1344 1210 1536 1259 facite;
1575 1222 1670 1249 nec

107 1299 295 1342 addito
339 1296 405 1347 ei,
447 1307 541 1335 nec
584 1289 867 1333 detrahito
911 1287 971 1328 ab
1012 1301 1079 1327 ea.
1119 1285 1177 1326 Et
1213 1284 1286 1325 Ez.
1325 1282 1488 1333 2018,
1518 1281 1581 1322 19.
1611 1279 1671 1321 111

108 1369 340 1414 statutis
383 1366 602 1408 Patrum
646 1364 955 1404 vestrorum
995 1372 1056 1399 ne
1100 1355 1415 1406 ambuletis,
1462 1355 1512 1394 et
1549 1353 1671 1405 jura

107 1443 335 1486 illorum
362 1453 422 1480 ne
453 1434 775 1481 observetis.
800 1433 912 1486 Ego
939 1446 1049 1473 sum
1073 1429 1281 1471 Jehova
1306 1426 1447 1468 Deus
1471 1425 1672 1471 vester,

107 1516 161 1557 in
203 1510 435 1555 statutis
472 1507 603 1550 meis
642 1505 937 1555 ambulate,
977 1505 1027 1544 et
1060 1503 1184 1554 jura
1219 1512 1331 1540 mea
1370 1496 1671 1538 observate.

108 1587 175 1628 Ex
214 1584 366 1638 quibus
406 1582 586 1631 constat,
625 1594 712 1620 non
748 1576 831 1618 nisi
869 1574 1067 1616 mandata
1096 1572 1147 1613 ab
1176 1571 1270 1625 ipso
1299 1569 1392 1610 Deo
1424 1580 1555 1620 opera
1586 1579 1673 1606 esse

109 1657 312 1708 facienda,
343 1669 391 1696 ac
419 1667 497 1706 pro
524 1651 648 1693 bonis
676 1647 883 1690 habenda.

165 1727 280 1770 XIII.
310 1726 377 1768 Ex
403 1725 613 1766 bonorum
643 1721 776 1775 igitur
800 1732 979 1772 operum
1003 1728 1178 1757 numero
1204 1712 1355 1755 merito
1383 1709 1674 1758 excluduntur,

115 1815 222 1855 quae
265 1797 492 1840 secundum
528 1794 778 1836 traditiones
814 1789 1139 1832 Pontificiorum
1178 1801 1228 1828 ex
1264 1785 1377 1826 bona
1403 1783 1510 1823 fiunt
1538 1781 1676 1822 11113611-

114 1874 244 1924 tione,
274 1873 400 1922 atque
428 1864 744 1919 ἐθελοθρησκείᾳ
774 1878 846 1904 6611
875 1862 992 1904 cultu
1016 1857 1271 1908 voluntario,
1296 1854 1468 1897 tametsi
1493 1853 1674 1905 aliquam

117 1943 349 1998 sapientiae
379 1942 420 1983 et
445 1936 736 1980 submissionis
761 1934 891 1976 animi
915 1932 1124 1974 rationem
1146 1929 1345 1979 habeant,
1372 1925 1678 1980 splendidoque

117 2014 394 2069 Apostolicae
432 2013 560 2063 atque
588 2006 912 2050 Ecclesiasticae
940 2001 1225 2045 institutionis
1252 1999 1378 2041 titulo
1409 1997 1679 2047 adornentur,

119 2086 215 2128 Esa.
245 2085 308 2135 29,
339 2084 401 2124 13.
432 2081 555 2123 Matt.
586 2080 647 2131 15,
676 2080 712 2121 9.
744 2078 829 2120 Col.
860 2078 897 2129 2,
927 2076 991 2117 22.
1021 2076 1083 2116 23.
1114 2073 1241 2125 Cujus
1267 2070 1432 2125 generis
1459 2070 1556 2110 sunt
1580 2069 1681 2109 vota

121 2160 163 2200 et
182 2155 343 2209 jejunia
364 2153 612 2203 monastica,
639 2151 774 2193 cultus
801 2148 1066 2198 Sanctorum,
1082 2142 1449 2199 peregrinationes
1467 2140 1518 2182 ad
1537 2153 1682 2181 eorum

121 2228 409 2276 monumenta,
437 2227 478 2267 et
502 2222 667 2274 similia,
693 2236 800 2275 quae
822 2219 984 2262 nullam
1009 2232 1103 2259 cum
1121 2215 1319 2269 operibus
1335 2211 1509 2267 pietatis
1526 2225 1682 2263 cogna-

122 2301 284 2342 tionem
311 2298 483 2340 habent.

176 2370 293 2412 XIV.
331 2368 483 2410 Omnia
528 2353 656 2409 enim⁴
682 2379 810 2419 opera
851 2360 1025 2416 pietatis
1066 2360 1162 2413 lege
1202 2357 1283 2400 Dei
1327 2354 1592 2410 praescripta
1634 2353 1687 2394 ad

127 2441 418 2484 adorationem
462 2438 592 2480 solius
634 2436 727 2488 Dei,
767 2438 810 2477 at
848 2434 1103 2477 Sanctorum
1141 2431 1279 2473 cultus
1315 2431 1356 2470 et
1391 2426 1604 2469 invocatio
1636 2424 1688 2465 ad

127 2516 416 2556 creaturarum
441 2524 609 2563 quoque
632 2507 949 2550 venerationem
972 2504 1218 2557 religiosam
1233 2500 1485 2542 referuntur.
1501 2496 1687 2547 Adhaec‚

129 2585 271 2629 omnia
307 2583 479 2638 pietatis
518 2595 648 2635 opera
675 2580 771 2632 lege
800 2577 879 2619 Dei
908 2577 1130 2629 imperata,
1161 2575 1259 2615 sunt
1288 2570 1480 2612 absolute
1506 2568 1619 2609 bona
1649 2568 1690 2608 et

128 2656 377 2706 necessaria,
421 2654 473 2696 ab
518 2652 712 2695 omnibus
757 2653 798 2692 et
835 2648 1013 2702 singulis
1051 2644 1296 2687 hominibus
1333 2639 1607 2694 praestanda3
1647 2639 1691 2678 at

131 2728 438 2772 Monachorum
466 2727 567 2766 vota
591 2710 874 2775 sunt‘sipsis
904 2717 1232 2762 Pontificiis
1262 2707 1689 2761 confitentibus)

133 2799 370 2851 arbitraria,
396 2796 628 2852 paucisque
651 2796 832 2844 tantum,
859 2792 932 2845 qui
955 2792 1105 2846 sponte
1130 2803 1172 2830 se
1197 2787 1249 2828 ad
1273 2801 1322 2828 ea
1345 2784 1548 2836 obligant,
1568 2795 1692 2835 prae-

135 2872 316 2924 stabilia,
347 2868 512 2912 etiamsi
542 2867 594 2909 ab
623 2866 716 2908 istis
746 2879 840 2907 cum
869 2862 1042 2916 majoris
1070 2858 1211 2901 meriti
1238 2872 1286 2900 ac
1309 2854 1487 2910 praemii
1511 2852 1693 2907 promis-

136 2943 252 2985 sione
281 2941 517 2994 exigantur.

189 3013 282 3055 XV.
309 3013 465 3055 Forma
503 3011 714 3052 bonorum
753 3020 927 3060 operum
966 3006 1030 3046 est
1067 3001 1238 3054 ἐννομίοι,
1271 3015 1344 3042 seu
1370 3000 1530 3049 exacta,
1560 2995 1696 3038 omni-
