1931 3224
458 309 935 357 DISPUTATIO
983 306 1237 355 XXXVII.

830 436 876 458 DE

242 511 852 598 Eleemosynis
914 514 993 577 et
1051 507 1457 596 Jejuniis.

438 639 635 681 Praeside
664 639 717 680 D.
746 637 1010 680 ANTONIO
1040 635 1264 678 THYSIO.

329 730 603 780 Respondente
631 730 885 769 JOHANNE
915 743 939 769 a
966 725 1381 767 WESTERBURGH.

727 834 920 876 Tnns1s
959 833 991 875 I.

233 940 337 967 muri
372 925 483 967 inter
519 925 633 967 bona
673 939 804 978 opera
833 923 1028 965 Precatio
1059 923 1111 964 ad
1139 921 1277 963 Deum
1309 921 1440 962 effusa
1470 920 1637 970 eminet,

145 933 282 1041 Sut
318 1010 426 1050 quae
464 996 561 1037 fidei
599 995 767 1049 insigne
808 997 871 1037 est
907 1009 1072 1045 munus,
1105 992 1297 1046 quamvis
1329 995 1370 1034 et
1398 992 1504 1045 ipsa,
1537 1005 1639 1043 qua-

78 1071 202 1110 tenus
237 1082 315 1122 pro
355 1067 448 1109 aliis
485 1067 687 1119 funditur,
720 1066 942 1108 caritatem
974 1079 1075 1118 erga
1104 1064 1347 1118 proximum
1377 1076 1545 1115 quoque
1575 1076 1639 1102 re-

80 1140 250 1193 spiciat:
287 1140 349 1181 ita
387 1141 429 1181 et
466 1139 824 1191 Eleemosyna
851 1137 1116 1191 praeclarum
1145 1135 1334 1177 caritatis
1365 1149 1466 1188 erga
1494 1133 1639 1186 proxi-

81 1225 198 1252 mum
236 1213 298 1252 est
337 1210 563 1263 specimen,
595 1224 702 1262 quae
733 1224 828 1250 cum
856 1207 884 1250 J
897 1207 1070 1261 ejunii
1099 1207 1370 1249 exercitio
1401 1207 1639 1258 conjuncta,

79 1296 166 1323 non
209 1281 409 1335 exiguum
451 1280 617 1334 pondus
660 1280 843 1322 orationi
880 1279 1016 1331 affert,
1055 1279 1177 1320 Matt.
1216 1280 1252 1331 6,
1293 1279 1328 1319 1.
1368 1278 1404 1319 5.
1445 1278 1505 1318 16.
1545 1278 1640 1319 Act.

83 1354 144 1405 10,
174 1353 210 1394 2.
239 1354 276 1395 3.
307 1353 344 1394 4.
373 1352 437 1394 De
467 1352 620 1405 quibus
645 1351 689 1393 in
719 1350 968 1404 praesentia,
1000 1365 1093 1392 cum
1122 1349 1228 1402 Deo,
1258 1364 1444 1403 agemus.

134 1423 188 1466 Π.
219 1423 515 1475 Ἔλεκμοσύνης
538 1438 634 1475 VOX,
659 1438 683 1464 a
710 1422 1042 1464 commiserando
1071 1422 1304 1474 desumpta,
1333 1420 1642 1463 misericor-

84 1496 223 1538 diam
261 1495 424 1538 Latinis
462 1496 649 1546 denotat,
690 1495 887 1536 affectum
924 1493 1095 1544 scilicet,
1135 1508 1219 1545 quo
1258 1493 1441 1534 aliorum
1470 1492 1640 1533 miseria

81 1567 313 1609 afficimur:
339 1566 441 1619 quin
466 1568 508 1608 et
534 1566 730 1608 effectum
755 1564 971 1607 avertendi
995 1564 1153 1606 malum
1178 1579 1202 1606 a
1226 1565 1434 1617 proximo,
1462 1576 1642 1614 eumque

77 1637 253 1691 juvandi
296 1637 629 1691 comprehendit,
673 1652 721 1679 ac
763 1652 840 1692 pro
885 1636 1000 1678 omni
1037 1635 1310 1690 ἀγαθοποιΐᾳ,
1349 1634 1640 1685 beneficentia,

81 1711 327 1762 usurpatur,
366 1710 414 1749 ut
442 1708 498 1749 sit
525 1708 808 1750 misericordis
839 1708 1075 1749 affectionis
1103 1707 1358 1760 benignitas,
1388 1705 1479 1747 Jac.
1510 1706 1547 1756 3,
1578 1705 1639 1745 13.

83 1779 327 1833 specialiter
365 1782 507 1821 autem
544 1794 622 1832 pro
661 1779 772 1832 stipe
810 1794 859 1821 ac
897 1778 1100 1830 subsidio,
1140 1794 1224 1832 quo
1264 1793 1503 1832 pauperum
1531 1777 1640 1819 indi-

83 1851 253 1905 gentiae
282 1851 550 1893 succurritur.

134 1921 211 1963 III.
248 1921 326 1963 Est
364 1923 506 1964 autem
543 1920 836 1975 Eleemosyna,
879 1921 1138 1963 caritatis
1178 1936 1307 1974 erga
1335 1921 1643 1974 proximum

84 1997 257 2047 actus,
290 2009 391 2047 quo
420 1994 503 2036 vir
529 1992 672 2046 pius,
702 1992 1040 2044 misericors,
1071 1993 1121 2034 et
1151 1992 1363 2034 alienae
1388 1991 1642 2033 miseriae

86 2065 450 2118 compatiens,
488 2064 788 2106 benevolus
828 2066 877 2105 et
906 2063 1210 2115 beneficus,
1240 2078 1365 2105 vere
1394 2062 1643 2116 pauperi-

84 2137 180 2178 bus
210 2151 267 2178 ac
295 2136 439 2179 vitae
470 2135 634 2188 hujus
664 2134 929 2176 subsidiis
958 2134 1365 2188 indigentibus,
1396 2148 1456 2175 ex
1486 2133 1645 2175 bonis

86 2207 220 2259 suis,
258 2222 353 2261 pro
395 2206 767 2249 facultatibus
807 2221 865 2248 ac
892 2206 1117 2248 illorum
1145 2207 1437 2260 praesente
1466 2218 1643 2246 neces-

87 2278 276 2330 sitate,
316 2292 443 2320 vera
479 2277 615 2329 fide,
655 2279 704 2319 et
741 2278 958 2320 ardenti
995 2278 1049 2319 in
1077 2277 1264 2329 Deum,
1294 2279 1345 2318 et
1375 2290 1503 2329 erga
1531 2290 1645 2329 pro-

85 2349 282 2391 ximum
319 2364 519 2401 amore,
549 2349 822 2392 subvenit:
853 2350 946 2392 sub
976 2364 1068 2404 spe
1098 2349 1315 2391 divinae
1343 2362 1643 2389 remunera-

85 2421 263 2463 tionis
295 2421 699 2475 adipiscendae.

95 2493 96 2497 ’
140 2492 214 2535 IV.
253 2492 322 2534 Ad
359 2493 650 2535 caritatem
686 2493 833 2546 itaque
863 2508 991 2547 erga
1019 2493 1345 2547 proximum,
1376 2492 1553 2533 alteram
1583 2490 1645 2532 di-

87 2565 176 2607 vini
205 2565 342 2607 cultus
370 2567 537 2618 partem
564 2565 797 2607 referimus.
827 2565 889 2607 Ut
917 2568 1061 2607 autem
1089 2565 1242 2607 caritas
1267 2564 1385 2615 haec,
1412 2563 1466 2605 ob
1492 2562 1645 2605 cohae-

89 2637 252 2679 sionem
287 2636 449 2690 primae
486 2636 655 2677 tabulae
693 2636 746 2677 ad
783 2636 1020 2687 secundam,
1059 2636 1149 2678 Jac.
1189 2636 1225 2686 2,
1267 2635 1329 2676 10.
1369 2634 1432 2675 11.
1462 2635 1504 2675 et
1531 2633 1645 2674 illius

89 2723 165 2762 per
192 2708 303 2749 hanc
332 2707 467 2761 (quod
494 2707 571 2749 sub
601 2710 774 2750 externa
804 2708 940 2750 cultus
969 2708 1101 2750 divini
1125 2707 1287 2760 primae
1310 2705 1481 2747 tabulae
1507 2702 1645 2758 specie

88 2779 341 2833 hypocritae
381 2779 613 2833 plurimum
654 2779 828 2828 lateant,
873 2778 965 2821 Ose.
1003 2780 1040 2831 6,
1070 2780 1107 2820 6.
1144 2779 1267 2820 Matt.
1304 2779 1341 2829 9,
1383 2776 1464 2829 13.)
1505 2779 1646 2819 osten-

91 2851 264 2903 sionem,
294 2853 434 2893 totum
463 2849 543 2892 Dei
573 2850 733 2892 cultum
762 2853 804 2892 et
831 2850 1038 2904 pietatem
1066 2864 1153 2891 non
1185 2863 1282 2890 raro
1313 2848 1645 2902 comprehendit,

89 2921 214 2964 Matt.
254 2923 289 2974 7,
330 2923 392 2964 12.
429 2921 552 2963 Rom.
592 2921 653 2974 13,
691 2922 727 2963 8.
766 2922 803 2963 9.
844 2922 920 2973 10„
959 2921 1020 2963 ita
1057 2923 1100 2963 et
1126 2920 1508 2973 Eleemosyna,
1540 2934 1647 2972 quae

91 2992 282 3035 caritatis
319 3007 420 3046 erga
455 2993 697 3046 proximum
735 2991 962 3045 singularis
1000 2994 1062 3033 est
1102 2993 1232 3043 actus,
1270 2991 1426 3044 gradus
1456 2990 1645 3041 eximius,

1469 3065 1505 3089 25
