1931 3224
346 139 411 182 DE
440 138 637 182 Coucxnns
666 151 735 179 ssu
763 135 1033 178 CONVENTIBUS
1061 130 1392 174 Eoomsnsmms.
1572 131 1649 171 599

87 266 245 321 partim
271 265 400 317 factu,
429 266 477 306 ut
508 262 580 316 qui
610 276 653 304 se
682 259 943 314 superiorem
974 256 1146 312 Synodo
1176 256 1304 307 ducit,
1338 254 1497 308 partim
1522 256 1652 304 metu,

87 353 141 380 ne
178 352 221 379 se
251 336 412 390 judicio
442 333 603 388 Synodi
633 332 882 375 submittere
912 331 1101 383 cogatur,
1132 343 1222 370 sese
1252 343 1276 369 a
1305 325 1547 381 praesentia
1575 324 1655 378 Sy-

88 409 190 451 nodi
219 407 469 450 universalis
499 405 708 448 subducit.

142 479 340 522 XXXIV.
378 477 766 530 Magistratus,
806 473 1058 528 praesertim
1096 472 1131 513 si
1169 484 1355 512 suminus
1386 470 1453 521 sit,
1484 467 1654 522 Synodo

88 554 292 595 interesse
330 551 486 603 potest,
525 548 612 589 imo
650 546 925 588 utilissimum
964 546 1047 593 est;
1086 542 1173 584 sive
1202 541 1245 582 in
1274 554 1509 594 persona
1538 553 1655 592 pro-

90 623 230 678 pria,
261 624 309 663 ut
338 618 642 662 Constantinus
671 617 853 670 Magnus
880 616 924 657 in
952 614 1154 665 Nicaena,
1185 612 1447 654 Theodosius
1475 612 1519 652 in
1547 610 1655 652 0011-

91 692 499 746 stantinopolitana3
544 691 631 731 sive
670 703 765 742 per
804 687 1117 739 delegatos,
1156 684 1269 726 viros
1299 683 1501 734 Illustres,
1534 681 1656 734 Mag-

90 765 251 815 nificos,
282 776 431 816 graves
461 763 502 803 et
531 760 704 813 pietatis
735 761 937 809 amantes,
967 757 1191 800 Sacrarum
1216 755 1454 797 Literaruni
1483 753 1658 806 peritos,

93 835 165 889 qui
208 849 284 876 sua
326 833 549 886 sapientia,
592 830 818 885 prudentia
862 832 903 870 et
942 828 1197 870 auctoritate
1235 825 1469 868 Concilium
1508 824 1658 866 confir-

92 909 209 949 ment
239 908 281 947 et
305 906 468 958 juvent,
497 906 545 944 ut
572 903 617 944 in
645 901 862 955 Ephesina
891 915 914 941 a
945 898 1184 940 Theodosio
1217 899 1258 938 et
1282 896 1601 947 Valentiniano,
1619 898 1660 937 et

93 976 426 1020 Chalcedonensi
455 990 479 1017 a
507 974 738 1025 Marciano,
768 970 1117 1025 ImperatoribUS,
1146 969 1306 1010 factum
1335 970 1410 1009 est.

145 1047 324 1090 XXXV.
355 1046 459 1088 Cum
488 1045 732 1096 indictione,
764 1042 1068 1085 convocatione
1099 1043 1140 1082 et
1170 1039 1478 1093 comparitione
1507 1039 1551 1079 in
1580 1037 1659 1090 Sy-

93 1120 204 1163 nodo
244 1119 440 1161 cohaeret
478 1117 629 1159 locus
670 1118 712 1157 et
751 1118 961 1167 tempus
995 1114 1313 1154 conventus.
1344 1110 1517 1152 Locus
1548 1123 1662 1151 com-

94 1190 245 1233 modus
275 1203 362 1231 esse
392 1188 529 1239 debet,
560 1187 661 1228 urbs
689 1200 841 1238 nempe
872 1184 925 1225 ad
953 1183 1171 1237 Synodum
1201 1181 1548 1223 convenientibus
1578 1181 1662 1222 situ

93 1263 337 1316 opportuna
375 1261 416 1301 et
454 1258 702 1312 singulatim
741 1255 956 1298 consessui
996 1254 1261 1305 conveniens,
1299 1255 1417 1306 puta,
1459 1255 1500 1293 et
1530 1266 1663 1305 capax

96 1337 138 1378 et
166 1348 294 1376 sacer.
326 1330 526 1381 Quamvis
556 1329 776 1383 qualitatis
806 1328 932 1380 hujus
962 1327 1078 1368 nulla
1107 1324 1345 1378 designatio
1376 1324 1442 1376 sit,
1475 1323 1569 1364 Act.
1600 1323 1662 1364 15.

100 1409 142 1449 et
183 1404 374 1448 Nicaena
415 1402 611 1457 Synodus
654 1400 698 1441 111
739 1398 906 1440 Palatio
949 1397 1097 1440 habita
1140 1396 1207 1447 sit,
1251 1397 1359 1436 teste
1396 1393 1583 1436 Eusebio
1624 1396 1664 1435 et

100 1477 386 1521 Theodoreto.
417 1475 477 1516 At
504 1476 617 1515 recte
647 1470 921 1514 Ambrosius:
951 1469 1087 1519 Quid
1114 1467 1403 1509 Ecclesiae
1433 1480 1546 1507 011111
1575 1465 1664 1506 Pau

101 1549 269 1591 latio?
298 1547 423 1590 Unde
453 1546 554 1587 olim
582 1542 921 1596 frequentissime
949 1541 993 1582 in
1021 1540 1184 1593 templo
1214 1538 1449 1580 celebratae
1479 1540 1588 1588 sunt,
1618 1539 1666 1577 ut

103 1620 285 1675 Cyrillus
322 1620 505 1661 testatur
546 1616 595 1658 de
632 1614 862 1669 Ephesina,
893 1613 937 1654 in
968 1613 1083 1665 cujus
1113 1610 1264 1662 medio,
1294 1610 1338 1650 in
1368 1609 1478 1651 celso
1509 1608 1665 1649 throno

102 1691 375 1746 propositum
412 1688 494 1730 fuit
532 1687 783 1729 Sanctum
811 1682 1192 1737 Evangelium,
1223 1681 1335 1734 quod
1364 1680 1580 1721 Christum
1607 1679 1668 1720 ibi

101 1764 370 1817 praesentem
399 1762 441 1802 et
468 1758 704 1812 praesidem
733 1755 985 1798 ostenderet.

156 1821 354 1876 XXXVI.
394 1831 623 1883 Tempus
661 1842 934 1878 accessus,
971 1825 1166 1867 similiter
1200 1826 1360 1866 certum
1390 1825 1431 1865 et
1461 1825 1669 1877 opportu-

103 1921 204 1948 num
249 1919 338 1947 esse
381 1904 518 1946 debet.
558 1901 625 1943 Ita
668 1899 900 1955 Synodis
940 1897 1147 1951 topicis
1186 1899 1227 1938 et
1257 1895 1597 1948 particularibus,
1628 1896 1669 1935 et

105 1977 276 2031 quidem
313 1975 474 2027 annuis,
515 1988 565 2015 ex
594 1973 762 2014 decreto
793 1969 971 2012 001101111
999 1967 1260 2010 Antiocheni
1290 1969 1331 2009 et
1359 1966 1540 2008 Nicaeni
1570 1980 1669 2007 con-

105 2049 304 2091 stitutum
348 2049 411 2089 est
447 2058 634 2096 vernum,
674 2042 802 2084 tertia
840 2041 999 2083 scilicet
1036 2039 1269 2081 hebdomas
1307 2054 1331 2080 a
1366 2038 1589 2088 Paschate,
1630 2039 1670 2078 et

106 2119 364 2171 autumnale,
394 2118 533 2172 prima
561 2115 759 2158 videlicet
789 2113 961 2156 Octobr.
993 2111 1194 2161 Quamvis
1218 2110 1287 2151 hic
1312 2109 1509 2151 nonnihil
1533 2107 1670 2149 varia-

106 2195 199 2234 tum
236 2191 303 2243 sit,
343 2192 384 2231 et
422 2189 466 2230 in
501 2202 689 2239 numero,
721 2188 762 2228 et
791 2188 998 2238 tempore.
1030 2182 1152 2232 Quod
1182 2184 1223 2223 et
1251 2180 1536 2234 Imperatores
1565 2178 1671 2231 legi-

106 2263 186 2305 bus
224 2265 265 2304 et
306 2261 453 2303 edictis
492 2259 577 2300 suis
605 2258 841 2308 firmarunt,
871 2257 919 2296 ut
947 2253 1215 2296 Jusffinianus
1246 2251 1424 2293 Constit.
1456 2265 1583 2292 cxxffl.
1612 2249 1671 2291 At

107 2348 206 2376 vero
245 2329 589 2373 Particulari
619 2324 1125 2374 extraordinariae,
1156 2325 1229 2364 aut
1257 2320 1673 2364 Universaliori

107 2405 174 2447 vel
215 2401 556 2453 Universali‚
602 2402 649 2441 ut
694 2413 801 2452 quae
844 2397 1087 2438 indicuntur
1130 2408 1208 2447 pro
1253 2392 1467 2445 exigentia
1496 2391 1671 2443 majoris

107 2474 272 2528 negotii
300 2471 535 2523 incidentis,
565 2473 734 2523 tempus
763 2466 1130 2522 praestituendum
1160 2467 1223 2507 est
1252 2462 1539 2516 singulariter.

163 2543 383 2587 XXXVII.
428 2541 589 2596 Synodi
630 2555 729 2582 vero
770 2538 1003 2589 inchoatio,
1048 2539 1089 2579 et
1131 2536 1176 2577 in
1215 2550 1263 2577 ea
1302 2536 1416 2575 certa
1455 2547 1672 2575 consessus

109 2621 305 2671 tempora
346 2616 428 2668 pie,
474 2628 568 2655 cum
605 2610 767 2665 jejunio
808 2612 849 2652 et
878 2608 1137 2652 abstinentia
1165 2606 1368 2649 servanda
1400 2608 1509 2657 sunt,
1540 2604 1673 2647 Levit.

112 2691 176 2743 10,
204 2690 243 2731 9.
274 2689 335 2730 10.
364 2686 458 2729 Act.
490 2686 551 2737 13,
584 2686 619 2726 1.
651 2683 901 2726 Tertullian.
930 2683 996 2725 De
1025 2679 1208 2732 Jejunio.

164 2758 407 2803 XXXVIII.
450 2757 531 2799 His
575 2757 824 2808 conjunctae
867 2756 966 2796 sunt
1007 2753 1296 2805 impensae.
1336 2749 1539 2803 Sumptus
1570 2763 1675 2802 quos

112 2834 166 2876 ad
195 2832 414 2888 Synodum
442 2828 770 2884 proficiscenteS,
797 2828 887 2868 tam
914 2826 959 2867 in
987 2826 1151 2876 itinere,
1183 2838 1311 2876 quam
1333 2821 1378 2863 in
1401 2821 1495 2862 1000
1521 2820 1565 2861 111
1589 2834 1672 2873 quo

111 2905 294 2947 habetur
319 2901 526 2956 synodus,
551 2899 725 2951 faciunt,
751 2898 802 2940 ab
827 2896 1028 2939 Ecclesiis
1053 2895 1318 2950 suppeditari
1334 2894 1499 2946 debent,
1515 2893 1669 2935 Matth.

115 2978 177 3029 10,
216 2977 279 3019 10.
309 2976 331 3017 1
361 2974 454 3017 Cor.
483 2973 519 3015 9.
550 2974 627 3014 etc.
658 2970 860 3021 Quamvis
889 2968 1126 3011 celebratur
1153 2967 1224 3009 hic
1251 2966 1500 3020 Principum
1528 2964 1670 3010 Chris-
