1931 3224
282 172 330 211 14
887 167 1125 208 DlsPUTATlo
1154 162 1207 205 II.

277 293 540 346 praestigiae,
570 294 610 333 et
636 291 697 333 vis
726 290 871 340 omnis,
901 304 982 342 qua
1006 289 1048 330 in
1072 285 1337 340 ignorantiae
1360 283 1546 325 tenebris
1571 285 1694 325 antea
1716 298 1816 326 usus

276 364 424 413 fuerat,
452 363 537 404 fere
566 361 783 415 disparuit.
812 360 971 401 Eodem
1000 357 1214 400 referenda
1243 357 1306 397 est
1327 356 1394 396 tot
1416 354 1608 407 gentium
1631 354 1676 396 in
1698 356 1817 396 tene-

276 433 361 474 bris
402 432 646 483 sedentium,
688 431 774 472 sine
812 431 950 481 armis,
990 444 1065 482 per
1103 428 1238 469 solum
1275 426 1388 467 hunc
1423 425 1687 478 spiritualem
1725 425 1816 481 gla-

276 505 401 554 dium,
453 506 493 544 et
540 505 777 544 sanctorum
818 500 1078 554 patientiam,
1121 499 1173 540 ad
1216 497 1429 539 Christum
1470 496 1708 546 conversim
1749 498 1817 538 tot

276 573 503 624 hominum,
542 573 613 625 qui
650 575 772 614 antea
809 571 1031 613 sceleribus
1068 572 1108 611 et
1140 568 1286 610 mundi
1315 582 1444 609 coeno
1473 567 1655 610 involuti
1683 570 1816 620 erant,

273 645 315 685 in
366 644 598 686 sanctitatis
649 646 689 684 et
733 642 922 695 justitiae
966 640 1157 694 exempla
1200 639 1394 681 omnibus
1438 639 1587 680 seculis
1631 641 1673 681 et
1711 638 1815 681 locis

273 716 462 763 mutatio,
493 729 670 767 quorum
697 713 802 754 nihil
830 712 963 754 simile
991 712 1074 753 ulla
1102 711 1183 753 alia
1205 710 1354 764 religio
1384 710 1547 752 habuit.

324 785 475 827 XXVI.
524 784 639 826 Idem
689 784 866 836 denique
911 785 1121 825 testantur
1164 783 1318 824 horum
1359 782 1566 824 librorum
1608 781 1815 834 quaedam

273 858 539 909 adjuncta.
576 855 691 897 Inter
719 870 825 908 quae
855 857 916 896 est
945 869 1090 896 eorum
1118 853 1362 906 antiquitas,
1392 852 1581 894 omnium
1607 851 1815 894 humano-

272 942 365 969 rum
388 928 639 980 scriptorum
665 929 916 968 vetustatem
942 926 1068 979 longe
1098 926 1320 975 excedens3
1350 923 1644 977 antiquissima
1671 925 1815 965 autem

271 998 418 1051 religio
461 1013 484 1039 a
524 997 628 1049 Deo,
674 1000 822 1050 utpote
866 996 1019 1050 origini
1060 1011 1159 1038 suae
1201 995 1416 1049 proxima3
1459 995 1562 1037 item
1606 996 1814 1048 perpetua

271 1069 465 1110 adversus
502 1084 593 1110 eam
630 1068 809 1111 Satanae
838 1068 934 1110 odia
961 1070 1002 1109 et
1030 1067 1282 1119 molitiones,
1311 1069 1592 1120 tyrannorum
1619 1080 1814 1121 persecu-

270 1139 405 1181 tiones
441 1154 488 1181 ac
524 1139 726 1181 frustanei
764 1142 948 1191 conatus,
986 1139 1070 1180 imo
1100 1141 1142 1180 et
1169 1137 1250 1180 Dei
1277 1138 1474 1179 adversus
1503 1151 1573 1179 eos
1600 1136 1814 1179 horrenda

266 1211 434 1263 judicia,
459 1211 598 1263 qualia
619 1211 663 1252 in
685 1210 896 1252 Antiocho
920 1209 1159 1264 Epiphane,
1185 1209 1356 1251 Juliano
1381 1210 1606 1262 Apostata,
1632 1210 1674 1251 et
1697 1207 1813 1250 simi-

270 1281 377 1322 libus
408 1282 519 1323 orbis
546 1282 762 1324 universus
790 1282 905 1323 vidit.

320 1351 494 1395 XXVII.
523 1353 613 1395 Hae
640 1356 737 1395 sunt
763 1354 859 1395 illae
884 1356 1021 1405 notae,
1047 1367 1097 1394 ex
1122 1352 1274 1405 quibus
1296 1351 1451 1394 horum
1474 1351 1682 1393 librorum
1706 1350 1812 1393 divi-

268 1423 376 1464 nitas
414 1424 502 1465 luce
533 1424 682 1465 clarius
711 1424 908 1477 patescit3
939 1439 1066 1477 quam
1097 1423 1233 1477 quivis
1261 1439 1306 1465 re
1334 1423 1427 1477 ipsa
1457 1423 1710 1477 experietur,
1740 1423 1814 1475 qui

269 1508 355 1535 sese
383 1495 521 1536 animo
550 1496 722 1547 sincero,
752 1498 792 1537 et
821 1496 966 1537 salutis
990 1510 1088 1538 suae
1113 1496 1314 1548 studioso,
1340 1496 1393 1538 ad
1417 1510 1562 1538 eorum
1586 1494 1812 1537 lectionem

268 1567 309 1605 et
335 1566 649 1608 meditationem
677 1567 784 1609 serio
816 1567 1011 1621 accingit.

318 1634 512 1678 XXVIII.
545 1635 635 1679 Nec
662 1653 762 1680 vero
789 1638 858 1680 hic
886 1639 1115 1680 audiendus
1143 1638 1333 1691 Socinus,
1363 1641 1490 1692 atque
1519 1639 1592 1681 alii
1619 1638 1812 1681 nonnulli

267 1704 503 1758 Christiani,
542 1708 613 1760 qui
649 1707 819 1750 Sacram
847 1709 1108 1763 Scripturam
1135 1711 1180 1752 in
1207 1710 1332 1753 rebus
1359 1711 1579 1764 praecipui
1605 1710 1812 1752 momenti

267 1776 449 1818 divinam
473 1778 640 1830 quidem
664 1794 750 1821 esse
774 1781 1015 1833 concedunt,
1040 1782 1085 1822 in
1109 1782 1436 1824 circumstantiis
1461 1785 1603 1824 tamen
1623 1784 1664 1823 et
1684 1781 1810 1823 rebus

266 1846 432 1889 levioris
467 1850 668 1891 momenti
702 1852 923 1905 scriptores
952 1854 1039 1906 ejus
1067 1868 1092 1894 a
1119 1852 1279 1908 Spiritu
1307 1853 1388 1895 Dei
1417 1853 1642 1895 destitutos
1671 1868 1811 1895 errare

265 1918 470 1971 potuisse;
516 1921 612 1973 quia
652 1921 756 1964 haec
799 1924 1005 1965 sententia
1045 1924 1296 1978 profanitati
1336 1924 1448 1966 viam
1485 1924 1648 1976 sternit,
1688 1927 1730 1966 et
1767 1924 1808 1967 S.

266 1986 505 2042 Scripturae
559 1991 709 2034 diserte
763 1997 982 2048 repugnat,
1039 2010 1145 2048 quae
1206 1997 1400 2047 testatur,
1457 2009 1809 2049 quaecunque

266 2059 477 2113 scripta
514 2065 660 2115 sunt,
690 2064 751 2105 ad
778 2068 1017 2107 nostram
1044 2066 1467 2108 institutionem
1498 2071 1612 2109 ess'e
1640 2066 1808 2120 scrip-

266 2131 338 2180 ta,
376 2129 512 2173 Rom.
554 2133 614 2184 15,
651 2148 780 2176 vers.
817 2136 854 2176 4.
892 2135 958 2178 Et
994 2139 1163 2179 totam
1203 2136 1546 2192 Scripturam
1587 2153 1700 2180 esse
1737 2138 1808 2180 di-

265 2200 472 2243 vinitus
513 2203 861 2258 inspiratam,
902 2208 927 2247 2
956 2206 1081 2250 Tim.
1123 2209 1160 2260 3,
1204 2223 1338 2251 vers.
1369 2209 1432 2251 16.
1467 2208 1576 2251 Item
1603 2208 1809 2251 nullam

266 2269 607 2325 Scripturam
648 2289 763 2317 esse
799 2276 1295 2331 interpretationis
1332 2280 1595 2334 propriae
1632 2281 1657 2322 2
1696 2279 1806 2322 Pet.

266 2342 301 2392 1,
338 2357 468 2385 vers.
506 2345 568 2386 20.
606 2344 696 2387 Imo
733 2361 793 2388 ne
826 2349 943 2400 jota
976 2350 1189 2402 quidem
1226 2366 1382 2393 unum
1423 2366 1485 2393 ex
1519 2352 1640 2405 lege
1668 2351 1809 2405 peri-

264 2415 460 2466 turum,
503 2413 689 2457 Matth.
732 2417 770 2467 5,
812 2432 939 2460 vers.
983 2420 1045 2462 18.
1086 2419 1196 2464 Neo
1238 2423 1492 2476 cuiquam
1533 2422 1807 2465 hominum

262 2483 430 2595 {cere
481 2485 528 2596 «lsi
579 2486 863 2540 quicquam
914 2490 1109 2533 addere
1159 2492 1243 2534 vel
1294 2493 1524 2547 demere,
1567 2493 1721 2536 Deut.
1765 2493 1806 2535 4.

312 2569 420 2608 poc.
449 2570 476 2596 u
511 2558 541 2597 t.

315 2624 466 2667 XXIX.
503 2626 583 2668 Ex
607 2627 688 2669 illis
729 2644 834 2682 quae
871 2630 1071 2674 hactenus
1108 2648 1132 2674 a
1167 2633 1289 2676 nobis
1326 2635 1534 2689 explicata
1563 2638 1606 2678 et
1633 2635 1805 2679 demon·

263 2697 394 2737 strata
431 2700 539 2749 sunt,
573 2699 662 2752 jam
700 2701 967 2754 perspicuum
1006 2706 1080 2756 est,
1121 2720 1247 2757 quam
1284 2706 1391 2749 falso
1430 2707 1643 2750 Pontificii
1681 2707 1806 2759 multi

263 2767 527 2819 contendant,
565 2768 775 2812 Ecclesiae
804 2774 1006 2825 majorem
1035 2776 1330 2819 auctoritatem
1367 2793 1467 2831 esse,
1509 2794 1635 2832 quam
1663 2778 1804 2834 Scrip-

262 2837 401 2885 turae3
436 2837 506 2878 alii
535 2853 646 2891 vero,
676 2839 918 2894 Scripturae
947 2846 1242 2889 auctoritatem
1273 2863 1297 2890 a
1326 2849 1415 2891 solo
1444 2849 1656 2893 Ecclesiae
1682 2850 1804 2893 testi-

261 2907 415 2958 monio,
445 2908 591 2950 saltem
621 2912 757 2963 quoad
786 2927 874 2965 nOS,
903 2915 1093 2968 pendere.

314 2976 443 3019 XXX.
473 2978 566 3020 Etsi
594 2981 702 3023 enim
731 2983 910 3027 libenter
938 2985 1157 3040 fateamur,
1187 2990 1239 3031 ad
1262 2990 1473 3034 Ecclesiae
1497 2992 1682 3036 officium
1706 3008 1803 3047 per-
