1931 3224
0 122 3 129 ’
0 111 1 114 ⁴
0 21 11 103 ‘'VWm
0 0 9 14 ι-

278 127 337 167 Dr.
367 124 538 167 CHmsro
570 123 715 166 CAPITE
742 121 962 165 EchEsIAE
992 136 1039 164 ΕΤ
1068 137 1117 164 DE
1145 121 1429 163 ANTIchsro.
1549 121 1628 183 447

70 250 269 293 scientiae
308 251 510 303 cujusque
539 249 731 300 membri,
759 247 976 300 totiusque
1005 246 1218 288 Ecclesiae
1248 247 1498 300 appellatur,
1529 244 1556 286 J
1561 245 1628 286 011.

71 323 132 373 13,
162 322 222 363 13.
254 324 295 363 01
325 322 385 363 14.
417 322 439 362 1
471 320 552 362 Cor
580 321 616 372 8,
646 321 681 361 5.
711 321 747 361 6.
779 319 870 368 Quo
899 318 1153 372 proprietas,
1183 333 1296 369 usus,
1326 320 1367 359 et
1395 318 1631 371 perfectum

69 407 365 445 summumque
414 392 459 433 111
509 391 699 434 Ecclesia
750 389 990 432 vindicandi
1040 389 1374 443 disponendique
1412 390 1481 442 jus
1521 387 1630 429 indi-

71 467 202 506 catur.
802 468 807 472 ’

122 534 192 576 lX.
217 534 413 586 Denique
437 533 666 575 secundum
691 533 992 576 Oeconomiam
1015 534 1347 588 χρηματιστικήν,
1378 533 1631 574 Pastoris

71 607 224 648 ovium.
254 605 316 648 Ut
346 606 457 647 enim
485 621 617 647 unum
647 608 710 647 est
740 606 860 658 ovile,
892 606 953 646 ita
983 607 1024 647 et
1052 620 1160 646 unus
1190 604 1354 656 Pastor,
1385 603 1537 645 Ezech.
1568 603 1633 644 34.

72 679 113 719 01
149 678 213 719 37.
251 676 349 719 Joh.
391 677 453 717 10.
492 680 548 717 ut
578 677 810 718 8111111118
839 679 1031 730 pastor
1061 679 1111 718 et
1139 691 1297 717 unum
1327 675 1483 717 ovile.
1513 674 1636 716 Unde

72 749 265 791 absolute
313 747 505 789 Christus
549 748 703 790 dicitur
746 749 763 789 ὃ
795 748 951 799 ποιμὴν,
992 748 1168 790 eximius
1209 747 1280 788 ille
1318 749 1478 800 pastor,
1520 747 1637 799 cujus

70 821 270 875 propriae
307 823 405 862 sunt
435 835 544 873 oves,
576 819 674 861 Joh.
707 820 768 872 10,
799 820 861 862 11.
894 823 935 861 et
965 820 1026 860 12.
1072 819 1333 872 ἀρχιποίμην,
1378 818 1637 871 princeps

71 893 374 944 pastorum,
414 892 434 932 1
475 891 566 933 Pet.
605 892 641 943 5,
683 893 720 933 4.
760 894 802 933 et
830 906 1054 944 magnus
1084 890 1180 932 ille
1211 890 1389 932 ovium
1417 889 1636 944 Pastor,

72 961 179 1004 Heb.
220 964 282 1014 13,
324 964 385 1004 20.
426 962 553 1015 Cujus
591 963 814 1004 directioni
853 965 895 1004 et
925 962 1111 1015 pastioni
1143 975 1300 1014 omnes,
1332 976 1404 1002 seu
1434 964 1527 1002 tota
1556 961 1638 1003 Ec-

73 1034 200 1076 clesia
229 1034 385 1086 subest,
416 1035 532 1086 cujus
563 1037 605 1075 et
634 1035 757 1076 unius
786 1048 933 1076 vocem
962 1034 1093 1084 audit,
1122 1048 1227 1075 vers.
1257 1033 1294 1074 4.
1322 1035 1363 1074 01
1392 1033 1428 1074 5.
1453 1033 1517 1074 ΕΟ
1544 1034 1638 1074 tan-

72 1107 164 1146 tum
203 1104 577 1156 communicabilis,
616 1119 700 1156 quo
740 1104 1035 1157 ministerium,
1068 1120 1155 1147 non
1182 1105 1421 1158 imperium,
1453 1106 1638 1147 denotat.

125 1176 178 1218 X.
218 1175 404 1218 Tertio
444 1176 662 1218 ducitur
694 1191 717 1217 a
744 1175 1008 1217 Politicis
1036 1176 1216 1228 rebus,
1246 1176 1442 1218 videlicet
1472 1191 1496 1217 a
1526 1178 1640 1217 statu

73 1247 118 1289 in
154 1247 331 1301 politica
369 1247 692 1299 sublimissimo,
732 1246 1079 1299 Monarchae,
1116 1246 1304 1300 Regis,
1335 1247 1638 1301 Principis,

73 1319 474 1372 Dominatoris,
529 1319 929 1361 Gubernatoris
982 1321 1023 1361 et
1074 1318 1302 1360 Vicarii.
1345 1317 1485 1372 Reges
1528 1319 1641 1360 0111111

76 1390 239 1444 Capita,
281 1391 430 1433 Patres
475 1393 516 1432 et
558 1390 734 1432 Domini
777 1391 927 1444 populi
969 1390 1245 1432 nominantur
1282 1390 1453 1443 passim.
1492 1389 1558 1432 Ita
1600 1393 1642 1431 et

77 1461 270 1504 Christus
309 1462 402 1504 Rex
430 1462 645 1504 Ecclesiae
675 1463 926 1516 appellatur,
957 1462 1023 1504 Ps.
1053 1463 1090 1514 2,
1121 1464 1157 1503 6.
1188 1462 1285 1504 Esa.
1314 1464 1350 1503 2.
1380 1461 1505 1503 Zach.
1534 1462 1572 1512 9,
1603 1462 1640 1502 9.

75 1533 200 1576 Matt.
238 1535 302 1586 21,
341 1535 377 1576 5.
417 1533 514 1575 Luc.
552 1534 589 1585 1,
625 1535 688 1575 32.
727 1533 862 1587 Apoc.
903 1534 939 1586 1,
978 1534 1015 1575 5.
1055 1536 1096 1574 01
1134 1533 1198 1585 15,
1229 1533 1290 1574 14.
1322 1535 1363 1574 01
1392 1533 1454 1583 19,
1483 1533 1546 1573 26.
1574 1531 1642 1573 Et

76 1604 319 1646 vicarius
357 1603 476 1656 Dei,
518 1619 600 1657 qua
639 1619 662 1645 a
699 1603 827 1646 Patre
867 1607 908 1645 et
945 1604 1021 1645 sub
1049 1604 1179 1645 Patre
1208 1603 1478 1654 constitutus,
1507 1604 1642 1645 vicem

79 1676 166 1729 ejus
205 1677 322 1717 tenet
360 1678 401 1717 et
438 1676 561 1729 gerit,
602 1676 623 1716 1
664 1674 753 1718 Cor.
784 1676 846 1727 15,
876 1676 939 1717 27.
970 1675 1132 1725 Quibus
1162 1675 1271 1717 celsa
1301 1674 1459 1716 Christi
1488 1664 1643 1716 111Ἐο-

79 1747 250 1788 clesiam
278 1749 470 1800 potestas
497 1750 537 1789 et
564 1747 790 1801 imperian
822 1747 1082 1801 designatur.

131 1818 204 1860 XI.
245 1818 406 1868 Quarto
438 1820 479 1860 01
507 1821 726 1872 postremo
759 1834 782 1860 a
811 1818 974 1859 rebus
1002 1817 1420 1859 artificialibus
1450 1817 1642 1869 sumitur,

80 1892 239 1932 scilicet
282 1889 526 1932 nominibus
565 1889 934 1941 fundamenti,
975 1892 1188 1943 petrae,
1230 1888 1441 1942 lapidis
1481 1902 1644 1941 angu-

79 1963 238 2015 laris,
269 1964 375 2015 puta
405 1961 595 2013 aedificii,
627 1961 787 2009 domus,
818 1961 982 2014 templi,
1014 1962 1199 2003 civitatis
1225 1961 1474 2015 spiritualis,
1499 1960 1542 2001 id
1568 1963 1644 2011 est,

81 2034 297 2076 Ecclesiae
323 2033 424 2083 Dei;
454 2048 561 2086 quae
587 2032 769 2084 Christo,
795 2035 842 2074 ut
867 2032 1042 2086 propria
1066 2033 1326 2083 tribuuntur,
1353 2031 1466 2072 Esai.
1492 2031 1554 2082 28,
1583 2031 1644 2071 16.

81 2104 191 2147 Dan.
222 2106 256 2154 2,
285 2105 348 2147 35.
377 2104 441 2145 45.
472 2103 595 2145 Matt.
628 2104 689 2156 16,
719 2104 782 2145 28.
814 2106 855 2145 01
884 2105 947 2155 21,
976 2104 1040 2145 42.
1069 2103 1164 2145 Αο1.
1189 2104 1227 2155 4,
1254 2103 1315 2144 11.
1341 2102 1464 2143 Rom.
1493 2102 1555 2153 19,
1581 2102 1644 2142 33.

84 2177 105 2218 1
147 2175 237 2218 Ρο1.
279 2177 315 2228 2,
353 2177 391 2217 4.
432 2176 452 2217 1
494 2175 586 2217 Cor.
626 2176 663 2227 3,
702 2175 764 2217 11.
803 2175 916 2229 Eph.
956 2177 993 2227 2,
1035 2176 1097 2216 19.
1127 2175 1272 2227 Atque
1301 2173 1647 2215 fundamenti

85 2248 267 2300 quidem,
300 2247 413 2300 quod
442 2248 484 2288 vi
513 2261 588 2288 sua
617 2247 842 2288 immotum
872 2249 968 2297 stet,
997 2246 1081 2299 ipsi
1108 2246 1329 2297 innitatur,
1357 2248 1398 2287 et
1424 2260 1474 2287 ex
1501 2260 1550 2287 eo
1577 2260 1647 2286 ex-

86 2321 233 2372 surgat
270 2318 434 2371 reliqua
462 2318 594 2360 moles
624 2317 804 2359 aedificii
833 2317 1088 2371 spiritualis3
1119 2319 1314 2370 petrae
1343 2331 1455 2368 vero,
1487 2319 1535 2357 ut
1565 2331 1648 2368 qua

86 2390 278 2432 soliditas
309 2392 350 2431 et
379 2389 560 2431 firmitas
590 2389 854 2431 fundamenti
878 2389 1102 2440 indicatur,
1130 2389 1234 2430 adeo
1259 2391 1307 2430 ut
1332 2388 1522 2441 originis,
1549 2387 1648 2429 sub-

81 2461 197 2514 jecti,
238 2460 560 2502 sustentationis
591 2463 632 2502 et
662 2460 940 2502 stabilimenti
973 2460 1183 2503 habeatur
1212 2462 1440 2513 respectus.
1471 2458 1648 2512 Angu-

86 2532 226 2574 laris
271 2535 450 2574 autem
495 2532 723 2585 lapidis,
768 2534 815 2573 ut
856 2532 900 2573 in
944 2547 1027 2585 quo
1073 2532 1230 2585 anguli,
1274 2533 1378 2585 puta
1416 2530 1568 2573 <Iudaei
1608 2532 1649 2571 et

89 2604 257 2656 Gentes,
292 2606 544 2646 concurrant
573 2606 614 2645 et
644 2605 961 2645 connectantur.
990 2603 1237 2656 Eademque
1266 2603 1391 2656 hujus
1423 2603 1475 2644 ad
1505 2602 1649 2644 aedifi-

90 2677 213 2728 cium,
245 2691 352 2729 quae
384 2676 537 2729 capitis
569 2675 621 2716 ad
651 2690 815 2729 corpus,
848 2678 911 2717 est
940 2676 1178 2729 proportio.

143 2745 239 2788 XII.
289 2746 454 2788 Harum
503 2760 631 2799 porro
683 2746 872 2787 omnium
914 2746 1239 2788 similitudinum
1281 2746 1419 2799 prima
1459 2747 1648 2797 naturae,

93 2820 134 2860 et
168 2820 215 2859 ut
242 2820 470 2872 postrema,
502 2817 605 2858 artis
630 2820 806 2859 naturae
834 2817 1086 2869 imitatricis,
1116 2818 1244 2859 tertia
1271 2831 1370 2858 vero
1402 2830 1649 2858 consensus:

93 2888 285 2931 Secunda
312 2892 405 2931 tum
432 2890 621 2938 naturae,
645 2891 737 2930 tum
763 2903 990 2931 consensus
1016 2891 1090 2930 est.
1118 2888 1279 2938 Quibus
1306 2888 1500 2930 omnibus
1526 2887 1652 2929 simul

94 2961 275 3014 mystica
314 2961 420 3003 haec
463 2959 621 3002 Christi
664 2976 758 3003 cum
795 2960 985 3002 Ecclesia
1023 2960 1124 3002 unio
1164 2962 1206 3002 et
1244 2959 1485 3002 communio
1526 2958 1652 3012 (quae
