1931 3224
549 166 614 207 DE
643 165 905 208 MAG1s'rRArU
934 165 1134 208 Pomrico.
1547 166 1622 207 611

112 288 207 330 XII.
247 288 507 331 Gubernatio
546 291 819 333 multiformis
859 294 935 343 est,
974 305 1081 344 quae
1122 304 1207 331 non
1248 304 1298 331 ex
1336 290 1625 343 superioribus

58 359 180 413 Reip.
233 360 591 404 administrandae
637 362 787 404 formis
830 363 1048 416 separatis,
1092 362 1164 403 sed
1207 376 1256 403 ex
1299 359 1534 413 conjunctis
1577 374 1625 400 ac

58 431 204 473 mixtis
243 433 528 476 constituitur.
566 433 692 487 Cujus
723 434 896 486 aliquod
926 433 1138 487 specimen
1168 433 1211 473 in
1242 431 1494 485 quibusdam
1522 430 1628 472 Pro-

58 502 206 544 vinciis
244 504 514 556 conspicitur,
554 504 597 545 in
638 504 789 557 quibus
828 505 910 546 duo
951 506 1048 546 sunt
1088 503 1268 555 ordines,
1298 517 1462 556 nempe,
1490 501 1628 544 Nobi-

59 575 164 616 lium
193 578 235 617 et
264 575 496 627 civitatum,
527 591 656 628 penes
687 591 792 629 quos
822 577 958 618 omnis
989 579 1051 618 est
1080 575 1201 630 Reip.
1233 577 1437 629 potestas.

113 645 228 687 XIII.
270 646 371 689 Non
412 649 569 689 temere
610 662 686 689 nec
727 648 1002 701 pertinaciter
1041 647 1347 700 disputandum
1389 650 1463 699 est,
1496 662 1624 700 quae-

60 732 159 759 nam
197 732 247 758 ex
274 717 367 759 istis
397 718 721 771 gubernationis
750 719 950 772 politicae
980 718 1200 772 speciebus
1231 719 1286 760 sit
1317 718 1627 771 praestantior:

63 802 158 829 cum
204 787 319 829 Deus
365 789 551 841 primum
588 789 728 832 Duces
764 790 914 843 populi
957 790 1022 831 sui
1064 790 1229 831 ratione
1273 790 1481 843 peculiari
1526 805 1625 833 con-

62 859 248 900 stituerit
285 859 449 901 Mosem
490 863 531 902 et
568 860 758 913 Josuam,
801 864 1020 914 tanlquam
1062 877 1159 903 suos
1203 861 1433 915 delegatos,
1475 862 1627 915 hisque

63 930 226 983 aliquot
278 932 554 984 consiliarios,
608 936 655 974 ut
707 933 889 975 diximus
941 932 1062 975 Thes.
1107 934 1142 974 8.
1188 933 1439 986 adjunxerit,
1483 933 1632 974 deinde

62 1000 233 1043 Judices
263 1004 391 1054 atque
421 1003 650 1056 optimates
678 1003 858 1055 Israelis,
890 1005 934 1045 in
963 1005 1102 1046 locum
1136 1004 1309 1046 illorum
1334 1004 1632 1056 introduxerit,

63 1073 245 1125 denique
281 1071 496 1116 Israelitas
535 1090 610 1128 per
648 1075 811 1129 Regem
840 1075 1011 1117 Saulem
1039 1075 1092 1116 ad
1121 1078 1281 1116 statum
1309 1074 1631 1116 Monarchicum

64 1145 291 1187 reduxerit.

117 1215 233 1257 XIV.
261 1215 440 1258 Accedit
469 1231 531 1269 eo,
562 1218 676 1270 quod
704 1217 820 1260 Deus
849 1217 1060 1270 quaslibet
1087 1217 1409 1270 gubernationis
1435 1217 1635 1269 politicae

64 1287 223 1329 formas
263 1288 506 1330 admirabili
537 1304 612 1331 sua
640 1289 909 1343 providentia
938 1289 998 1330 sic
1025 1290 1248 1342 temperet,
1278 1290 1325 1329 ut
1354 1287 1522 1328 illarum
1551 1302 1634 1328 una

65 1357 109 1397 in
147 1357 291 1399 alteris
329 1359 611 1401 animadverti
638 1360 788 1413 possit.
819 1359 1019 1409 Quamvis
1050 1360 1160 1402 enim
1189 1359 1326 1413 prima
1356 1359 1634 1415 gubernatio-

66 1430 132 1471 nis
173 1431 335 1483 species
372 1431 425 1472 ab
465 1446 549 1472 uno
588 1431 633 1472 in
671 1431 742 1472 illa
781 1432 1109 1484 praeeminente,
1147 1430 1411 1487 Monarchia,
1452 1431 1636 1472 secunda

65 1516 165 1543 vero
206 1516 254 1543 ac
291 1502 419 1543 tertia
458 1517 482 1543 a
519 1501 712 1555 pluribus
749 1501 900 1555 Remp.
938 1501 1185 1556 regentibus
1214 1501 1470 1555 Polyarchia
1499 1501 1636 1543 nomi-

66 1575 241 1614 nentur:
280 1573 406 1616 sicuti
444 1575 589 1615 tamen
617 1574 661 1615 in
692 1573 942 1615 Monarchia
971 1588 1080 1615 unus
1111 1576 1185 1624 est,
1217 1573 1290 1626 qui
1320 1573 1470 1615 ceteris
1501 1573 1636 1614 omni-

66 1644 145 1686 bus
197 1646 558 1698 praedominatur,
605 1645 665 1687 sic
707 1645 752 1686 in
795 1645 1080 1687 Aristocratia
1125 1647 1166 1686 et
1207 1644 1483 1686 Democratia
1524 1647 1636 1686 recte

68 1716 301 1757 constituta
339 1717 582 1770 hujusmodi
623 1719 685 1759 est
728 1716 909 1766 εὐταξία,
949 1719 998 1758 ut
1027 1716 1180 1769 aliquis
1209 1716 1372 1769 primus
1403 1716 1458 1757 sit
1488 1716 1638 1757 saltem

69 1787 215 1828 ordine
256 1802 305 1829 ac
349 1788 566 1842 suffragio,
611 1791 841 1841 tantusque
884 1788 1072 1841 plurium
1110 1801 1285 1829 numero
1317 1801 1557 1838 consenSUS,
1589 1789 1637 1828 ut

69 1873 215 1900 omnes
243 1859 336 1901 loco
367 1860 491 1901 unius
521 1861 819 1914 gubernatoris
843 1860 1092 1901 habeantur.
1118 1858 1155 1900 Ε
1180 1858 1406 1910 contrario,
1434 1858 1636 1911 quemad-

68 1930 241 1971 modum
279 1931 324 1971 in
351 1932 474 1984 regni
504 1931 698 1983 comitiis,
732 1931 884 1984 quibus
912 1930 1132 1972 inferiores
1160 1930 1372 1971 intersunt
1401 1927 1631 1981 Magistra-

68 2004 150 2053 tus,
188 2001 351 2054 aliquid
388 2002 765 2044 Aristocraticum:
801 2002 863 2043 ita
899 2002 944 2042 in
983 2001 1240 2054 optimatum
1269 1999 1559 2050 conventibus,
1589 1998 1633 2039 in

69 2072 222 2125 quibus
261 2072 453 2115 civitates
491 2088 566 2126 per
603 2088 700 2115 suos
739 2087 908 2126 quoque
948 2071 1190 2124 Deputatos
1223 2072 1292 2123 jus
1330 2070 1521 2124 suffragii
1555 2069 1635 2111 sibi

69 2147 301 2197 reservant,
332 2143 492 2197 aliquid
520 2143 866 2186 Democraticum
894 2142 1142 2196 percipitur.

123 2214 216 2257 XV.
253 2214 304 2257 In
342 2215 532 2268 quolibet
568 2215 703 2269 igitur
741 2214 864 2267 Reip.
904 2215 1017 2255 statu
1052 2201 1332 2266 Magistratus
1362 2214 1426 2253 est
1453 2226 1636 2265 persona

72 2285 273 2328 divinitus
311 2286 506 2328 ordinata
543 2285 596 2327 ad
632 2286 879 2327 societatem
918 2283 1205 2337 quorumlibet
1243 2282 1463 2325 hominum
1491 2297 1638 2324 secun-

72 2357 172 2399 dum
209 2358 324 2411 leges
359 2357 573 2409 honestas,
604 2357 767 2398 divinas
799 2359 841 2398 et
868 2355 1075 2397 humanas
1104 2355 1435 2408 gubernandam,
1467 2370 1516 2397 ac
1544 2356 1638 2408 gla-

73 2429 141 2470 dio
172 2431 348 2480 armata,
378 2431 426 2470 ut
453 2428 589 2470 bonos
616 2430 799 2479 tueatur,
828 2427 962 2469 malos
991 2427 1153 2480 puniat,
1183 2426 1414 2478 hostesque
1448 2429 1639 2469 coerceat

73 2499 125 2541 ad
155 2499 402 2554 disciplinae
431 2502 641 2552 externae,
667 2500 869 2553 pacisque
894 2498 1088 2552 publicae
1114 2499 1487 2550 conservationem,
1516 2498 1638 2540 Rom.

73 2571 136 2623 13,
168 2572 204 2613 1.
237 2574 277 2613 et
307 2586 422 2624 seqq.

126 2642 242 2684 XVI.
282 2642 515 2696 Cujuslibet
551 2641 830 2695 Magistratus
868 2656 1038 2697 causam
1073 2641 1326 2683 efficientem
1361 2640 1639 2694 principalem

75 2728 148 2755 seu
201 2716 417 2756 auctorem
469 2714 609 2755 Deum
651 2729 753 2766 esse,
795 2713 862 2754 his
905 2712 1056 2755 Sacrae
1099 2712 1344 2767 Scripturae
1384 2712 1642 2754 testimoniis

75 2784 358 2827 demonstrari
399 2786 556 2838 potest,
598 2784 724 2826 Deut.
768 2785 804 2836 1,
846 2785 906 2825 17.
947 2783 1024 2825 Ne
1054 2783 1326 2837 suscipite
1353 2797 1643 2837 personam

74 2857 127 2898 in
164 2857 389 2908 judicio.
433 2855 563 2898 Nam
601 2856 870 2909 judicium
914 2855 1090 2908 ipsum
1129 2855 1227 2897 Dei
1266 2857 1366 2907 est,
1403 2855 1446 2896 id
1485 2857 1560 2906 est,
1589 2854 1642 2895 ab

74 2927 167 2980 ipso
211 2928 303 2970 Deo
346 2928 636 2979 constitutum,
679 2929 727 2969 ut
768 2927 872 2968 illud
915 2928 1145 2969 secundum
1181 2927 1322 2980 legem
1358 2927 1494 2980 ipsius
1525 2941 1643 2968 exer-

76 3000 218 3041 ceatis.
256 3000 316 3041 Et
352 2999 508 3041 Psahn.
539 2999 602 3051 82,
634 2999 670 3040 1.
700 2998 841 3041 Deus
871 3002 984 3041 stat
1011 3000 1063 3040 in
1094 3001 1249 3041 coetu
1279 2998 1397 3051 Dei,
1430 3002 1478 3041 et
1503 2999 1643 3052 judi-
