1931 3224
585 119 648 162 Dr:
677 118 962 162 INcARNATIONE
990 118 1095 160 Fan
1122 106 1214 159 Dm.
1605 114 1682 155 249

174 246 225 289 V.
269 244 377 287 Tum
413 245 645 297 postremo,
685 243 757 296 qui
792 243 896 284 fines
934 240 1236 284 incarnationis
1277 242 1486 291 evertunt,
1527 241 1575 280 ut
1615 240 1680 280 in-

120 319 284 360 faustus
323 317 397 359 ille
434 316 665 359 Faustus
695 315 858 357 Socin
871 329 947 367 us,
977 313 1134 366 aliique
1165 312 1239 365 qui
1268 311 1467 353 meritum
1497 310 1610 352 vitae
1641 311 1683 351 et

121 387 331 443 passionis
362 386 521 429 Christi
552 388 768 428 evacuant.

650 653 694 700 A
711 654 760 700 M
778 654 817 699 B
835 653 878 700 R
895 653 931 701 0
951 652 982 700 s
998 652 1023 699 1
1040 652 1084 698 U
1102 652 1158 711 s,

441 750 533 792 Lib.
564 750 615 792 de
642 749 746 792 Fide
775 750 924 792 contra
951 749 1171 802 Arrianos,
1202 762 1294 802 cap.
1324 748 1362 790 8.

175 877 503 921 Exinanivit
543 877 921 929 semetipsum,
949 876 1176 918 formam
1206 876 1351 916 servi
1381 874 1685 928 suscipien-

124 951 208 1001 do3
248 965 353 992 non
392 950 533 1003 quod
573 950 723 991 aliud
761 963 916 1002 quam
945 948 1086 1001 quod
1115 949 1252 998 erat,
1279 946 1468 998 fieret,
1500 946 1553 988 id
1583 947 1686 994 est,

123 1038 228 1065 non
264 1025 321 1064 ut
359 1023 668 1062 mutaretur
706 1021 766 1061 ab
798 1035 855 1061 eo
887 1019 1025 1072 quod
1056 1021 1195 1069 erat,
1227 1019 1319 1060 sed
1344 1020 1401 1059 ut
1431 1018 1686 1071 seposito

123 1092 348 1135 interim
384 1091 702 1144 majestatis
743 1105 868 1132 suae
905 1091 1133 1142 honore,
1175 1089 1461 1131 humanum
1492 1103 1687 1142 corpus

123 1165 402 1215 indueret,
445 1178 544 1215 quo
589 1164 872 1215 suscepto,
916 1162 1064 1204 salus
1108 1162 1350 1215 gentium
1391 1160 1574 1203 fieret.
1618 1160 1688 1203 Ut

124 1237 262 1280 enim
290 1238 372 1280 sol
402 1250 510 1278 cum
542 1235 681 1276 nube
709 1235 943 1288 tegitur,
974 1233 1205 1275 claritas
1235 1234 1350 1286 ejus
1382 1231 1688 1286 comprimi-

122 1313 231 1362 tur,
272 1324 378 1351 non
421 1309 660 1357 secatur,
704 1309 755 1348 et
795 1306 972 1347 lumen
1014 1305 1180 1357 illud,
1224 1305 1365 1357 quod
1401 1306 1522 1346 toto
1561 1303 1688 1345 orbe

124 1381 453 1434 dispersum,
478 1379 627 1421 claro
654 1378 950 1431 splendore
975 1379 1169 1419 cuncta
1193 1375 1500 1430 perfundit,
1525 1390 1687 1430 parvo

128 1452 419 1495 obstaculo
463 1451 625 1492 nubis
668 1449 1002 1500 includitur3
1046 1449 1123 1490 sic
1168 1448 1324 1490 homo
1367 1447 1490 1498 ille⁷
1535 1462 1688 1500 quem

124 1524 265 1566 Deus
303 1523 505 1574 induit,
546 1521 713 1563 Deum
748 1521 802 1562 in
843 1520 1058 1562 homine
1097 1534 1201 1562 non
1240 1519 1564 1572 intercepit,
1598 1517 1689 1560 sed

123 1594 425 1637 abscondit.

560 1898 1038 1977 DisrurArro
1080 1927 1258 1975 XXVI.

885 2035 931 2058 DE.

535 2110 859 2179 Officio
928 2109 1278 2178 Christi.

421 2238 621 2281 Praeside
648 2238 700 2280 D.
730 2237 758 2280 J
762 2236 1011 2281 OHANNE
1041 2236 1412 2279 POLYANDRO.

523 2329 799 2380 Respondente
827 2328 1064 2368 NICOLAO
1093 2328 1297 2368 REUSIO.

783 2435 972 2477 Tnnsrs
1009 2435 1042 2477 I.

286 2541 377 2568 Mms
422 2526 472 2567 de
514 2525 616 2568 Jesu
659 2524 828 2567 Christo
868 2525 1102 2578 disputatio
1140 2525 1185 2566 in
1223 2525 1385 2566 duabus
1424 2523 1695 2578 potissimum

172 2535 265 2643 O
288 2596 609 2650 quaestionibus
651 2596 794 2649 posita
838 2598 914 2648 est,
959 2611 1139 2649 quarum
1183 2596 1302 2649 prior
1345 2598 1408 2637 est
1447 2595 1497 2637 de
1536 2594 1695 2637 Christi

100 2676 102 2678 ’
133 2684 328 2724 persona,
367 2683 474 2721 quae
511 2667 753 2720 nuperrime
789 2667 872 2708 fuit
900 2667 1085 2721 agitata;
1116 2666 1329 2720 posterior
1357 2666 1407 2708 de
1436 2665 1571 2718 ipsius
1601 2664 1695 2706 offi-

136 2742 213 2793 cio,
245 2755 373 2795 quam
399 2754 511 2781 nunc
540 2738 859 2792 explicabimus.

187 2811 242 2854 II.
268 2811 465 2854 Officium
491 2810 646 2852 Christi
670 2810 895 2863 dupliciter
919 2809 1177 2852 considerari
1200 2808 1335 2860 debet,
1361 2810 1435 2850 aut
1459 2809 1696 2862 generatim

135 2885 178 2925 et
205 2883 414 2935 universe,
444 2881 674 2924 secundum
702 2882 911 2923 rationem
940 2881 1084 2932 totius
1113 2882 1186 2921 aut
1210 2879 1442 2932 sigillatim,
1467 2879 1696 2921 secundum

136 2954 346 2997 rationem
386 2955 588 3007 cujusque
618 2952 764 3006 partis.
795 2952 840 2995 Si
867 2952 1062 2994 universe
1092 2950 1392 3001 consideretur,
1422 2953 1485 2993 est
1512 2950 1694 3003 unicum,
