1931 3224
231 159 307 199 200
814 155 1054 197 DISPUTATIO
1086 152 1200 195 XXI.

231 280 543 331 Hebdomadae,
581 279 680 322 Joh.
719 280 782 332 20,
822 279 856 320 1.
895 277 998 320 Mat.
1038 279 1100 331 28,
1141 279 1177 319 1.
1218 277 1350 320 Marc.
1392 279 1455 332 16,
1496 279 1532 322 1.
1562 281 1598 322 2.
1628 281 1666 322 9.
1695 280 1793 324 Luc.

230 353 292 403 24,
310 352 344 392 1.
361 353 398 393 2.
429 366 595 404 quaque
624 366 667 393 se
696 351 835 392 vivum
861 349 1121 401 mulieribus,
1148 349 1363 404 discipulis
1386 349 1692 404 Apostolisque
1716 367 1796 405 pu-

230 423 337 464 blice
366 422 570 474 exhibuit,
600 421 697 463 Luc.
727 421 789 473 24,
822 421 883 462 24.
914 420 1014 462 Joh.
1045 421 1108 472 20,
1139 421 1200 461 19.
1229 421 1312 473 26.)
1341 421 1543 475 Apostoli
1573 422 1626 464 ad
1653 422 1794 476 publi-

231 509 325 535 cum
380 496 632 535 conventum
678 494 947 546 usurparunt,
994 491 1090 533 Act.
1128 492 1191 543 20,
1231 492 1279 543 7.‚
1319 494 1362 532 et
1411 495 1610 535 consueto
1651 494 1794 536 obser-

230 565 412 606 vandum
445 565 707 615 ordinarunt,
738 564 759 604 1
791 562 883 604 Cor.
915 563 976 615 16,
1009 563 1044 614 1,
1069 563 1119 614 2.,
1148 562 1222 604 ubi
1265 563 1377 605 κατὰ
1415 563 1514 614 μίαν
1546 554 1792 616 ἀκββοέτων,

230 636 511 687 distributive,
544 650 635 689 pro,
665 650 740 688 per
768 634 952 688 primam
979 635 1182 687 cujusque
1211 633 1420 676 Sabbathi
1449 634 1669 688 accipitur.
1701 633 1792 684 Quo

230 707 443 748 ordinaria
481 709 522 747 et
558 706 759 747 continua
787 708 828 747 et
859 705 1005 747 eadem
1032 719 1252 747 recurrens
1281 705 1444 759 priscae
1474 705 1690 748 Ecclesiae
1719 706 1794 749 ob-

228 778 411 819 servatio
441 777 713 830 significatur.

281 848 390 890 LIII.
441 848 565 890 Unde
603 850 644 889 et
680 848 750 889 hic
788 848 875 890 dies
916 848 1093 890 relative
1130 864 1216 891 non
1255 848 1389 902 Κυρίου
1431 851 1613 902 tantum,
1652 850 1725 892 sed
1753 841 1796 892 et

229 920 539 961 denominative
592 934 687 960 cum
730 920 910 961 articulo
956 920 977 967 ἡ
1019 922 1179 974 nuptam}
1222 922 1351 975 ἡμέρα
1383 921 1596 965 nominari
1640 922 1794 974 coepit,
1866 922 1870 924 ’

226 991 360 1044 Apoc.
404 992 436 1042 1,
474 991 546 1042 10.,
582 1005 732 1043 nempe
760 1005 846 1032 non
876 991 1024 1044 solum,
1056 993 1170 1045 quod
1200 1007 1248 1035 eo
1277 993 1556 1036 resurrexerit
1585 992 1794 1035 Dominus

229 1063 270 1101 et
310 1060 454 1102 vivum
495 1075 537 1102 se
576 1060 780 1113 exhibuit,
823 1062 896 1103 sed
935 1062 1065 1104 etiam
1103 1064 1218 1116 quod
1255 1065 1292 1105 ei
1329 1066 1403 1118 rei,
1440 1066 1526 1107 imo
1564 1064 1796 1106 universim

229 1130 426 1182 Domino,
456 1131 541 1172 imo
572 1147 595 1172 a
624 1131 809 1174 Domino
839 1136 1027 1175 sacratus
1046 1134 1358 1189 vdedicatusque
1388 1139 1508 1179 esset.
1539 1136 1729 1186 Qualiter
1753 1139 1796 1178 et

230 1217 359 1244 coena
400 1202 573 1245 Domini
614 1204 765 1246 δεῖπνον
812 1206 998 1258 κυριακὸν,
1044 1207 1064 1264 1
1111 1205 1204 1248 Cor.
1250 1208 1311 1261 11,
1356 1210 1419 1251 20.
1459 1209 1712 1263 appellatur,
1753 1210 1796 1250 et

229 1275 345 1316 locus
384 1277 613 1316 conventus
650 1276 810 1328 κυριακὴ
848 1278 889 1317 et
924 1278 1112 1331 precatio
1152 1279 1336 1321 solennis
1380 1281 1540 1334 κυριακὴ
1587 1280 1700 1334 εὐχή,
1747 1282 1796 1323 ut

230 1345 333 1387 scite
371 1346 556 1387 declarat
587 1346 867 1400 Augustinus,
898 1348 948 1390 de
977 1349 1116 1391 verbis
1145 1349 1299 1404 Apost.
1329 1365 1451 1393 serm.
1483 1351 1544 1394 15.
1576 1351 1622 1394 Si
1651 1354 1794 1395 autem

229 1416 502 1477 Apostolicae
529 1418 824 1471 institutio-nis,
856 1419 1022 1462 divinae
1051 1435 1220 1474 quoque
1249 1421 1378 1464 fuerit
1406 1423 1688 1465 auctoritatis.

281 1487 388 1529 LIV.
427 1487 576 1530 Fidem
606 1490 734 1531 etiam
761 1490 866 1532 facit
893 1494 1102 1544 perpetua
1128 1493 1499 1547 testificatio,
1530 1495 1715 1548 praxis
1745 1497 1797 1537 et

228 1573 372 1611 usus,
407 1560 496 1612 jam
533 1560 630 1602 inde
667 1561 720 1603 ab
758 1561 882 1603 initio
924 1562 1138 1605 Ecclesiae
1168 1563 1249 1606 Dei
1278 1565 1518 1618 priscorum
1546 1567 1720 1619 patrum
1747 1567 1797 1608 ut

228 1633 410 1672 testatur
446 1631 657 1685 Euseb.,
694 1632 807 1675 Hist.
847 1633 944 1675 eccl.
973 1633 1065 1676 Lib.
1096 1635 1132 1676 3.
1164 1649 1251 1690 cap.
1279 1636 1343 1677 21.
1370 1635 1644 1690 IgnatiUS,
1671 1635 1795 1690 epist.

228 1702 280 1743 ad
316 1701 504 1755 Magnes.
544 1705 585 1744 et
623 1703 750 1745 Trall.
789 1703 916 1757 (quae
953 1704 1140 1748 Eusebio
1180 1708 1221 1748 et
1260 1706 1437 1749 Hieron.
1467 1708 1556 1759 ejns
1586 1708 1795 1761 genuinae

228 1773 467 1827 censentur)
505 1774 700 1817 Justin.
741 1775 786 1816 in
823 1776 1009 1830 Apolog.
1048 1778 1084 1819 2.
1124 1776 1348 1831 Dionys.
1381 1777 1621 1821 Corinth.
1650 1778 1794 1832 Episc.

228 1844 341 1897 apud
368 1844 523 1887 Euseb.
552 1844 642 1887 Lib.
670 1846 708 1887 4.
738 1861 827 1900 cap.
858 1848 919 1888 22.
951 1847 1186 1902 Theoph.
1216 1848 1469 1890 Antioch.
1497 1848 1542 1890 L.
1572 1849 1608 1890 1.
1639 1849 1689 1891 de
1716 1849 1795 1891 Al-

227 1915 359 1969 legor.
389 1917 434 1958 in
461 1916 565 1958 Mat.
594 1917 786 1960 Melito
817 1919 930 1973 apud
958 1918 1113 1961 Euseb.
1143 1919 1234 1961 Lib.
1261 1920 1299 1962 4.
1331 1935 1421 1974 cap.
1447 1921 1510 1962 25.
1534 1919 1794 1964 Irenaeus

228 1987 341 2040 apud
377 1987 531 2030 Euseb.
571 1988 660 2030 Lib.
701 1990 737 2031 5.
775 2003 865 2043 cap.
904 1990 968 2032 24.
999 1989 1240 2032 Clemens
1269 1990 1419 2032 Alex.
1449 1990 1606 2033 Strom.
1636 1991 1728 2034 Lib.
1757 1992 1794 2034 7.

230 2058 372 2112 Orig.
416 2059 460 2101 in
504 2060 566 2102 15.
611 2075 702 2114 cap.
744 2061 879 2104 Exod.
923 2061 1050 2104 Hom.
1088 2062 1125 2104 3.
1165 2063 1208 2103 et
1245 2061 1336 2103 Lib.
1374 2062 1410 2103 8.
1438 2065 1586 2104 contra
1615 2062 1794 2105 Celsum.

229 2129 434 2172 Tertul.
473 2132 522 2173 de
557 2131 708 2174 Coron.
738 2133 824 2174 mil.
856 2131 1008 2186 Cypr.
1039 2133 1161 2186 epist.
1191 2133 1254 2173 33.
1286 2135 1327 2174 et
1355 2132 1432 2185 59„
1464 2133 1632 2186 aliique.
1660 2133 1795 2176 Acce-

228 2199 289 2241 dit
326 2201 393 2242 lex
430 2201 480 2242 de
519 2216 567 2243 eo
606 2202 693 2244 lata
731 2202 948 2245 Constant.
985 2202 1093 2256 hnp.
1131 2203 1244 2257 apud
1281 2203 1435 2245 Euseb.
1474 2203 1565 2246 Lib.
1603 2204 1642 2246 4.
1680 2204 1795 2247 vitae

229 2270 329 2322 ejus,
360 2273 402 2312 et
432 2271 596 2315 Sozom.
627 2272 717 2315 Lib.
749 2275 786 2315 1.
816 2288 905 2329 cap.
935 2275 972 2316 8.
1003 2289 1050 2316 ac
1077 2274 1340 2327 reliquorum
1369 2275 1683 2318 succedentium
1709 2275 1794 2318 lm·-

227 2343 485 2393 peratorum,
515 2345 562 2383 ut
591 2343 734 2385 videre
764 2347 827 2386 est
856 2343 898 2386 C.
929 2344 979 2386 de
1007 2343 1154 2386 Feriis.

280 2410 366 2454 LV.
396 2412 475 2454 Est
513 2428 615 2467 ergo
653 2414 724 2457 hic
752 2415 852 2466 dies,
884 2415 964 2457 etsi
988 2415 1264 2469 Apostolicae
1287 2417 1571 2460 institutionis
1594 2432 1793 2471 ususque,

226 2497 312 2524 non
348 2485 492 2525 tamen
529 2485 590 2526 ita
628 2486 680 2527 in
717 2501 769 2528 se
808 2488 851 2528 et
886 2501 980 2540 per
1019 2502 1071 2528 se
1108 2491 1351 2541 sanctus,
1382 2490 1502 2542 quasi
1530 2489 1792 2544 mysterium,

228 2553 409 2607 figuram
436 2558 478 2596 et
507 2556 747 2610 symbolum
776 2560 969 2600 sanctum
996 2559 1165 2611 habeat,
1195 2563 1269 2602 aut
1296 2575 1409 2614 pars,
1437 2563 1511 2602 aut
1538 2561 1795 2603 instrumen-
1843 2579 1846 2582 ⁴

226 2626 319 2666 tum
365 2626 537 2679 pietatis
584 2643 661 2681 per
708 2644 752 2671 se
799 2629 866 2681 sit,
915 2629 981 2682 (ut
1018 2630 1063 2672 in
1107 2630 1203 2673 Vet.
1244 2632 1358 2674 Test.
1396 2631 1650 2674 nominatim
1686 2632 1793 2675 Sab-

227 2694 347 2736 bathi
387 2696 492 2750 dies)
531 2699 604 2740 sed
640 2701 809 2741 tantum
847 2701 1077 2743 secundum
1115 2701 1402 2745 Christianam
1440 2703 1694 2755 libertatem,
1726 2718 1792 2746 sa-

230 2765 395 2816 pienter
445 2768 497 2809 ab
549 2769 771 2824 Apostolis
826 2771 1023 2814 definitus
1066 2773 1368 2828 ordinatusque
1411 2777 1486 2827 est,
1531 2774 1792 2829 disciplinae,

232 2835 390 2878 ordinis
414 2840 455 2879 et
483 2840 658 2892 politiae
687 2842 837 2895 gratia,
864 2842 1130 2897 directusque
1159 2847 1206 2886 ut
1235 2845 1472 2888 subserviat
1498 2845 1651 2900 pietati
1674 2860 1794 2889 sanc-

229 2906 441 2959 titatique.
476 2910 618 2963 Atque
643 2927 739 2954 cum
762 2913 842 2956 hac
867 2913 1220 2958 determinatione
1247 2919 1441 2959 constare
1466 2919 1609 2970 potest
1631 2917 1793 2961 dierum

232 2977 342 3019 inter
372 2993 414 3020 se
444 2982 688 3034 aequalitas,
717 2983 840 3026 Rom.
872 2985 934 3037 14,
963 2986 999 3027 5.
1030 2985 1120 3028 Gal.
1148 2987 1187 3039 4,
1216 2987 1280 3030 10.
1310 2987 1398 3031 Col.
1428 2989 1464 3041 2,
1497 2988 1558 3030 16.
