1931 3224
244 160 320 201 120
846 152 1087 194 DISPUTATIO
1117 149 1210 192 XV.

244 282 440 336 ginaliter
478 282 718 334 peccarunt,
755 293 803 319 ac
838 291 913 332 per
951 274 1138 328 ejusdem
1165 276 1343 315 naturae
1371 271 1548 313 vitiatae
1578 285 1793 325 propaga-

243 354 401 393 tionem
439 350 651 393 communi
685 350 753 390 lue
781 350 880 389 sunt
908 344 1195 396 contaminati,
1227 343 1286 384 sic
1313 342 1500 395 ejusdem
1529 341 1716 384 criminis
1746 357 1794 384 ac

243 423 392 464 mortis
420 422 480 463 rei
509 423 607 462 sunt
637 417 868 469 constituti,
897 417 1020 458 Rom.
1049 416 1086 466 5,
1117 415 1178 456 12.

296 493 402 535 XLI.
437 493 670 544 Utrumque
698 489 867 531 interim
895 489 1116 541 parentem
1143 500 1220 539 per
1248 485 1374 526 fidem
1401 484 1446 525 in
1473 483 1501 526 ]
1505 499 1622 526 esum
1651 499 1794 527 semen

244 564 430 606 mulieris
471 563 737 617 promissum,
781 559 871 601 Deo
912 558 1041 599 fuisse
1082 555 1413 607 reconciliatum,
1458 570 1506 597 ac
1542 555 1795 610 participem

242 637 399 676 factum
428 633 575 675 salutis
604 634 811 682 aeternae,
839 642 1077 671 asseverare
1105 642 1191 669 non
1220 625 1474 668 dubitamus.

875 849 1154 856 c———ss

702 1019 1175 1069 DISPUTA'I'IO
1219 1019 1334 1066 XV.

991 1127 1038 1149 DE

514 1206 926 1271 Peccato
1004 1173 1520 1289 Originali

606 1330 803 1372 Praeside
831 1329 883 1371 D.
912 1328 1160 1371 ANDREA
1188 1328 1419 1372 RIVETO.

552 1422 826 1472 Respondente
856 1420 1159 1459 ABRAHAMO
1189 1421 1236 1458 ab
1266 1420 1489 1459 ELDERE.

889 1525 1075 1567 Tamis
1117 1525 1149 1567 I.

394 1632 501 1659 OMINI
528 1617 573 1658 in
604 1615 815 1658 creatione
845 1614 1002 1667 duplex
1029 1614 1120 1656 vita
1148 1628 1173 1656 a
1202 1613 1292 1657 Deo
1319 1615 1419 1657 data
1432 1615 1527 1666 fuit,
1544 1615 1739 1658 animalis
1756 1617 1798 1657 et

265 1629 648 1742 Hspiritualis:
685 1687 769 1739 illa,
809 1685 851 1727 in
891 1686 1056 1729 animae
1095 1688 1137 1728 et
1174 1687 1367 1740 corporis
1395 1686 1552 1729 unione
1582 1687 1665 1729 sita
1692 1686 1795 1737 fuit3

240 1763 356 1812 haec,
393 1762 436 1802 in
474 1758 786 1812 conjunctione·
805 1757 970 1799 animae
1008 1772 1104 1799 cum
1142 1757 1234 1800 Deo
1269 1758 1422 1811 opifice
1450 1773 1541 1800 suo.
1569 1757 1632 1801 Ut
1659 1757 1799 1812 prima

243 1832 452 1874 amittitur
501 1845 576 1884 per
619 1830 932 1883 separationem
974 1827 1144 1871 unionis
1186 1828 1303 1871 illius
1343 1829 1568 1881 naturalis,
1619 1829 1681 1871 sic
1721 1843 1798 1883 per

243 1903 540 1945 alienationem
579 1901 763 1943 hominis
807 1915 830 1942 a
871 1900 976 1953 Deo,
1022 1902 1191 1942 secutus
1223 1902 1286 1942 est
1322 1900 1559 1955 spiritualis
1586 1900 1798 1943 interitus.

244 1977 335 2024 Qua
377 1973 608 2015 defectione
650 1972 685 2013 si
726 1972 910 2024 reliquas
954 1972 1083 2014 etiam
1125 1974 1340 2014 creaturas
1375 1972 1438 2014 ita
1474 1987 1647 2026 pessum
1684 1972 1800 2015 dedit

242 2046 390 2097 Adam,
428 2047 475 2085 ut
512 2046 739 2097 propterea
766 2043 1055 2086 maledictioni
1082 2043 1219 2086 factae
1248 2043 1408 2086 fuerint
1437 2043 1660 2097 obnoxiae,
1690 2043 1799 2086 nihil

243 2133 266 2157 a
294 2116 458 2157 ratione
487 2115 668 2157 alienum
697 2117 772 2167 est,
803 2114 839 2156 si
868 2115 920 2156 ad
948 2117 1087 2157 totam
1117 2116 1207 2168 ejus
1237 2114 1428 2157 sobolem
1458 2114 1514 2156 sit
1542 2117 1798 2169 propagata,

244 2203 348 2241 quae
385 2187 549 2240 peccati
585 2187 710 2239 hujus
748 2201 824 2240 per
862 2186 975 2239 quod
1001 2201 1116 2229 mors
1143 2187 1322 2229 intravit
1348 2187 1393 2228 in
1421 2186 1637 2239 mundum,
1665 2186 1800 2241 parti-

243 2273 339 2311 ceps
389 2258 514 2309 facta,
567 2257 644 2298 sub
693 2257 806 2298 illius
850 2258 1118 2300 deformitate
1163 2260 1206 2300 et
1233 2260 1356 2300 reatu
1398 2272 1602 2312 oppressa
1642 2260 1800 2310 manet,

243 2329 373 2370 donec
403 2329 454 2370 ab
484 2328 568 2370 alio
596 2328 811 2370 liberetur.

296 2400 348 2442 II.
391 2400 623 2452 Postquam
660 2400 794 2454 igitur
833 2403 975 2443 actum
1005 2403 1068 2443 est
1097 2401 1147 2443 de
1175 2402 1316 2455 primo
1345 2401 1418 2443 illo
1446 2403 1621 2457 peccato
1649 2417 1797 2454 πρωτο-

243 2470 445 2519 πλοέσ.ων,
490 2470 678 2523 postulat
721 2470 910 2513 methodi
951 2473 1076 2523 ratio,
1114 2474 1163 2514 ut
1201 2472 1252 2514 de
1281 2487 1330 2515 eo
1361 2473 1476 2526 quod
1503 2487 1529 2514 a
1556 2472 1696 2527 primo
1725 2471 1798 2514 illo

243 2541 481 2583 immediate
520 2542 729 2595 originem
768 2542 894 2595 ducit,
937 2546 979 2585 et
1006 2543 1058 2585 ad
1086 2545 1282 2597 posteros
1310 2546 1599 2599 propagatum
1629 2546 1703 2596 est,
1734 2544 1799 2585 in—

245 2613 445 2654 stituatur
482 2613 727 2667 disputatio.
765 2614 887 2663 Quod
914 2617 962 2656 ut
991 2615 1137 2657 ordine
1165 2615 1253 2667 fiat,
1283 2630 1338 2657 an
1366 2615 1422 2657 sit
1449 2615 1535 2657 tale
1564 2617 1798 2669 peccatum,

244 2682 365 2723 nobis
395 2683 473 2724 erit
502 2684 640 2737 primo
671 2684 1001 2737 disquirendum.
1030 2686 1067 2727 2.
1100 2685 1212 2735 Quid
1241 2685 1326 2728 sit?
1354 2685 1428 2728 ubi
1457 2685 1507 2728 de
1537 2686 1673 2729 causis
1697 2687 1798 2740 ejus,

245 2752 443 2804 subjectis
473 2757 513 2796 et
542 2755 712 2807 effectis,
742 2756 964 2809 sigillatim
995 2757 1076 2798 erit
1103 2757 1326 2810 agendum.

297 2822 370 2864 ΙΙΙ.
400 2824 448 2865 Id
478 2840 525 2867 eo
552 2827 785 2869 accuratius
810 2828 933 2870 nobis
956 2828 1208 2880 faciendum,
1241 2828 1380 2881 quod
1408 2828 1462 2870 in
1492 2843 1651 2870 causa
1680 2828 1800 2870 duo-

246 2908 355 2934 rum
402 2894 692 2949 hominum,
731 2898 876 2940 Adae
914 2898 1181 2941 videlicet
1218 2901 1268 2940 et
1305 2898 1536 2951 Christi,
1576 2913 1800 2952 quorum

246 2977 337 3015 per
376 2964 607 3006 alterum
643 2968 941 3010 venundati
978 2983 1155 3010 sumus
1196 2970 1290 3011 sub
1328 2973 1572 3023 peccato,
1611 2985 1705 3024 per
1732 2970 1800 3012 al-
