1931 3224
609 113 672 155 Dm
702 112 743 156 S.
772 113 926 157 SANCTA
954 112 1183 156 TRINITATE.
1623 111 1675 152 63

118 237 356 288 collatione,
381 236 495 279 Esai.
531 238 579 291 6,
607 238 644 279 8.
675 240 715 279 et
743 238 838 279 Act.
862 239 928 290 28,
956 239 1018 280 25.
1048 237 1235 280 Nomina
1263 250 1362 278 vero
1393 235 1547 286 Patris,
1576 234 1676 276 Filii

118 309 169 351 et‘
196 308 380 363 Spiritus
417 307 459 351 S.
495 322 581 350 non
616 308 698 350 nisi
725 323 1003 363 personarum
1032 307 1353 351 subsistentium
1381 309 1491 357 sunt,
1520 304 1674 348 Matth.

112 376 180 432 28,
211 381 272 423 19.

169 450 306 493 XVII.
336 451 538 494 Actiones
566 453 808 506 personales
834 456 944 504 sunt,
970 444 1096 494 alicui
1122 467 1340 506 apparere,
1370 465 1529 504 suoque
1558 464 1676 492 man—

118 522 217 565 dato
256 525 413 565 certum
454 538 605 565 munus
642 524 875 577 injungere,
915 539 1057 565 semen
1097 523 1296 565 Abrahae
1326 536 1551 570 assumere,
1582 536 1676 575 spe-

117 594 223 636 ciem
252 594 470 636 columbae
498 594 693 645 induere;
725 610 905 648 quorum
934 595 1118 648 primum
1149 594 1262 636 Esai.
1289 594 1326 643 6,
1351 594 1387 635 8.
1405 593 1675 647 descriptum,

116 667 158 706 et
196 664 319 716 Filio,
357 664 456 707 Joh.
497 666 558 718 12,
599 667 659 707 14.
701 668 741 707 et
779 665 961 719 Spiritui
998 665 1038 708 S.
1078 665 1173 707 Act.
1201 666 1265 716 28,
1294 666 1358 707 25.
1390 665 1568 706 alterum
1597 663 1677 705 soli

116 735 239 788 Filio,
290 735 400 779 Heb.
452 737 605 789 2,,16.
649 737 825 778 tertium
876 737 955 779 soli
997 736 1178 790 Spiritui
1222 736 1378 779 Sancto
1423 737 1674 790 assignatur,

116 805 272 848 Matth.
314 807 352 859 3,
396 808 458 849 16.

167 876 325 920 XVIII.
377 877 628 931 Secundum,
681 879 795 932 quod
846 880 889 920 in
940 894 1144 935 personae
1186 880 1350 922 divinae
1393 879 1675 935 descriptione

114 950 347 1004 posuimus,
386 952 460 1002 est,
501 965 594 992 eam
632 965 722 992 esse
756 950 1067 1007 intelligentem
1096 966 1143 993 ac
1170 951 1346 1006 proinde
1375 951 1599 993 volentem.
1628 949 1676 991 Id

114 1021 246 1073 Patri,
300 1020 410 1063 Filio
461 1024 502 1063 et
545 1020 725 1075 Spiritui
766 1020 808 1064 S.
849 1010 1082 1075 aequaliter
1119 1022 1355 1074 convenire,
1393 1021 1493 1064 hinc
1529 1021 1676 1074 liquet,

115 1093 229 1146 quod
257 1092 391 1135 Filius
421 1096 462 1135 et
491 1092 677 1147 Spiritus
706 1092 747 1136 S.
776 1093 924 1135 iisdem
954 1094 1200 1147 sapientiae,
1230 1094 1441 1145 scientiae,
1470 1093 1675 1145 veritatis,

115 1164 280 1207 consilii
302 1179 350 1207 ac
371 1164 628 1218 beneplaciti
652 1164 813 1218 elogiis,
839 1165 991 1217 quibus
1007 1164 1148 1216 Pater,
1164 1165 1209 1206 in
1227 1179 1344 1207 sacro
1363 1164 1504 1207 codice
1519 1165 1676 1219 passim

114 1238 328 1289 ornentur,
366 1239 414 1278 ut
442 1235 566 1278 Prov.
596 1236 633 1278 8.
662 1236 733 1278 Es.
764 1237 826 1288 12,
857 1237 892 1278 2.
923 1235 1021 1278 Joh.
1051 1237 1114 1287 14,
1144 1237 1206 1278 17.
1237 1237 1258 1278 1
1290 1236 1383 1279 Cor.
1412 1238 1475 1297 12,
1505 1237 1567 1278 11.
1599 1240 1675 1279 etc.

166 1306 281 1349 XIX.
321 1307 514 1350 Tertium
551 1307 596 1349 in
635 1323 839 1363 personae
869 1308 1035 1350 divinae
1064 1307 1309 1350 definitione
1337 1294 1572 1350 notandum
1601 1311 1675 1360 est,

117 1392 209 1420 eam
260 1379 524 1433 proprietate
569 1379 957 1422 incommunicabili
999 1380 1051 1421 ab
1094 1379 1187 1421 aliis
1230 1380 1433 1433 personis,
1478 1379 1530 1422 ad
1573 1395 1676 1433 quas

114 1449 309 1502 refertur,
347 1450 519 1493 realiter
559 1465 648 1493 esse
687 1451 942 1493 distinctam.
982 1450 1104 1500 Quod
1141 1451 1190 1493 de
1227 1451 1418 1504 qualibet
1455 1450 1677 1493 Trinitatis

114 1536 294 1575 persona
346 1537 442 1564 vere
496 1522 589 1574 dici,
633 1523 811 1564 relativa
852 1522 1025 1564 nomina
1067 1522 1219 1575 Patris,
1264 1521 1363 1564 Filii
1407 1524 1448 1564 et
1490 1521 1675 1576 Spiritus

114 1592 261 1635 Sancti
291 1593 520 1635 declarant.

169 1663 263 1706 XX.
293 1664 559 1717 Quamquam
587 1665 700 1706 enim
729 1664 896 1707 divinae
924 1679 1128 1720 personae
1154 1665 1206 1706 ab
1230 1665 1426 1707 humanis
1451 1666 1494 1706 in
1520 1679 1568 1708 eo
1594 1665 1676 1707 dif-

114 1735 269 1789 ferunt,
295 1736 408 1788 quod
436 1736 588 1777 harum
617 1751 701 1777 una
728 1751 815 1778 non
843 1736 898 1778 sit
928 1737 971 1777 in
996 1736 1141 1787 altera,
1171 1736 1270 1778 illae
1299 1751 1398 1778 vero
1429 1736 1512 1777 sint
1543 1736 1675 1778 ἐνυπά-

116 1823 271 1859 στκτοι,
312 1807 356 1848 id
400 1809 475 1859 est,
519 1807 562 1848 in
603 1822 646 1849 se
684 1807 864 1849 invicem
902 1807 1165 1860 exsistentes,
1203 1810 1313 1849 teste
1351 1807 1533 1859 Christo,
1576 1807 1676 1850 Joh.

116 1879 178 1931 14,
218 1879 280 1920 11.
319 1877 542 1920 Credite
580 1879 734 1931 mihi,
771 1894 848 1921 me
886 1879 938 1921 in
977 1879 1141 1921 Patre
1180 1882 1230 1921 et
1268 1879 1485 1921 Patrem
1519 1879 1572 1920 in
1599 1894 1676 1921 me

117 1965 252 2002 esse,
290 1965 377 1992 non
414 1951 504 1992 sola
540 1952 683 1992 tamen
722 1950 901 2002 ratione,
941 1950 1014 1992 sed
1052 1965 1097 1992 re
1134 1950 1227 2004 ipsa
1253 1950 1364 1992 inter
1394 1966 1437 1992 se
1466 1954 1563 1992 sunt
1592 1951 1675 1992 dis-

115 2020 286 2073 tinctae,
316 2023 364 2062 ut
392 2036 476 2063 una
506 2036 650 2063 earum
678 2036 765 2063 non
795 2021 850 2063 sit
879 2022 1024 2073 altera,
1054 2036 1130 2063 nec
1160 2036 1247 2063 esse
1276 2022 1425 2075 possit.

169 2091 284 2134 XXI.
313 2090 455 2134 Notae
485 2092 638 2145 quibus
665 2092 746 2134 hae
774 2107 982 2146 personae
1011 2092 1177 2134 divinae
1202 2093 1312 2134 inter
1338 2107 1380 2134 se
1406 2092 1675 2146 distinguun-

115 2166 199 2215 tur,
242 2166 315 2205 aut
358 2166 456 2206 sunt
497 2164 701 2216 internae,
745 2166 818 2206 aut
858 2166 1067 2206 externae.
1106 2163 1209 2206 Illae
1247 2179 1298 2206 ex
1335 2164 1471 2206 tribus
1501 2163 1674 2206 diversis

116 2235 454 2289 proprietatibus
493 2234 858 2288 characteristicis,
889 2249 1019 2289 opera
1048 2250 1192 2277 earum
1222 2235 1274 2276 ad
1302 2235 1414 2277 intra
1444 2237 1675 2277 connotan-

116 2307 245 2359 tibus,
275 2308 601 2360 cognoscuntur.

171 2377 307 2420 XXII.
336 2377 499 2419 Harum
527 2378 842 2432 proprietatum
870 2379 1009 2432 prima
1040 2381 1115 2431 est,
1146 2379 1259 2432 quod
1290 2378 1419 2420 Pater
1446 2379 1673 2432 ingenitus,
1740 2393 1748 2395 *

117 2449 275 2492 Filium
313 2450 498 2503 ejusdem
534 2450 740 2492 essentiae
774 2451 1156 2493 communicatione
1185 2451 1238 2492 ab
1268 2453 1439 2492 aeterno
1469 2450 1674 2504 genuerit.

119 2521 256 2572 Quam
292 2521 433 2563 Patris
467 2521 789 2575 proprietatem,
820 2521 970 2565 Graeci
1002 2522 1251 2573 dyevvmlxv,
1289 2537 1366 2564 nos
1402 2522 1541 2563 minus
1578 2523 1675 2576 apte

115 2593 492 2635 innascibilitatem
521 2593 798 2646 appellamus.
1063 2641 1065 2643 ¹

171 2664 328 2707 XXIII.
371 2664 562 2707 Secunda
605 2667 678 2717 est,
724 2665 837 2718 quod
877 2664 1011 2707 Filius
1054 2681 1078 2707 a
1114 2664 1243 2706 Patre
1281 2664 1461 2717 genitus,
1501 2663 1675 2705 eandem

121 2752 216 2778 cum
251 2737 379 2780 Patre
419 2737 646 2780 essentiam
681 2736 1018 2790 participaverit.
1058 2735 1195 2785 Quam
1234 2735 1440 2777 secundae
1468 2749 1674 2788 personae

119 2809 442 2862 proprietatem,
484 2807 634 2850 Graeci
689 2807 888 2859 γενέσεως,
941 2823 1018 2850 nos
1054 2807 1292 2849 nativitatis
1327 2807 1498 2848 nomine
1535 2806 1675 2860 expri-

120 2894 285 2922 mimus.

120 2972 124 2974 ·
173 2938 331 2993 XXIV.
370 2950 516 2994 Tertia
549 2952 624 3004 est,
653 2950 766 3004 quod
795 2950 981 3004 Spiritus
1010 2949 1051 2992 S.
1081 2965 1105 2991 a
1132 2949 1260 2992 Patre
1289 2951 1332 2991 et
1359 2948 1468 2991 Filio
1498 2950 1674 2991 emanet.
