1931 3224
241 139 319 181 266
791 136 1032 179 DISPUTATIO
1060 135 1238 178 XXVII.

241 264 430 316 geretur3
470 262 535 302 cui
574 261 713 313 etiam,
752 261 813 302 ita
850 260 1100 313 providente
1139 259 1244 311 Deo,
1283 259 1476 314 sigillum
1515 262 1794 316 custodesque

241 334 412 375 fuerunt
454 332 655 385 appositi,
699 332 851 385 quibus
892 331 1183 384 imprudenter
1227 331 1384 384 hostes,
1425 334 1467 374 et
1504 332 1614 375 nihil
1650 335 1795 376 tamen

241 404 489 457 cogitantes,
534 402 854 445 resurrectionis
897 404 985 455 ejus
1027 402 1252 444 veritatem
1295 403 1588 457 obsignarunt,
1631 405 1796 460 ingenti

242 490 342 518 saxo
381 475 433 516 ad
471 475 693 528 speluncae
732 489 777 515 os
814 473 1030 525 advoluto,
1071 488 1155 526 quo
1186 473 1312 515 simul
1341 474 1574 518 calumniae
1603 491 1649 519 os
1675 477 1796 520 obtu-

240 549 380 587 ratum
410 548 484 587 est.

293 617 407 658 XIV.
446 616 542 658 Huc
580 617 777 669 pertinet,
817 616 930 668 quod
968 616 1136 658 conscio
1175 619 1216 658 et
1256 618 1509 660 concedente
1545 619 1686 662 Pilato
1715 607 1823 664 fuit

240 689 372 738 facta;
411 690 459 729 ut
487 688 537 729 de
565 703 663 729 vera
693 689 781 740 ejus
810 689 948 729 morte
978 688 1139 742 ambigi
1168 703 1255 730 non
1282 689 1431 743 possit,
1464 705 1560 732 cum
1588 692 1677 745 ejus
1708 707 1797 734 cer-

240 761 378 803 titudo
420 760 581 802 sancita
617 759 746 800 fuerit
783 759 954 812 publico
990 759 1144 812 judicis
1186 761 1445 814 testimonio,
1486 766 1583 816 post
1619 763 1798 816 inquisi-

239 833 399 873 tionem
437 846 460 871 a
498 831 742 873 centurione
780 828 949 872 factam.
990 830 1088 872 Ideo
1127 831 1255 873 etiam
1292 833 1374 874 viri
1399 848 1486 875 non
1525 849 1546 876 e
1584 835 1713 888 vulgo
1744 836 1797 877 ad

241 919 333 945 eam
369 918 470 955 rem,
511 903 653 944 divina
689 901 958 956 providentia
987 902 1270 956 dispensante,
1301 903 1483 945 adhibiti
1510 904 1694 959 fuerunt,
1726 907 1799 959 qui

239 989 324 1016 non
363 974 480 1025 clam,
520 974 591 1015 sed
627 973 780 1026 palam,
820 973 904 1015 hoc
944 972 1132 1016 officium
1169 977 1439 1017 sacrosancto
1480 977 1651 1030 corpori
1680 978 1798 1019 exhi-

239 1047 400 1098 berent,
447 1048 494 1087 ut
530 1046 638 1087 nihil
675 1045 836 1087 fraudis
874 1045 919 1087 in
959 1060 1008 1088 eo
1048 1047 1320 1089 commissum
1355 1047 1484 1089 fuisse
1524 1048 1698 1091 cuilibet
1734 1050 1799 1091 in-

240 1120 490 1160 notesceret.
1078 1123 1081 1126 '

293 1186 387 1228 XV.
425 1187 697 1241 Sepulturam
736 1192 879 1232 secuta
919 1191 983 1230 est
1021 1189 1209 1231 detentio
1250 1189 1442 1243 corporis
1473 1189 1633 1231 Christi
1661 1190 1705 1231 in
1734 1205 1799 1232 se-

241 1260 402 1314 pulcro,
432 1275 566 1313 usque
596 1261 648 1302 ad
676 1261 851 1303 tertium
881 1261 1004 1313 diem,
1034 1275 1118 1314 quo
1150 1263 1344 1314 tempore
1373 1261 1488 1303 velut
1515 1261 1558 1302 in
1587 1263 1802 1315 potestate

242 1347 290 1374 ac
332 1332 508 1374 vinculis
546 1333 696 1374 mortis
736 1335 925 1374 versatus
964 1335 1026 1374 est
1064 1332 1145 1374 Dei
1182 1331 1329 1384 Filius,
1370 1332 1491 1385 quasi
1530 1332 1719 1375 devictus
1755 1336 1797 1375 et

242 1404 446 1446 exanimis
479 1405 637 1457 jacens,
681 1419 776 1446 cum
812 1407 955 1446 tamen
991 1406 1173 1446 mortem
1212 1404 1412 1453 vinceret,
1444 1406 1486 1446 et
1516 1405 1606 1457 ejus
1635 1404 1804 1447 vincula

242 1475 535 1529 disrumperet.
578 1475 656 1517 Est
699 1478 841 1517 autem
883 1475 989 1517 illud
1026 1475 1283 1518 detentionis
1321 1475 1510 1517 triduum
1548 1477 1610 1518 ita
1646 1477 1803 1520 intelli-

241 1547 434 1600 gendum,
473 1562 559 1589 non
594 1547 715 1600 quasi
753 1548 890 1589 tribus
926 1548 1106 1602 integris
1147 1548 1305 1600 diebus,
1345 1550 1386 1589 et
1415 1548 1596 1590 totidem
1623 1548 1803 1602 integris

240 1618 446 1669 noctibus,
484 1618 528 1659 in
565 1619 759 1672 sepulcro
799 1619 1043 1669 mansisset;
1085 1620 1157 1661 sed
1196 1619 1358 1661 duabus
1385 1619 1582 1661 noctibus
1610 1620 1802 1674 integris,

241 1690 399 1732 scilicet
438 1690 520 1732 diei
558 1694 701 1733 sextae
741 1694 782 1733 et
821 1692 1041 1745 septimae,
1081 1694 1122 1733 et
1160 1706 1243 1732 una
1280 1691 1358 1743 die,
1390 1706 1542 1744 nempe
1571 1690 1801 1743 Sabbathi3

241 1777 289 1803 ac
331 1761 508 1815 proinde
550 1777 626 1816 per
669 1762 963 1816 synecdochen
999 1762 1183 1816 intelligi
1220 1762 1383 1815 debere,
1427 1762 1540 1815 quod
1577 1763 1628 1804 de
1664 1763 1802 1816 figura

240 1831 375 1874 Jonae
405 1833 603 1875 scribitur
630 1833 754 1875 Matt.
786 1835 847 1886 12,
877 1835 942 1876 40.
970 1834 1100 1875 fuisse
1129 1832 1331 1874 Filium
1358 1833 1596 1875 hominis
1620 1834 1801 1875 tribus

242 1903 430 1945 diebus
484 1907 531 1946 et
581 1905 763 1947 tribus
814 1905 1071 1947 noctibus
1115 1904 1166 1946 in
1210 1905 1368 1946 corde
1411 1908 1616 1958 terrae,
1659 1905 1802 1948 sicut

241 1974 408 2017 Jonas
443 1975 495 2016 in
532 1978 722 2018 ventre
761 1977 903 2027 ceti;¹
930 1977 1030 2030 quia
1068 1978 1281 2019 extremae
1319 1977 1434 2030 parti
1472 1977 1555 2018 diei
1582 1977 1800 2030 naturalis,

243 2047 475 2089 constantis
527 2048 592 2090 die
644 2051 686 2090 et
728 2051 864 2099 nocte,
916 2049 1121 2091 tribuitur
1172 2063 1328 2090 nomen
1379 2047 1525 2101 totius,
1570 2051 1698 2101 atque
1740 2049 1802 2090 ita

241 2117 490 2171 νυχθήμερον
529 2119 744 2174 integrum
771 2123 941 2162 tantum
968 2120 1013 2162 in
1041 2120 1235 2174 sepulcro
1265 2122 1456 2162 moratus
1487 2122 1550 2162 est
1578 2119 1799 2171 Dominus,

243 2190 438 2232 delibatis
468 2191 646 2233 duorum
674 2193 936 2245 reliquorum
966 2192 1129 2234 dierum
1158 2191 1364 2245 partibus.

295 2260 409 2303 XVI.
449 2261 517 2303 Sic
554 2266 694 2304 actum
724 2266 786 2305 est
816 2264 865 2305 de
894 2264 1105 2316 passione,
1134 2265 1272 2305 morte
1302 2265 1343 2304 et
1372 2262 1592 2316 sepultura
1621 2261 1800 2312 Christi3

243 2333 445 2385 sequitur,
475 2336 523 2375 ut
553 2335 778 2377 eorundem
811 2350 957 2377 causas
984 2336 1247 2388 indagemus.
1277 2333 1495 2375 Passionis
1525 2332 1683 2374 Christi
1711 2332 1801 2375 effi-

243 2404 355 2445 ciens
395 2419 531 2456 causa,
570 2405 636 2446 vel
673 2408 835 2448 remota
873 2409 950 2457 est,
989 2407 1056 2448 vel
1093 2406 1357 2460 propinqua3
1397 2407 1438 2447 et
1476 2405 1580 2446 haec
1617 2404 1800 2457 quidem,

241 2475 307 2516 vel
350 2475 518 2526 directe,
561 2476 626 2517 vel
670 2477 872 2519 indirecte
912 2477 1110 2520 efficiens.
1149 2477 1333 2520 Remota
1369 2478 1431 2518 est
1471 2476 1684 2518 decretum
1720 2474 1801 2518 Dei

242 2548 473 2594 aeternum,
512 2549 598 2589 sive
636 2548 846 2591 ordinatio
886 2550 1037 2602 divina,
1077 2550 1161 2592 hoc
1198 2548 1420 2602 negotium
1459 2548 1511 2589 ab
1542 2549 1712 2588 aeterno
1742 2545 1801 2587 sic

243 2618 470 2673 disponens
509 2622 551 2661 et
588 2634 751 2673 regenS,
792 2621 891 2673 quia
928 2636 1064 2673 neque
1101 2621 1294 2672 fortuito,
1333 2634 1471 2672 neque
1501 2633 1552 2660 ex
1579 2617 1701 2660 fatali
1727 2632 1801 2660 ne-

244 2690 451 2742 cessitate,
491 2691 563 2733 sed
602 2706 651 2733 ex
689 2690 770 2733 Dei
809 2690 949 2733 Patris
980 2693 1148 2735 decreto
1177 2708 1252 2747 per
1279 2692 1392 2734 hunc
1419 2690 1605 2742 modum,
1635 2689 1802 2744 sapien-

242 2761 328 2803 tiae
366 2761 530 2804 divinae
570 2762 1027 2815 convenientissimum,
1068 2763 1274 2817 Christus,
1312 2766 1359 2806 ut
1398 2776 1530 2816 genus
1567 2756 1802 2802 humanum

243 2831 480 2884 redimeret,
509 2834 730 2887 passiones
757 2834 851 2876 illas
876 2834 1089 2887 sustinuit,
1121 2835 1215 2877 Act.
1244 2836 1281 2887 4,
1313 2835 1377 2876 28.

296 2901 431 2944 XVII.
458 2902 706 2958 Propinqua
731 2920 856 2947 causa
881 2905 1066 2947 efficiens
1093 2906 1262 2958 directe,
1286 2905 1457 2948 fuerunt
1483 2917 1627 2946 omnes
1643 2902 1801 2945 Christi

243 2975 400 3027 hosteS,
442 2973 573 3016 Satan
608 2976 756 3018 hostili
795 2976 891 3019 odio
930 2977 1157 3028 insequens
1185 2976 1375 3018 mulieris
1406 2989 1558 3027 semen,
1589 2976 1630 3016 et
1660 2973 1802 3016 omnia

1920 2844 1921 2850 ⁴
1924 2709 1931 2813 :mm-‚⁴
1920 2577 1931 2702 .„-*.1-„4
1926 2535 1931 2554 ,1
1929 2471 1931 2475 i
