<?xml version="1.0" encoding="UTF-8"?>
<!DOCTYPE html PUBLIC "-//W3C//DTD XHTML 1.0 Transitional//EN"
    "http://www.w3.org/TR/xhtml1/DTD/xhtml1-transitional.dtd">
<html xmlns="http://www.w3.org/1999/xhtml" xml:lang="en" lang="en">
 <head>
  <title>
</title>
<meta http-equiv="Content-Type" content="text/html;charset=utf-8" />
  <meta name='ocr-system' content='tesseract 3.04.00' />
  <meta name='ocr-capabilities' content='ocr_page ocr_carea ocr_par ocr_line ocrx_word'/>
</head>
<body>
  <div class='ocr_page' id='page_1' title='image "./synopsispurioris00poly_0509.png"; bbox 0 0 1931 3224; ppageno 0'>
   <div class='ocr_carea' id='block_1_1' title="bbox 561 98 1658 143">
    <p class='ocr_par' dir='ltr' id='par_1_1' title="bbox 561 98 1658 143">
     <span class='ocr_line' id='line_1_1' title="bbox 561 98 1658 143; baseline 0.003 -3"><span class='ocrx_word' id='word_1_1' title='bbox 561 98 624 140; x_wconf 68' lang='lat' dir='ltr'>DE</span> <span class='ocrx_word' id='word_1_2' title='bbox 654 98 924 141; x_wconf 80' lang='lat' dir='ltr'><strong>SAORAMENTIS</strong></span> <span class='ocrx_word' id='word_1_3' title='bbox 961 113 1000 141; x_wconf 70' lang='lat' dir='ltr'>nv</span> <span class='ocrx_word' id='word_1_4' title='bbox 1030 114 1190 141; x_wconf 78' lang='lat' dir='ltr'><strong>GENERE.</strong></span> <span class='ocrx_word' id='word_1_5' title='bbox 1578 102 1658 143; x_wconf 82' lang='lat'>489</span> 
     </span>
    </p>
   </div>
   <div class='ocr_carea' id='block_1_2' title="bbox 328 222 1467 277">
    <p class='ocr_par' dir='ltr' id='par_1_2' title="bbox 328 222 1467 277">
     <span class='ocr_line' id='line_1_2' title="bbox 328 222 1467 277; baseline -0.001 -13"><span class='ocrx_word' id='word_1_6' title='bbox 328 222 510 276; x_wconf 84' lang='lat' dir='ltr'>August.</span> <span class='ocrx_word' id='word_1_7' title='bbox 542 222 710 272; x_wconf 83' lang='lat' dir='ltr'>Quaest.</span> <span class='ocrx_word' id='word_1_8' title='bbox 741 237 866 277; x_wconf 85' lang='lat' dir='ltr'>super</span> <span class='ocrx_word' id='word_1_9' title='bbox 895 223 1068 265; x_wconf 81' lang='lat' dir='ltr'>Levitic.</span> <span class='ocrx_word' id='word_1_10' title='bbox 1099 222 1189 266; x_wconf 85' lang='lat' dir='ltr'><strong>Lib.</strong></span> <span class='ocrx_word' id='word_1_11' title='bbox 1219 224 1255 266; x_wconf 82' lang='lat'>3.</span> <span class='ocrx_word' id='word_1_12' title='bbox 1284 238 1324 277; x_wconf 87' lang='lat' dir='ltr'>q.</span> <span class='ocrx_word' id='word_1_13' title='bbox 1352 224 1415 265; x_wconf 84' lang='lat'>84.</span> <span class='ocrx_word' id='word_1_14' title='bbox 1463 259 1467 263; x_wconf 91' lang='lat'>.</span> 
     </span>
    </p>
   </div>
   <div class='ocr_carea' id='block_1_3' title="bbox 90 355 1660 1191">
    <p class='ocr_par' dir='ltr' id='par_1_3' title="bbox 254 355 1658 410">
     <span class='ocr_line' id='line_1_3' title="bbox 254 355 1658 410; baseline 0.002 -14"><span class='ocrx_word' id='word_1_15' title='bbox 254 355 419 397; x_wconf 90' lang='lat' dir='ltr'>ominus</span> <span class='ocrx_word' id='word_1_16' title='bbox 460 355 669 397; x_wconf 81' lang='lat' dir='ltr'>invisibili</span> <span class='ocrx_word' id='word_1_17' title='bbox 707 357 858 409; x_wconf 85' lang='lat' dir='ltr'>gratia,</span> <span class='ocrx_word' id='word_1_18' title='bbox 898 372 974 410; x_wconf 83' lang='lat' dir='ltr'>pei·</span> <span class='ocrx_word' id='word_1_19' title='bbox 1012 356 1218 410; x_wconf 82' lang='lat' dir='ltr'>Spiritum</span> <span class='ocrx_word' id='word_1_20' title='bbox 1259 357 1462 399; x_wconf 85' lang='lat' dir='ltr'>Sanctum</span> <span class='ocrx_word' id='word_1_21' title='bbox 1501 358 1658 400; x_wconf 87' lang='lat' dir='ltr'>sancti-</span> 
     </span>
    </p>

    <p class='ocr_par' dir='ltr' id='par_1_4' title="bbox 90 426 1660 1191">
     <span class='ocr_line' id='line_1_4' title="bbox 252 426 1658 470; baseline 0.001 -2"><span class='ocrx_word' id='word_1_22' title='bbox 252 427 372 468; x_wconf 81' lang='lat' dir='ltr'>ficat:</span> <span class='ocrx_word' id='word_1_23' title='bbox 411 426 485 467; x_wconf 89' lang='lat' dir='ltr'>ubi</span> <span class='ocrx_word' id='word_1_24' title='bbox 524 429 586 468; x_wconf 89' lang='lat' dir='ltr'>est</span> <span class='ocrx_word' id='word_1_25' title='bbox 622 427 751 468; x_wconf 86' lang='lat' dir='ltr'>etiam</span> <span class='ocrx_word' id='word_1_26' title='bbox 788 430 906 469; x_wconf 85' lang='lat' dir='ltr'>totus</span> <span class='ocrx_word' id='word_1_27' title='bbox 944 427 1106 469; x_wconf 83' lang='lat' dir='ltr'>fructus</span> <span class='ocrx_word' id='word_1_28' title='bbox 1146 427 1381 469; x_wconf 83' lang='lat' dir='ltr'>visibilium</span> <span class='ocrx_word' id='word_1_29' title='bbox 1411 428 1658 470; x_wconf 83' lang='lat' dir='ltr'>Sacramen-</span> 
     </span>
     <span class='ocr_line' id='line_1_5' title="bbox 92 495 1660 550; baseline 0.001 -11"><span class='ocrx_word' id='word_1_30' title='bbox 92 500 245 539; x_wconf 88' lang='lat' dir='ltr'>torum.</span> <span class='ocrx_word' id='word_1_31' title='bbox 275 495 389 537; x_wconf 88' lang='lat' dir='ltr'>Nam</span> <span class='ocrx_word' id='word_1_32' title='bbox 418 496 506 537; x_wconf 88' lang='lat' dir='ltr'>sine</span> <span class='ocrx_word' id='word_1_33' title='bbox 534 496 618 537; x_wconf 88' lang='lat' dir='ltr'>ista</span> <span class='ocrx_word' id='word_1_34' title='bbox 648 496 983 539; x_wconf 77' lang='lat' dir='ltr'>sanctificatione</span> <span class='ocrx_word' id='word_1_35' title='bbox 1012 497 1236 539; x_wconf 90' lang='lat' dir='ltr'>invisibilis</span> <span class='ocrx_word' id='word_1_36' title='bbox 1267 498 1444 550; x_wconf 84' lang='lat' dir='ltr'>gratiae,</span> <span class='ocrx_word' id='word_1_37' title='bbox 1472 499 1660 541; x_wconf 81' lang='lat' dir='ltr'>visibilia</span> 
     </span>
     <span class='ocr_line' id='line_1_6' title="bbox 95 566 1658 622; baseline 0.001 -11"><span class='ocrx_word' id='word_1_38' title='bbox 95 569 367 611; x_wconf 82' lang='lat' dir='ltr'>Sacramenta</span> <span class='ocrx_word' id='word_1_39' title='bbox 406 566 508 619; x_wconf 84' lang='lat' dir='ltr'>quid</span> <span class='ocrx_word' id='word_1_40' title='bbox 544 570 753 620; x_wconf 76' lang='lat' dir='ltr'>prosunt?</span> <span class='ocrx_word' id='word_1_41' title='bbox 791 568 899 608; x_wconf 88' lang='lat' dir='ltr'>nihil</span> <span class='ocrx_word' id='word_1_42' title='bbox 931 568 1095 621; x_wconf 79' lang='lat' dir='ltr'>profuit</span> <span class='ocrx_word' id='word_1_43' title='bbox 1124 568 1288 611; x_wconf 85' lang='lat' dir='ltr'>Simoni</span> <span class='ocrx_word' id='word_1_44' title='bbox 1318 568 1447 622; x_wconf 83' lang='lat' dir='ltr'>Mago</span> <span class='ocrx_word' id='word_1_45' title='bbox 1479 570 1658 612; x_wconf 89' lang='lat' dir='ltr'>visibilis</span> 
     </span>
     <span class='ocr_line' id='line_1_7' title="bbox 92 638 1659 694; baseline 0.001 -12"><span class='ocrx_word' id='word_1_46' title='bbox 92 640 349 694; x_wconf 70' lang='lat' dir='ltr'>Baptismus,</span> <span class='ocrx_word' id='word_1_47' title='bbox 382 639 449 681; x_wconf 83' lang='lat' dir='ltr'>oui</span> <span class='ocrx_word' id='word_1_48' title='bbox 476 638 757 680; x_wconf 79' lang='lat' dir='ltr'>sanctificatio</span> <span class='ocrx_word' id='word_1_49' title='bbox 787 638 1011 680; x_wconf 86' lang='lat' dir='ltr'>invisibilis</span> <span class='ocrx_word' id='word_1_50' title='bbox 1041 639 1185 691; x_wconf 87' lang='lat' dir='ltr'>defuit,</span> <span class='ocrx_word' id='word_1_51' title='bbox 1219 642 1305 681; x_wconf 74' lang='lat' dir='ltr'>eto.&#39;</span> <span class='ocrx_word' id='word_1_52' title='bbox 1329 640 1513 683; x_wconf 82' lang='lat' dir='ltr'>Proinde</span> <span class='ocrx_word' id='word_1_53' title='bbox 1538 642 1659 683; x_wconf 81' lang='lat' dir='ltr'>colli-</span> 
     </span>
     <span class='ocr_line' id='line_1_8' title="bbox 91 709 1656 767; baseline 0.002 -15"><span class='ocrx_word' id='word_1_54' title='bbox 91 711 220 765; x_wconf 81' lang='lat' dir='ltr'>gitur,</span> <span class='ocrx_word' id='word_1_55' title='bbox 244 710 500 752; x_wconf 84' lang='lat' dir='ltr'>invisibilem</span> <span class='ocrx_word' id='word_1_56' title='bbox 522 709 905 751; x_wconf 82' lang='lat' dir='ltr'>sanctificationem</span> <span class='ocrx_word' id='word_1_57' title='bbox 931 711 1185 762; x_wconf 84' lang='lat' dir='ltr'>quibusdam</span> <span class='ocrx_word' id='word_1_58' title='bbox 1211 712 1380 753; x_wconf 87' lang='lat' dir='ltr'>affuisse</span> <span class='ocrx_word' id='word_1_59' title='bbox 1405 714 1532 765; x_wconf 83' lang='lat' dir='ltr'>atque</span> <span class='ocrx_word' id='word_1_60' title='bbox 1557 728 1656 767; x_wconf 85' lang='lat' dir='ltr'>pro-</span> 
     </span>
     <span class='ocr_line' id='line_1_9' title="bbox 90 781 1658 836; baseline 0.002 -13"><span class='ocrx_word' id='word_1_61' title='bbox 90 781 219 823; x_wconf 81' lang='lat' dir='ltr'>fuisse</span> <span class='ocrx_word' id='word_1_62' title='bbox 258 782 347 823; x_wconf 81' lang='lat' dir='ltr'>sine</span> <span class='ocrx_word' id='word_1_63' title='bbox 384 781 623 823; x_wconf 84' lang='lat' dir='ltr'>visibilibus</span> <span class='ocrx_word' id='word_1_64' title='bbox 662 781 959 833; x_wconf 69' lang='lat' dir='ltr'>sacramentis,</span> <span class='ocrx_word' id='word_1_65' title='bbox 1000 797 1107 834; x_wconf 87' lang='lat' dir='ltr'>quae</span> <span class='ocrx_word' id='word_1_66' title='bbox 1137 797 1215 835; x_wconf 85' lang='lat' dir='ltr'>pro</span> <span class='ocrx_word' id='word_1_67' title='bbox 1245 785 1489 836; x_wconf 86' lang='lat' dir='ltr'>temporum</span> <span class='ocrx_word' id='word_1_68' title='bbox 1520 784 1658 826; x_wconf 84' lang='lat' dir='ltr'>diver-</span> 
     </span>
     <span class='ocr_line' id='line_1_10' title="bbox 92 852 1658 907; baseline 0.001 -12"><span class='ocrx_word' id='word_1_69' title='bbox 92 853 217 895; x_wconf 85' lang='lat' dir='ltr'>sitate</span> <span class='ocrx_word' id='word_1_70' title='bbox 255 855 419 894; x_wconf 89' lang='lat' dir='ltr'>mutata</span> <span class='ocrx_word' id='word_1_71' title='bbox 459 855 578 902; x_wconf 83' lang='lat' dir='ltr'>sunt3</span> <span class='ocrx_word' id='word_1_72' title='bbox 609 852 821 894; x_wconf 88' lang='lat' dir='ltr'>visibilem</span> <span class='ocrx_word' id='word_1_73' title='bbox 849 867 948 894; x_wconf 85' lang='lat' dir='ltr'>vero</span> <span class='ocrx_word' id='word_1_74' title='bbox 979 853 1369 906; x_wconf 79' lang='lat' dir='ltr'>sanctificationem,</span> <span class='ocrx_word' id='word_1_75' title='bbox 1401 869 1509 907; x_wconf 86' lang='lat' dir='ltr'>quae</span> <span class='ocrx_word' id='word_1_76' title='bbox 1538 856 1658 897; x_wconf 88' lang='lat' dir='ltr'>fieret</span> 
     </span>
     <span class='ocr_line' id='line_1_11' title="bbox 92 924 1658 979; baseline 0.001 -12"><span class='ocrx_word' id='word_1_77' title='bbox 92 940 168 978; x_wconf 86' lang='lat' dir='ltr'>per</span> <span class='ocrx_word' id='word_1_78' title='bbox 204 925 389 966; x_wconf 82' lang='lat' dir='ltr'>visibilia</span> <span class='ocrx_word' id='word_1_79' title='bbox 427 924 712 976; x_wconf 67' lang='lat' dir='ltr'>Sacramenta,</span> <span class='ocrx_word' id='word_1_80' title='bbox 751 924 841 966; x_wconf 87' lang='lat' dir='ltr'>sine</span> <span class='ocrx_word' id='word_1_81' title='bbox 881 925 963 965; x_wconf 89' lang='lat' dir='ltr'>ista</span> <span class='ocrx_word' id='word_1_82' title='bbox 1001 925 1204 966; x_wconf 86' lang='lat' dir='ltr'>invisibili</span> <span class='ocrx_word' id='word_1_83' title='bbox 1234 940 1358 979; x_wconf 89' lang='lat' dir='ltr'>posse</span> <span class='ocrx_word' id='word_1_84' title='bbox 1387 927 1542 979; x_wconf 84' lang='lat' dir='ltr'>adesse,</span> <span class='ocrx_word' id='word_1_85' title='bbox 1572 942 1658 969; x_wconf 87' lang='lat' dir='ltr'>non</span> 
     </span>
     <span class='ocr_line' id='line_1_12' title="bbox 93 995 1659 1050; baseline 0.001 -12"><span class='ocrx_word' id='word_1_86' title='bbox 93 997 305 1050; x_wconf 84' lang='lat' dir='ltr'>prodesse.</span> <span class='ocrx_word' id='word_1_87' title='bbox 340 995 431 1050; x_wconf 84' lang='lat' dir='ltr'>Nec</span> <span class='ocrx_word' id='word_1_88' title='bbox 459 997 601 1036; x_wconf 85' lang='lat' dir='ltr'>tamen</span> <span class='ocrx_word' id='word_1_89' title='bbox 630 995 723 1037; x_wconf 84' lang='lat' dir='ltr'>ideo</span> <span class='ocrx_word' id='word_1_90' title='bbox 754 995 1077 1037; x_wconf 81' lang='lat' dir='ltr'>Sacramentum</span> <span class='ocrx_word' id='word_1_91' title='bbox 1104 996 1271 1038; x_wconf 87' lang='lat' dir='ltr'>visibile</span> <span class='ocrx_word' id='word_1_92' title='bbox 1301 999 1659 1041; x_wconf 85' lang='lat' dir='ltr'>contemnendum</span> 
     </span>
     <span class='ocr_line' id='line_1_13' title="bbox 94 1066 1657 1119; baseline 0.003 -11"><span class='ocrx_word' id='word_1_93' title='bbox 94 1069 168 1108; x_wconf 90' lang='lat' dir='ltr'>est.</span> <span class='ocrx_word' id='word_1_94' title='bbox 208 1066 322 1109; x_wconf 87' lang='lat' dir='ltr'>Nam</span> <span class='ocrx_word' id='word_1_95' title='bbox 360 1068 643 1119; x_wconf 84' lang='lat' dir='ltr'>comtemptor</span> <span class='ocrx_word' id='word_1_96' title='bbox 679 1067 766 1119; x_wconf 87' lang='lat' dir='ltr'>ejus</span> <span class='ocrx_word' id='word_1_97' title='bbox 796 1066 1069 1108; x_wconf 82' lang='lat' dir='ltr'>invisibiliter</span> <span class='ocrx_word' id='word_1_98' title='bbox 1098 1068 1355 1110; x_wconf 81' lang='lat' dir='ltr'>sanctificari</span> <span class='ocrx_word' id='word_1_99' title='bbox 1384 1069 1501 1111; x_wconf 91' lang='lat' dir='ltr'>nullo</span> <span class='ocrx_word' id='word_1_100' title='bbox 1531 1070 1657 1112; x_wconf 88' lang='lat' dir='ltr'>modo</span> 
     </span>
     <span class='ocr_line' id='line_1_14' title="bbox 94 1140 251 1191; baseline 0.006 -11"><span class='ocrx_word' id='word_1_101' title='bbox 94 1140 251 1191; x_wconf 87' lang='lat' dir='ltr'>potest.</span> 
     </span>
    </p>
   </div>
   <div class='ocr_carea' id='block_1_4' title="bbox 402 1262 1349 1317">
    <p class='ocr_par' dir='ltr' id='par_1_5' title="bbox 402 1262 1349 1317">
     <span class='ocr_line' id='line_1_15' title="bbox 402 1262 1349 1317; baseline 0.002 -13"><span class='ocrx_word' id='word_1_102' title='bbox 402 1262 644 1317; x_wconf 82' lang='lat' dir='ltr'>Cyrillus</span> <span class='ocrx_word' id='word_1_103' title='bbox 674 1262 1039 1317; x_wconf 83' lang='lat' dir='ltr'>Hierosolym.</span> <span class='ocrx_word' id='word_1_104' title='bbox 1071 1263 1283 1306; x_wconf 83' lang='lat' dir='ltr'>Cateoh.</span> <span class='ocrx_word' id='word_1_105' title='bbox 1312 1265 1349 1307; x_wconf 83' lang='lat'>4.</span> 
     </span>
    </p>
   </div>
   <div class='ocr_carea' id='block_1_5' title="bbox 98 1387 1657 1520">
    <p class='ocr_par' dir='ltr' id='par_1_6' title="bbox 98 1387 1657 1520">
     <span class='ocr_line' id='line_1_16' title="bbox 98 1387 1657 1443; baseline 0.004 -15"><span class='ocrx_word' id='word_1_106' title='bbox 98 1392 174 1429; x_wconf 86' lang='grc' dir='ltr'>Δεῖ</span> <span class='ocrx_word' id='word_1_107' title='bbox 205 1387 290 1439; x_wconf 76' lang='grc' dir='ltr'>περὶ</span> <span class='ocrx_word' id='word_1_108' title='bbox 323 1391 396 1430; x_wconf 80' lang='grc' dir='ltr'>τῶν</span> <span class='ocrx_word' id='word_1_109' title='bbox 428 1387 542 1430; x_wconf 67' lang='grc' dir='ltr'><em>θείων</em></span> <span class='ocrx_word' id='word_1_110' title='bbox 573 1389 640 1430; x_wconf 67' lang='grc' dir='ltr'>καὶ·</span> <span class='ocrx_word' id='word_1_111' title='bbox 674 1388 798 1440; x_wconf 70' lang='grc' dir='ltr'><em>ἁγίων</em></span> <span class='ocrx_word' id='word_1_112' title='bbox 829 1394 900 1436; x_wconf 71' lang='grc' dir='ltr'>τῆς</span> <span class='ocrx_word' id='word_1_113' title='bbox 931 1389 1101 1436; x_wconf 75' lang='grc' dir='ltr'><em>πίστεως</em></span> <span class='ocrx_word' id='word_1_114' title='bbox 1133 1390 1360 1443; x_wconf 72' lang='grc' dir='ltr'><em>μυστηρίων,</em></span> <span class='ocrx_word' id='word_1_115' title='bbox 1391 1391 1494 1442; x_wconf 73' lang='grc' dir='ltr'>μηδὲ</span> <span class='ocrx_word' id='word_1_116' title='bbox 1520 1391 1565 1434; x_wconf 80' lang='grc' dir='ltr'>τὸ</span> <span class='ocrx_word' id='word_1_117' title='bbox 1591 1409 1657 1434; x_wconf 74' lang='grc' dir='ltr'>τυ-</span> 
     </span>
     <span class='ocr_line' id='line_1_17' title="bbox 156 1463 1159 1520; baseline 0.001 -14"><span class='ocrx_word' id='word_1_118' title='bbox 156 1464 229 1517; x_wconf 79' lang='grc' dir='ltr'>χὸν</span> <span class='ocrx_word' id='word_1_119' title='bbox 262 1463 352 1507; x_wconf 70' lang='grc' dir='ltr'><em>ἄνευ</em></span> <span class='ocrx_word' id='word_1_120' title='bbox 384 1468 456 1507; x_wconf 77' lang='grc' dir='ltr'>τῶν</span> <span class='ocrx_word' id='word_1_121' title='bbox 488 1464 604 1507; x_wconf 67' lang='grc' dir='ltr'><em>θείων</em></span> <span class='ocrx_word' id='word_1_122' title='bbox 635 1464 947 1519; x_wconf 63' lang='grc' dir='ltr'>παραδίδοσθαι</span> <span class='ocrx_word' id='word_1_123' title='bbox 980 1469 1159 1520; x_wconf 58' lang='grc' dir='ltr'>γραφῶν.</span> 
     </span>
    </p>
   </div>
   <div class='ocr_carea' id='block_1_6' title="bbox 748 1596 1002 1638">
    <p class='ocr_par' dir='ltr' id='par_1_7' title="bbox 748 1596 1002 1638">
     <span class='ocr_line' id='line_1_18' title="bbox 748 1596 1002 1638; baseline 0 0"><span class='ocrx_word' id='word_1_124' title='bbox 748 1596 862 1638; x_wconf 81' lang='lat' dir='ltr'>Hoc</span> <span class='ocrx_word' id='word_1_125' title='bbox 902 1599 1002 1638; x_wconf 89' lang='lat' dir='ltr'>est:</span> 
     </span>
    </p>
   </div>
   <div class='ocr_carea' id='block_1_7' title="bbox 97 1719 1658 1847">
    <p class='ocr_par' dir='ltr' id='par_1_8' title="bbox 97 1719 1658 1847">
     <span class='ocr_line' id='line_1_19' title="bbox 97 1719 1658 1775; baseline 0.003 -14"><span class='ocrx_word' id='word_1_126' title='bbox 97 1719 353 1762; x_wconf 86' lang='lat' dir='ltr'>Divinorum</span> <span class='ocrx_word' id='word_1_127' title='bbox 392 1720 729 1774; x_wconf 78' lang='lat' dir='ltr'>Sanctorumque</span> <span class='ocrx_word' id='word_1_128' title='bbox 767 1720 864 1763; x_wconf 82' lang='lat' dir='ltr'>fidei</span> <span class='ocrx_word' id='word_1_129' title='bbox 902 1721 1274 1764; x_wconf 67' lang='lat' dir='ltr'>sacramentorum</span> <span class='ocrx_word' id='word_1_130' title='bbox 1303 1723 1423 1775; x_wconf 84' lang='lat' dir='ltr'>nihil,</span> <span class='ocrx_word' id='word_1_131' title='bbox 1452 1738 1504 1766; x_wconf 90' lang='lat' dir='ltr'>ne</span> <span class='ocrx_word' id='word_1_132' title='bbox 1532 1724 1658 1766; x_wconf 89' lang='lat' dir='ltr'>mini-</span> 
     </span>
     <span class='ocr_line' id='line_1_20' title="bbox 149 1792 1418 1847; baseline 0.002 -14"><span class='ocrx_word' id='word_1_133' title='bbox 149 1807 266 1833; x_wconf 87' lang='lat' dir='ltr'>mum</span> <span class='ocrx_word' id='word_1_134' title='bbox 295 1792 477 1845; x_wconf 85' lang='lat' dir='ltr'>quidem,</span> <span class='ocrx_word' id='word_1_135' title='bbox 508 1793 667 1846; x_wconf 87' lang='lat' dir='ltr'>absque</span> <span class='ocrx_word' id='word_1_136' title='bbox 698 1793 850 1835; x_wconf 85' lang='lat' dir='ltr'>divinis</span> <span class='ocrx_word' id='word_1_137' title='bbox 880 1792 1112 1847; x_wconf 78' lang='lat' dir='ltr'>Scripturis</span> <span class='ocrx_word' id='word_1_138' title='bbox 1141 1793 1253 1835; x_wconf 86' lang='lat' dir='ltr'>tradi</span> <span class='ocrx_word' id='word_1_139' title='bbox 1282 1794 1418 1836; x_wconf 82' lang='lat' dir='ltr'>debet.</span> 
     </span>
    </p>
   </div>
   <div class='ocr_carea' id='block_1_8' title="bbox 536 2130 1224 2181">
    <p class='ocr_par' dir='ltr' id='par_1_9' title="bbox 536 2130 1224 2181">
     <span class='ocr_line' id='line_1_21' title="bbox 536 2130 1224 2181; baseline 0.003 -3"><span class='ocrx_word' id='word_1_140' title='bbox 536 2130 1010 2181; x_wconf 84' lang='lat' dir='ltr'><strong>DISPUTATIO</strong></span> <span class='ocrx_word' id='word_1_141' title='bbox 1050 2132 1224 2180; x_wconf 75' lang='lat' dir='ltr'>XLIV,</span> 
     </span>
    </p>
   </div>
   <div class='ocr_carea' id='block_1_9' title="bbox 854 2242 900 2263">
    <p class='ocr_par' dir='ltr' id='par_1_10' title="bbox 854 2242 900 2263">
     <span class='ocr_line' id='line_1_22' title="bbox 854 2242 900 2263; baseline 0 0"><span class='ocrx_word' id='word_1_142' title='bbox 854 2242 900 2263; x_wconf 79' lang='lat' dir='ltr'>DE</span> 
     </span>
    </p>
   </div>
   <div class='ocr_carea' id='block_1_10' title="bbox 337 2315 1417 2404">
    <p class='ocr_par' dir='ltr' id='par_1_11' title="bbox 337 2315 1417 2404">
     <span class='ocr_line' id='line_1_23' title="bbox 337 2315 1417 2404; baseline 0.003 -22"><span class='ocrx_word' id='word_1_143' title='bbox 337 2315 895 2384; x_wconf 77' lang='lat' dir='ltr'>Sacramento</span> <span class='ocrx_word' id='word_1_144' title='bbox 963 2318 1417 2404; x_wconf 85' lang='lat' dir='ltr'>Baptismi.</span> 
     </span>
    </p>
   </div>
   <div class='ocr_carea' id='block_1_11' title="bbox 396 2441 1364 2582">
    <p class='ocr_par' dir='ltr' id='par_1_12' title="bbox 396 2441 1364 2582">
     <span class='ocr_line' id='line_1_24' title="bbox 396 2441 1364 2486; baseline 0.004 -4"><span class='ocrx_word' id='word_1_145' title='bbox 396 2441 594 2483; x_wconf 86' lang='lat' dir='ltr'>Praeside</span> <span class='ocrx_word' id='word_1_146' title='bbox 623 2441 675 2483; x_wconf 89' lang='lat' dir='ltr'>D.</span> <span class='ocrx_word' id='word_1_147' title='bbox 705 2442 843 2484; x_wconf 85' lang='lat' dir='ltr'>ANT</span> <span class='ocrx_word' id='word_1_148' title='bbox 857 2442 891 2484; x_wconf 93' lang='lat' dir='ltr'>O</span> <span class='ocrx_word' id='word_1_149' title='bbox 905 2442 1024 2486; x_wconf 89' lang='lat' dir='ltr'>NIO</span> <span class='ocrx_word' id='word_1_150' title='bbox 1053 2444 1302 2486; x_wconf 88' lang='lat' dir='ltr'><strong>WALAE</strong></span> <span class='ocrx_word' id='word_1_151' title='bbox 1316 2443 1364 2486; x_wconf 92' lang='lat' dir='ltr'>O.</span> 
     </span>
     <span class='ocr_line' id='line_1_25' title="bbox 468 2534 1288 2582; baseline 0.005 -11"><span class='ocrx_word' id='word_1_152' title='bbox 468 2534 744 2582; x_wconf 79' lang='lat' dir='ltr'>Respondente</span> <span class='ocrx_word' id='word_1_153' title='bbox 773 2534 1049 2573; x_wconf 80' lang='lat' dir='ltr'><strong>MICHAELE</strong></span> <span class='ocrx_word' id='word_1_154' title='bbox 1079 2549 1101 2574; x_wconf 88' lang='lat' dir='ltr'>a</span> <span class='ocrx_word' id='word_1_155' title='bbox 1130 2535 1288 2575; x_wconf 77' lang='lat' dir='ltr'><strong>GOGH.</strong></span> 
     </span>
    </p>
   </div>
   <div class='ocr_carea' id='block_1_12' title="bbox 749 2639 1010 2682">
    <p class='ocr_par' dir='ltr' id='par_1_13' title="bbox 749 2639 1010 2682">
     <span class='ocr_line' id='line_1_26' title="bbox 749 2639 1010 2682; baseline 0.004 -1"><span class='ocrx_word' id='word_1_156' title='bbox 749 2639 940 2682; x_wconf 76' lang='lat' dir='ltr'>THESIs</span> <span class='ocrx_word' id='word_1_157' title='bbox 978 2639 1010 2682; x_wconf 90' lang='lat' dir='ltr'>I.</span> 
     </span>
    </p>
   </div>
   <div class='ocr_carea' id='block_1_13' title="bbox 142 2729 1659 2856">
    <p class='ocr_par' dir='ltr' id='par_1_14' title="bbox 142 2729 1659 2856">
     <span class='ocr_line' id='line_1_27' title="bbox 254 2729 1659 2782; baseline 0.002 -12"><span class='ocrx_word' id='word_1_158' title='bbox 254 2744 452 2771; x_wconf 75' lang='lat' dir='ltr'>meoA&#39;ms</span> <span class='ocrx_word' id='word_1_159' title='bbox 480 2729 532 2770; x_wconf 91' lang='lat' dir='ltr'>iis</span> <span class='ocrx_word' id='word_1_160' title='bbox 562 2744 669 2782; x_wconf 85' lang='lat' dir='ltr'>quae</span> <span class='ocrx_word' id='word_1_161' title='bbox 697 2729 750 2771; x_wconf 81' lang='lat' dir='ltr'>ad</span> <span class='ocrx_word' id='word_1_162' title='bbox 777 2731 975 2772; x_wconf 85' lang='lat' dir='ltr'>naturam</span> <span class='ocrx_word' id='word_1_163' title='bbox 999 2745 1266 2773; x_wconf 87' lang='lat' dir='ltr'>communem</span> <span class='ocrx_word' id='word_1_164' title='bbox 1289 2731 1659 2774; x_wconf 78' lang='lat' dir='ltr'>Sacramentorum</span> 
     </span>
     <span class='ocr_line' id='line_1_28' title="bbox 142 2737 1656 2856; baseline 0.001 -14"><span class='ocrx_word' id='word_1_165' title='bbox 142 2737 236 2842; x_wconf 82' lang='lat' dir='ltr'>E</span> <span class='ocrx_word' id='word_1_166' title='bbox 256 2799 598 2842; x_wconf 85' lang='lat' dir='ltr'>constituendam</span> <span class='ocrx_word' id='word_1_167' title='bbox 638 2800 878 2853; x_wconf 70' lang='lat' dir='ltr'>pertinent:</span> <span class='ocrx_word' id='word_1_168' title='bbox 920 2801 1134 2854; x_wconf 81' lang='lat' dir='ltr'>reliquum</span> <span class='ocrx_word' id='word_1_169' title='bbox 1177 2804 1252 2853; x_wconf 91' lang='lat' dir='ltr'>est,</span> <span class='ocrx_word' id='word_1_170' title='bbox 1295 2804 1343 2843; x_wconf 89' lang='lat' dir='ltr'>ut</span> <span class='ocrx_word' id='word_1_171' title='bbox 1386 2802 1436 2844; x_wconf 83' lang='lat' dir='ltr'>de</span> <span class='ocrx_word' id='word_1_172' title='bbox 1478 2803 1656 2856; x_wconf 84' lang='lat' dir='ltr'>singulis</span> 
     </span>
    </p>
   </div>
   <div class='ocr_carea' id='block_1_14' title="bbox 97 2869 1657 2995">
    <p class='ocr_par' dir='ltr' id='par_1_15' title="bbox 97 2869 1657 2995">
     <span class='ocr_line' id='line_1_29' title="bbox 97 2869 1657 2925; baseline 0.003 -13"><span class='ocrx_word' id='word_1_173' title='bbox 97 2869 212 2913; x_wconf 88' lang='lat' dir='ltr'>Novi</span> <span class='ocrx_word' id='word_1_174' title='bbox 254 2871 517 2914; x_wconf 85' lang='lat' dir='ltr'>Testamenti</span> <span class='ocrx_word' id='word_1_175' title='bbox 559 2870 853 2923; x_wconf 77' lang='lat' dir='ltr'>Sacramentis,</span> <span class='ocrx_word' id='word_1_176' title='bbox 899 2875 1103 2925; x_wconf 86' lang='lat' dir='ltr'>quantum</span> <span class='ocrx_word' id='word_1_177' title='bbox 1146 2873 1335 2915; x_wconf 89' lang='lat' dir='ltr'>instituti</span> <span class='ocrx_word' id='word_1_178' title='bbox 1371 2873 1508 2916; x_wconf 85' lang='lat' dir='ltr'>nostri</span> <span class='ocrx_word' id='word_1_179' title='bbox 1546 2874 1657 2916; x_wconf 80' lang='lat' dir='ltr'>ratio</span> 
     </span>
     <span class='ocr_line' id='line_1_30' title="bbox 100 2941 825 2995; baseline 0.004 -14"><span class='ocrx_word' id='word_1_180' title='bbox 100 2941 246 2993; x_wconf 82' lang='lat' dir='ltr'>exigit,</span> <span class='ocrx_word' id='word_1_181' title='bbox 273 2942 479 2983; x_wconf 86' lang='lat' dir='ltr'>nonnulla</span> <span class='ocrx_word' id='word_1_182' title='bbox 507 2942 825 2995; x_wconf 80' lang='lat' dir='ltr'>subjungamus.</span> 
     </span>
    </p>
   </div>
  </div>
 </body>
</html>
