1931 3224
521 135 585 177 DE
615 134 848 178 DISCIPLINA
875 135 1196 178 EecLEsmsTIcA.
1559 134 1636 175 577

73 272 202 310 quam
224 257 335 300 filius
352 259 495 301 domui
509 274 609 302 suae
624 263 805 313 praeest,
822 260 952 302 Hebr.
970 261 1006 312 3,
1023 261 1060 301 6.
1087 260 1153 302 Et
1178 258 1382 301 clavem
1405 257 1444 298 D
1460 258 1634 299 avidis

73 328 257 382 habet,
302 330 392 382 qui
433 331 633 384 aperit,
673 335 724 374 et
761 347 909 374 nemo
950 331 1181 381 claudit3
1220 332 1270 372 et
1309 328 1540 381 claudit,
1580 343 1637 369 ac

74 413 225 441 nemo
256 402 458 454 aperit,
488 401 622 455 Apoc.
651 403 688 454 3,
719 404 755 444 7.
785 402 974 445 Ministri
1003 417 1102 444 vero
1134 404 1222 456 ejus
1247 405 1469 455 tamquam
1491 400 1640 443 famuli

74 469 218 511 domui
260 472 347 524 ejus
389 475 605 525 praesunt,
651 473 779 515 Hebr.
822 475 859 527 3,
904 474 939 516 5.
986 477 1027 516 et
1071 476 1291 527 tamquam
1331 473 1552 515 oeconomi
1591 487 1638 513 ac

75 540 388 594 dispensatores
418 544 720 596 mysteriorum
749 543 841 598 Dei,
872 545 916 586 in
945 545 1097 598 quibus
1123 545 1206 588 hoc
1229 545 1475 599 cumprimis
1500 544 1641 605 requi-

74 612 194 662 ritur,
223 615 270 654 ut
298 613 405 655 fidus
437 615 616 668 quisque
646 617 897 670 reperiatur,
928 617 948 658 1
983 617 1076 659 Cor.
1106 618 1144 669 4,
1173 619 1210 659 2.

128 683 202 725 IV.
233 683 370 727 Clavis
401 689 543 728 autem
571 687 675 730 haec
700 689 786 730 sive
808 691 999 743 potestas
1025 689 1188 743 ligandi
1212 704 1258 731 ac
1286 689 1488 741 solvendi,
1513 690 1641 742 prout

76 769 100 796 a
138 754 307 798 Christo
339 758 576 811 explicatur
605 759 728 801 Matt.
760 761 821 813 18,
855 762 916 802 18.
946 763 1058 803 recte
1089 776 1112 802 a
1142 760 1359 802 Catechesi
1388 763 1535 802 nostra
1565 761 1641 801 du-

74 826 173 879 plex
201 818 487 882 constituitur,
517 846 600 872 una
634 832 766 882 verbi,
797 832 930 874 altera
961 832 1430 874 excommunicationis:
1461 846 1637 884 quarum

50 897 148 954 -ffla
186 899 314 941 clavis
344 901 546 943 scientiae
576 917 626 944 ex
655 902 752 945 Luc.
783 903 844 956 11,
876 905 939 945 52.
969 904 1076 946 solet
1107 904 1262 956 vocari,
1293 903 1398 946 haec
1427 918 1526 945 vero
1557 903 1640 944 cla-

0 959 1 962 *
40 978 50 1013 ἐ,
76 969 139 1011 vis
170 970 420 1025 disciplinae
450 973 638 1015 strictius
668 974 727 1016 sic
757 974 906 1016 dictae.

60 1041 66 1058 ²
115 1035 359 1103 -Vffisslavis
397 1059 469 1086 seu
506 1048 697 1098 potestas
735 1046 853 1088 verbi
891 1049 965 1098 est,
1005 1061 1088 1099 qua
1126 1047 1318 1088 remissio
1348 1046 1639 1092 Peccatorum.

39 1128 53 1142 ·-
77 1114 118 1153 et
132 1108 438 1161 >‚reconciliatio
470 1131 564 1158 cum
592 1116 697 1168 Deo,
728 1132 805 1170 per
834 1117 1060 1170 Christum,
1091 1132 1177 1159 non
1205 1120 1373 1159 tantum
1404 1117 1640 1170 generatim

77 1184 343 1228 credentibus
395 1201 444 1228 ac
491 1188 839 1241 resipiscentibus
889 1188 1181 1240 annunciatur,
1223 1192 1353 1242 prout
1393 1189 1554 1242 passim
1597 1188 1640 1229 in

77 1255 309 1310 Scripturis
347 1259 489 1301 videre
519 1262 602 1310 est3
635 1259 707 1302 sed
737 1261 866 1302 etiam
895 1275 979 1313 qua
1010 1261 1185 1302 verbum
1213 1261 1316 1302 illud
1349 1260 1558 1316 generale,
1589 1260 1641 1301 ad

78 1328 410 1371 consolationem
440 1333 568 1383 atque
597 1331 933 1373 aedificationem
958 1333 1163 1385 cujusque
1189 1332 1471 1374 conscientiae
1495 1332 1640 1384 singu-

76 1399 225 1442 lariter
264 1401 516 1456 applicatur,
546 1405 675 1456 prout
704 1403 802 1445 fidei
832 1418 880 1445 ac
915 1403 1232 1457 resipiscentiae
1255 1404 1417 1446 fructus
1450 1406 1523 1445 aut
1560 1403 1639 1444 im-

76 1472 365 1524 poenitentiae
409 1476 537 1526 atque
573 1474 882 1516 incredulitatis
922 1474 1044 1528 signa
1080 1476 1125 1516 in
1161 1475 1311 1516 iisdem
1350 1489 1393 1516 se
1430 1475 1638 1528 produnt3

79 1543 430 1595 quemadmodum
458 1545 502 1586 in
526 1545 722 1598 exemplo
750 1544 962 1587 Natlianis
988 1546 1040 1587 ad
1064 1545 1283 1596 Davidem,
1305 1547 1329 1586 2
1354 1546 1465 1587 Sam.
1492 1546 1552 1598 12,
1575 1546 1637 1587 13.

78 1615 120 1655 et
149 1617 309 1667 contra,
340 1615 459 1657 Petri
487 1616 540 1657 ad
569 1615 785 1659 Simonem
814 1631 988 1670 magum
1016 1616 1125 1669 Aet„
1150 1617 1185 1668 8,
1212 1617 1275 1657 21.
1305 1616 1446 1658 videre
1477 1619 1550 1657 est.

129 1684 203 1727 VI.
240 1686 354 1729 Usus
389 1687 515 1741 hujus
555 1688 896 1730 annunciationis
926 1687 1206 1730 communiter
1234 1702 1363 1740 penes
1392 1690 1528 1728 totam
1557 1687 1639 1729 Ec—

78 1757 247 1799 clesiam
287 1760 401 1800 certo
439 1762 633 1814 respectu
671 1763 754 1811 est,
795 1761 895 1813 quia
925 1760 1094 1813 singula
1122 1759 1340 1800 Ecclesiae
1369 1759 1559 1800 membra
1589 1773 1639 1800 ex

77 1828 266 1870 caritatis
295 1830 573 1884 praescripto,
602 1846 680 1884 pro
710 1846 906 1873 mensura
935 1831 1034 1872 doni
1063 1847 1087 1872 a
1117 1830 1285 1872 Christo
1315 1830 1490 1884 accepti,
1507 1833 1548 1872 et
1565 1845 1638 1872 vo-

77 1900 257 1942 cationis
284 1901 463 1954 ratione,
493 1917 536 1944 se
564 1905 712 1944 mutuo
743 1903 945 1956 privatim
974 1903 1195 1954 consolari,
1222 1901 1451 1954 adhortari,
1477 1917 1525 1944 ao
1547 1917 1639 1944 mo-

76 1984 175 2012 nere
214 1985 265 2012 ex
303 1970 382 2013 Dei
420 1973 550 2014 verbo
589 1976 770 2026 possunt
808 1988 855 2014 ac
893 1973 1066 2023 debent;
1105 1973 1232 2025 idque
1262 1973 1492 2014 secundum
1520 1988 1638 2014 man-

77 2041 223 2083 datum
266 2041 434 2096 Christi,
473 2043 597 2085 Matt.
637 2045 699 2097 18,
739 2044 802 2086 15.
843 2044 895 2086 81
933 2043 1250 2099 peccaverit
1287 2044 1340 2085 in
1378 2046 1429 2086 te
1466 2044 1640 2086 frater

76 2115 222 2165 tuus,
262 2114 341 2155 ito
381 2117 431 2156 et
469 2118 683 2157 moneto
724 2130 837 2157 eum
873 2116 1021 2156 inter
1057 2118 1108 2157 te
1148 2118 1198 2157 et
1235 2115 1412 2168 ipsum
1441 2116 1638 2168 solum,

78 2185 173 2225 etc.
211 2183 320 2226 Item
357 2186 559 2239 Apostoli
598 2187 729 2229 Hebr.
768 2187 805 2238 3,
846 2187 908 2228 13.
946 2186 1341 2228 Exhortamini
1369 2186 1469 2228 alii
1498 2187 1638 2228 alios

78 2255 348 2310 quotidie,
381 2258 557 2310 quoad
586 2258 904 2311 appellatur
933 2257 1045 2298 dies
1075 2256 1397 2310 hodiernus,
1428 2273 1491 2300 ne
1519 2258 1639 2310 quis

77 2340 137 2367 ex
164 2327 323 2369 vobis
351 2329 644 2371 induretur
672 2329 870 2370 fraude
898 2329 1127 2382 peccati.

129 2396 227 2439 VH.
267 2397 551 2453 Singulariter
589 2403 733 2442 tamen
773 2400 825 2442 ad
861 2400 971 2441 lianc
1007 2402 1263 2453 potestatem
1302 2401 1485 2454 publice,
1516 2404 1557 2442 et
1587 2416 1637 2442 ex

75 2468 249 2521 publica
277 2472 532 2513 auctoritate
561 2473 690 2514 etiam
718 2472 921 2526 privatim
951 2472 1239 2524 exercendum,
1270 2471 1462 2513 Christus
1491 2471 1639 2513 Eccle-

77 2539 164 2582 siae
200 2539 402 2584 Pastores
441 2558 489 2584 ac
525 2543 719 2596 publicos
747 2542 866 2584 verbi
894 2543 1164 2584 administros
1194 2543 1426 2596 delegavit3
1456 2543 1566 2584 unde
1597 2545 1638 2584 et

76 2609 288 2664 Apostolo
317 2612 445 2655 Petro
476 2612 667 2655 Christus
695 2613 916 2667 sigillatim
943 2614 1154 2667 promisit,
1184 2613 1308 2655 Matt.
1339 2614 1400 2665 16,
1432 2615 1493 2655 19.
1522 2614 1636 2667 Ego

76 2680 183 2722 tibi
221 2682 347 2725 dabo
388 2683 569 2726 claves
606 2685 762 2738 regni
791 2685 1089 2737 coelorum,
1128 2688 1179 2727 et
1217 2685 1477 2738 quicquid
1505 2686 1637 2739 liga-

77 2753 221 2795 veris
259 2755 311 2796 in
348 2758 519 2808 terra,
559 2756 664 2798 erit
701 2756 937 2810 ligatum
972 2757 1025 2798 in
1063 2757 1255 2808 coelis,
1295 2760 1345 2798 et
1375 2757 1637 2810 quicquid

78 2824 315 2868 solveris
358 2827 412 2867 in
449 2829 619 2880 terra,
658 2828 765 2870 erit
798 2828 1038 2869 solutum
1067 2829 1119 2870 in
1149 2829 1339 2878 coelis,
1371 2832 1411 2871 et
1441 2829 1636 2871 omnibus

79 2894 298 2948 discipulis
339 2898 600 2951 conjunctim
639 2898 737 2940 Joh.
776 2899 840 2952 20,
870 2900 933 2941 22.
967 2899 1021 2942 81
1051 2915 1276 2952 quorum
1302 2900 1637 2943 remiseritis

76 2971 327 3023 peccata,
371 2970 734 3012 remittuntur
776 2971 870 3023 eis,
920 2972 963 3013 si
1007 2986 1231 3024 quorum
1260 2972 1636 3023 retinueritis,

1444 3043 1477 3072 37
