1931 3224
281 130 345 172 DE
375 130 553 180 Qumomi
582 130 723 173 FALs1s
752 129 1063 172 PONTmcmRUM
1092 129 1377 172 SAGRAifflnris.
1527 128 1606 169 559

50 256 200 308 Deum,
239 258 281 298 et
317 257 486 298 interna
522 255 842 298 commissorum
873 257 1144 309 peccatorum
1173 268 1268 295 cum
1296 252 1441 294 dolore
1469 252 1606 293 detes-

50 328 171 370 tatio.
209 327 373 370 Scimus
407 328 531 379 enini,
560 328 690 369 talem
718 326 1027 381 poenitentiam
1057 341 1080 367 a
1110 324 1279 367 Christo
1309 322 1606 377 peccatoribus

52 398 246 440 omnibus
275 399 404 441 fuisse
433 399 781 450 commendatam,
814 400 855 439 et
883 399 1136 451 perpetuam
1163 396 1293 438 fuisse
1322 394 1609 437 conditionem

52 470 104 511 ad
131 470 424 511 remissionem
451 470 617 523 peccati
641 469 902 522 requisitam,
927 470 971 510 in
995 471 1178 521 utroque
1203 467 1498 517 Testamento;
1525 479 1608 518 qua

50 544 250 595 peccator
285 541 454 594 quidem
491 556 578 583 non
616 557 708 583 eam
736 544 934 593 meretur,
966 540 1086 594 quasi
1117 539 1319 590 effective,
1351 541 1399 579 ut
1424 539 1608 589 loquun-

50 615 134 664 tur,
187 612 420 666 attingeret
472 612 763 654 remissionem
813 611 996 665 peccati;
1041 611 1124 652 'sed
1173 625 1249 665 per
1291 625 1383 651 eam
1421 608 1607 651 conditio

52 684 308 737 adimpletur
347 699 429 736 qua
458 687 584 738 aptus
612 684 661 725 fit
691 684 744 725 ad
772 683 958 725 divinam
986 682 1320 724 misericordiam
1350 695 1609 733 consequen-

52 756 169 805 dam,
207 758 426 808 tamquam
462 771 536 810 per
573 756 617 797 id
656 755 769 808 quod
798 755 953 796 dicitur
982 768 1264 796 removens
1294 752 1609 806 prohibens.

52 826 131 868 Est
161 841 263 880 ergo
294 827 506 868 calumnia
534 828 579 868 in
606 819 788 878 nostrOS,
820 841 915 867 cum
944 827 1048 879 ipsis
1077 824 1344 878 impingitur,
1376 824 1489 876 quod
1520 838 1610 864 om-

51 913 148 940 nem
186 899 496 952 poenitentiam
531 898 736 951 rejiciant,
776 900 829 950 et,
870 897 983 950 quod
1011 895 1307 950 peccatoribus
1335 895 1424 936 sine
1455 894 1612 936 contri-

51 970 181 1023 tione,
225 973 297 1012 aut
341 971 452 1012 vitae
489 973 710 1012 anteactae
749 968 1043 1021 detestatione,
1083 966 1474 1009 reconciliationem
1511 980 1611 1019 pro-

52 1042 239 1094 mittant,
271 1041 502 1095 affingitur.

105 1111 220 1155 XVI.
251 1112 396 1155 Solam
423 1113 533 1154 hanc
561 1113 773 1155 internam
801 1111 1110 1165 poenitentiam
1134 1110 1327 1152 sufficere
1352 1109 1612 1151 affirmamus

52 1185 97 1226 in
134 1184 321 1238 peccatis
360 1184 606 1236 latentibus,
647 1198 827 1236 quorum
866 1182 946 1224 sibi
987 1182 1180 1224 conscius
1221 1183 1283 1223 est
1321 1183 1532 1234 peccator,
1572 1183 1614 1222 et

54 1270 161 1308 quae
200 1257 280 1298 soli
318 1255 410 1298 Deo
449 1259 553 1298 nota
591 1259 701 1297 sunt.
740 1255 939 1297 Liberum
976 1257 1119 1296 tamen
1158 1268 1387 1305 censemus,
1419 1255 1460 1294 et
1489 1267 1613 1305 saepe

52 1327 338 1379 utilissimum,
364 1327 630 1370 conscientiis
657 1327 862 1378 sollicitis,
888 1327 940 1368 ad
963 1342 1108 1368 eorum
1134 1326 1356 1368 consilium
1373 1324 1614 1377 confugere,

57 1399 142 1451 qui,
182 1414 232 1441 ex
268 1399 420 1452 officio,
460 1402 733 1453 peccatorum
772 1402 970 1441 naturam
999 1401 1040 1440 et
1070 1397 1408 1440 circumstantias
1436 1396 1614 1450 propius

53 1473 222 1522 norunt,
256 1473 297 1512 et
327 1486 351 1512 a
378 1471 556 1524 proprio
590 1470 782 1523 Pastore,
813 1470 1149 1512 consolationem
1179 1472 1337 1523 petere,
1367 1483 1444 1522 per
1474 1467 1613 1509 decla-

51 1541 262 1584 rationem
315 1542 501 1595 aliquam
542 1545 827 1596 peccatorum,
872 1542 1026 1595 quibus
1069 1541 1275 1583 sollicitus
1318 1540 1483 1581 animus
1526 1542 1615 1581 tor-

53 1616 229 1666 quetur:
269 1614 340 1655 sed
378 1616 673 1657 necessitatem
704 1614 754 1656 de
785 1613 981 1656 omnibus
1012 1612 1239 1655 confitendi
1267 1611 1380 1665 apud
1407 1610 1613 1661 homines,

52 1685 169 1727 velut
205 1687 475 1739 tyrannicam
511 1685 737 1739 rejicimus,
778 1700 906 1738 quani
945 1685 1074 1726 etiam
1110 1698 1188 1725 nec>
1215 1682 1458 1724 institutam
1485 1682 1615 1723 fuisse

54 1772 78 1798 a
121 1755 302 1809 Christo,
346 1772 423 1799 nec
466 1757 734 1810 imperatam,
780 1756 1048 1798 crediderunt
1090 1755 1134 1796 in
1177 1755 1369 1796 Romana
1411 1754 1614 1804 Ecclesia,

55 1829 202 1869 auctor
245 1827 431 1880 Glossae,
474 1829 518 1870 in
560 1828 741 1882 princip.
772 1827 957 1869 distinct.
1002 1828 1038 1869 5.
1083 1827 1133 1868 cle
1176 1826 1343 1868 Poenit.
1388 1828 1429 1867 et
1470 1825 1615 1866 Abbas

53 1897 288 1941 Panormit.
317 1900 360 1941 in
391 1915 481 1954 cap.
511 1899 693 1942 Omnis
722 1899 1010 1952 utriusque
1036 1913 1211 1948 sexus,
1237 1900 1356 1938 extra
1382 1897 1431 1938 de
1454 1896 1615 1950 poenit.

56 1972 97 2012 et
126 1971 285 2013 remiss.
316 1974 358 2014 et
386 1971 583 2013 Petrus
613 1970 966 2021 Oxoniensis,
998 1972 1040 2011 et
1068 1969 1158 2022 ipse
1189 1968 1428 2019 Gratianus,
1457 1968 1502 2009 in
1531 1967 1616 2009 De-

56 2045 171 2084 creto
209 2043 260 2085 de
298 2043 463 2085 Poenit.
502 2044 597 2085 dist.
629 2044 664 2084 1.
694 2041 917 2096 proposita
945 2042 1206 2094 quaestione,
1235 2040 1313 2081 An
1342 2038 1615 2081 confessio

54 2114 186 2156 haec
223 2114 538 2156 necessario
576 2113 830 2155 facienda
867 2113 941 2155 sit
980 2111 1290 2162 Sacerdoti,
1329 2112 1428 2162 post
1468 2109 1616 2150 allatas

55 2185 100 2227 in
127 2188 353 2239 utramque
381 2188 547 2239 partem
575 2185 852 2227 auctoritates
881 2183 1049 2226 Lectori
1077 2183 1258 2224 liberum
1281 2180 1485 2233 relinquit
1503 2179 1618 2233 judi-

56 2257 181 2309 cium,
218 2260 275 2299 ut
311 2260 487 2299 utram
525 2257 682 2309 velit,
721 2255 1052 2298 sententiam
1091 2254 1285 2307 eligat,
1328 2267 1411 2305 quo
1447 2250 1618 2293 nomine

55 2328 269 2371 immerito
305 2328 480 2382 vapulat
518 2328 632 2381 apud
669 2327 794 2381 Greg.
832 2327 882 2368 de
919 2325 1088 2368 Valent.
1124 2324 1216 2367 Lib.
1255 2325 1304 2367 de
1333 2323 1518 2366 Confess.
1545 2337 1619 2364 ne-

58 2399 194 2441 cessit.
225 2414 316 2452 cap.
345 2400 382 2440 3.

109 2469 246 2512 XVII.
284 2470 519 2512 Externam
557 2469 866 2522 poenitentiam
894 2468 1162 2521 requirimus,
1190 2468 1235 2509 in
1262 2466 1447 2521 peccatis
1477 2466 1618 2520 gravi-

58 2543 216 2595 oribus,
256 2557 363 2595 quae
393 2557 487 2583 cum
516 2541 729 2583 Ecclesiae
758 2540 957 2583 scandalo
989 2540 1224 2592 commissa,
1253 2540 1299 2581 in
1326 2538 1513 2592 plurium
1541 2552 1618 2579 no-

57 2614 198 2656 titiam
240 2615 537 2667 pervenerunt.
581 2612 796 2655 Adversus
838 2612 944 2654 tales
986 2614 1232 2665 peccatores
1275 2610 1510 2653 Ecclesiam
1554 2610 1619 2651 uti

57 2700 181 2739 posse
217 2688 258 2727 et
296 2685 447 2727 debere
485 2684 663 2726 clavium
700 2686 926 2738 potestate,
965 2698 1051 2725 non
1087 2699 1304 2737 negamus,
1336 2686 1384 2724 ut
1414 2697 1485 2725 eos
1511 2682 1620 2735 liget

59 2756 245 2798 censuris
286 2756 385 2808 suis,
431 2758 485 2808 et,
522 2758 622 2809 post
657 2755 948 2809 poenitentiae
985 2755 1148 2797 fructus
1186 2755 1428 2809 productos,
1469 2754 1618 2805 solvat,

58 2827 293 2870 ministerio
329 2828 410 2869 sibi
437 2827 482 2869 in
511 2842 603 2869 eam
630 2842 716 2869 rem
748 2843 772 2869 a
800 2827 891 2869 Deo
918 2841 1129 2869 concesso.
1161 2826 1253 2875 Quo
1282 2827 1500 2880 pertinent
1527 2840 1619 2867 ma-

60 2898 174 2940 xime
211 2899 514 2952 promissiones
553 2898 722 2952 Christi,
760 2898 914 2940 Matth.
954 2899 1017 2951 16,
1055 2899 1117 2941 19.
1159 2901 1200 2940 et
1236 2899 1298 2950 18,
1329 2899 1390 2940 18.
1419 2898 1477 2940 Et
1507 2912 1620 2940 com-

61 2968 207 3011 missio
235 2969 459 3024 Apostolis
483 2970 595 3022 data,
620 2968 648 3012 J
651 2969 720 3011 oh.
745 2970 809 3022 20,
833 2969 896 3011 23.
920 2969 995 3011 ubi
1018 2969 1068 3011 de
1093 2969 1281 3012 clavibus
1307 2972 1348 3011 et
1372 2970 1620 3012 remissione
