1931 3224
554 88 617 131 DE
645 88 823 130 Amans
855 84 979 127 Boms
1008 99 1055 127 Ac
1083 83 1228 126 Mms.
1605 86 1681 127 105

122 215 203 257 lior
241 214 446 267 quaestio.
483 213 575 255 Nos
612 211 845 253 multorum
883 209 1131 252 morborum
1168 223 1338 262 genera,
1374 210 1426 250 ab
1463 209 1514 250 iis
1543 209 1682 251 sanari

123 300 259 341 posse,
296 301 381 328 non
415 285 656 335 diffitemur,
687 284 759 326 sed
786 298 861 338 per
888 297 1034 324 causas
1063 282 1279 334 secundas,
1311 283 1384 322 aut
1413 296 1489 334 per
1518 281 1682 323 occulta

123 358 308 400 remedia
331 358 384 399 ab
408 357 459 398 iis
485 357 646 399 occulte
671 358 713 398 et
736 356 913 398 solerter
937 354 1140 406 adhibita,
1167 355 1240 395 aut
1265 367 1342 406 per
1368 354 1683 406 exemptionem

124 433 198 472 aut
221 429 544 471 translationem
567 428 771 470 materiae
794 427 1050 469 morbificae.
1076 425 1251 468 Morbos
1274 439 1375 466 vero
1401 425 1525 477 plane
1545 425 1683 466 letha—

124 502 195 553 les,
225 503 298 542 aut
326 501 371 542 in
400 500 552 554 quibus
577 500 755 553 alicujus
779 499 913 553 partis
937 499 1074 541 forma
1097 499 1223 552 plane
1248 497 1389 552 periit,
1411 496 1463 539 ab
1479 497 1530 537 iis
1547 498 1684 538 curari

123 587 259 626 posse,
289 572 460 614 omnino
489 586 714 625 negamus3
747 571 846 624 quia
875 570 958 612 hoo
987 570 1153 611 divinae
1181 569 1307 623 plane
1335 568 1506 610 virtutis
1537 571 1612 622 est,
1643 571 1685 611 et

125 644 290 686 divinae
318 644 553 686 vocationis
582 646 654 685 aut
683 643 896 686 missionis
925 642 1309 685 extraordinarium
1339 641 1520 693 signum.

177 714 306 757 XLII.
349 714 487 757 Multo
529 715 667 756 minus
709 715 760 756 iis
797 714 1025 756 tribuimus
1062 716 1321 768 potestatem
1348 712 1542 755 homines
1572 727 1684 754 mor-

124 791 220 830 tuos
248 788 292 829 in
320 788 452 829 vitam
480 786 718 837 reducendi,
748 788 821 827 aut
852 800 998 827 eorum
1027 785 1190 827 animas
1216 799 1266 826 ex
1291 784 1437 826 inferis
1461 784 1682 837 excitandi,

124 858 250 901 sicuti
285 857 511 900 Gentilitas
550 858 652 899 olim
691 857 879 909 credidit,
920 860 962 899 et
998 857 1110 898 inter
1146 856 1395 898 Pontificios
1433 870 1519 897 non
1548 855 1685 909 pauci.

123 931 380 984 Exemplum
408 944 508 972 vero
537 929 746 971 Samuelis
776 929 949 971 excitati
978 944 1053 982 per
1077 928 1410 970 incantationem
1440 927 1588 981 Sagae,
1615 943 1686 969 cu-

119 1006 189 1058 jus
218 1002 379 1045 mentio
408 1003 429 1044 1
461 1002 574 1044 Sam.
605 1002 667 1044 28.
696 1002 757 1054 fit,
788 1002 1070 1056 imposturam
1098 1001 1227 1042 fuisse
1256 1000 1450 1052 Satanae,
1477 1014 1519 1041 se
1545 999 1684 1053 ipsum

121 1090 199 1129 pro
230 1074 425 1116 Samuele
453 1073 724 1126 venditantiS,
758 1073 928 1115 omnino
962 1072 1202 1114 statuimus.

177 1144 328 1188 XLIII.
371 1144 494 1188 Unde
538 1159 707 1198 quoque
752 1145 967 1186 evidenter
1005 1144 1306 1195 concludimus,
1344 1158 1443 1185 vera
1482 1144 1687 1186 miracula

124 1219 177 1260 ab
214 1218 266 1260 iis
294 1217 387 1260 fieri
414 1232 501 1259 non
530 1231 665 1270 posse.
694 1215 808 1258 Nam
838 1218 880 1258 et
909 1216 1010 1258 boni
1040 1216 1197 1269 Angeli
1225 1215 1330 1257 haec
1358 1230 1577 1268 nunquam
1606 1215 1687 1257 sibi

123 1290 412 1340 vendicarunt,
443 1303 538 1330 cum
567 1287 787 1341 Scriptura
817 1287 888 1328 illa
916 1287 1027 1328 inter
1058 1301 1188 1340 opera
1216 1286 1308 1328 Deo
1336 1287 1513 1340 propria
1541 1300 1685 1328 recen-

126 1364 226 1414 seat,
264 1361 332 1403 Ps.
373 1361 436 1413 72,
468 1361 528 1402 18.
560 1362 601 1402 et
629 1360 719 1411 136,
747 1360 784 1400 4.
816 1360 934 1412 cujus
963 1359 1144 1413 gloriam
1174 1359 1227 1400 ad
1256 1374 1298 1400 se
1327 1373 1545 1411 nunquam
1572 1358 1687 1412 rapi-

124 1436 213 1475 unt.
250 1433 462 1475 Malorum
501 1446 601 1474 vero
632 1432 897 1485 Angelorum
926 1431 1136 1484 prodigia,
1168 1445 1276 1483 quae
1305 1431 1357 1472 ab
1387 1430 1438 1472 iis
1466 1431 1686 1472 venditan-

123 1507 205 1558 tur,
235 1504 301 1546 vel
330 1504 574 1558 praestigiis
605 1506 647 1545 et
676 1502 943 1544 illusionibus
969 1504 1176 1554 constant,
1202 1503 1270 1543 vel
1294 1501 1492 1555 operibus
1518 1502 1687 1555 quidem

124 1577 358 1618 humanum
395 1578 566 1630 captum
604 1573 914 1625 excedentibus,
952 1573 1013 1614 ita
1041 1575 1185 1615 tamen
1213 1576 1261 1614 ut
1290 1588 1438 1616 causae
1469 1573 1633 1626 aliquae
1663 1589 1687 1615 a

124 1647 454 1702 sapientioribus
493 1662 543 1689 ex
583 1646 677 1700 ipsa
714 1648 867 1687 natura
906 1645 997 1686 dari
1024 1644 1201 1698 possint,
1232 1645 1341 1687 unde
1371 1648 1412 1687 et
1443 1645 1602 1701 signa
1632 1661 1689 1687 ac

124 1719 386 1772 prodigia
418 1717 687 1760 mendacii
713 1732 736 1758 a
760 1716 924 1771 Spiritu
948 1716 1102 1758 Sancto
1128 1719 1345 1768 vocantur,
1370 1718 1394 1757 2
1420 1716 1563 1759 Thess.
1589 1718 1624 1768 2,
1650 1717 1686 1757 9.

178 1790 327 1833 XLIV.
358 1791 618 1833 Difficillima
647 1806 759 1843 vero,
791 1794 832 1833 et
860 1793 1003 1833 tamen
1034 1791 1247 1844 explicatu
1273 1785 1508 1832 necessaria
1538 1803 1688 1841 quaes-

124 1863 186 1905 tio
214 1866 288 1916 est,
319 1878 447 1915 quam
474 1863 560 1905 vim
587 1863 632 1905 in
661 1863 822 1905 animas
850 1863 1058 1904 humanas
1089 1862 1321 1904 obtineant.
1357 1861 1570 1913 Fatemur,
1599 1863 1689 1902 tam

126 1935 260 1977 bonos
297 1950 424 1988 quam
461 1935 595 1976 malos
632 1935 834 1988 Angelos,
863 1949 1007 1976 sensus
1038 1937 1235 1977 externos
1264 1937 1306 1976 et
1333 1934 1523 1975 internos
1550 1932 1688 1974 homi-

126 2022 228 2049 num
255 2007 374 2049 miris
402 2006 537 2048 modis
567 2006 734 2049 afficere
762 2021 897 2060 posse,
928 2006 1053 2048 sicuti
1083 2007 1316 2048 scotomate
1348 2005 1401 2046 ab
1426 2005 1477 2046 iis
1503 2004 1689 2058 percussi

127 2081 225 2121 sunt
264 2077 580 2121 Sodomitarum
619 2078 740 2131 oculi,
782 2077 883 2120 Gen.
923 2079 984 2130 19,
1025 2078 1087 2119 11.
1118 2077 1193 2119 Sui
1220 2077 1411 2131 ipsorum
1441 2078 1483 2117 et
1511 2075 1690 2117 aliarum

127 2165 404 2204 personarum
432 2165 480 2192 ac
509 2165 651 2211 rerum
678 2150 838 2203 species
866 2151 1184 2203 repraesentare
1208 2148 1358 2199 solent,
1383 2162 1525 2189 coram
1541 2146 1691 2188 animis

127 2222 349 2264 hominum
388 2221 659 2276 vigilantium
697 2224 771 2263 aut
810 2221 1123 2273 dormientium,
1163 2220 1269 2261 citra
1298 2222 1569 2261 externorum
1598 2232 1690 2259 sen-

129 2309 251 2336 suum
281 2309 415 2349 opem,
456 2293 570 2347 quod
609 2308 659 2335 ex
697 2292 959 2347 propheticis
999 2291 1173 2333 somniis
1211 2293 1252 2333 et
1281 2290 1515 2332 visionibus
1544 2290 1690 2342 liquet.

129 2365 198 2408 Sic
227 2364 418 2419 Angelus
447 2364 629 2407 Satanae
659 2364 844 2419 Spiritus
873 2363 1053 2406 mendax
1080 2363 1162 2404 fuit
1190 2363 1234 2403 in
1263 2361 1483 2417 prophetis
1512 2359 1690 2412 Achabi,

130 2439 151 2479 1
183 2437 288 2492 Reg.
317 2438 392 2479 ult.
424 2440 466 2479 et
493 2437 687 2479 homines
721 2436 882 2479 obsessi
910 2436 1048 2478 varias
1078 2435 1250 2477 illorum
1279 2433 1493 2476 illusiones
1522 2432 1692 2486 patiun-

129 2512 211 2562 tur,
236 2513 284 2551 ut
313 2509 573 2565 experientia
600 2512 794 2552 testatur.

182 2580 309 2623 XLV.
351 2581 484 2624 Sicuti
521 2583 664 2623 autem
691 2581 794 2623 boni
822 2581 979 2634 Angeli
1008 2582 1266 2634 potestatem
1295 2578 1466 2628 habent,
1494 2576 1693 2629 cogitati-

131 2668 231 2696 ones
275 2653 408 2695 bonas
448 2656 489 2695 et
527 2656 693 2695 sanctas
732 2652 999 2707 suggerendi,
1040 2651 1099 2693 sic
1127 2653 1274 2693 contra
1304 2649 1406 2691 mali
1434 2650 1694 2701 potestatem

129 2726 289 2768 habent
332 2725 588 2780 suggerendi
629 2725 910 2779 cogitationes
952 2725 1096 2775 malas,
1141 2724 1161 2764 1
1209 2722 1363 2764 Chron.
1407 2721 1471 2772 21,
1515 2721 1550 2762 1.
1590 2720 1693 2762 item

131 2797 306 2839 affectus
334 2798 554 2840 hominum
584 2797 862 2851 perturbandi
893 2799 1020 2850 atque
1049 2794 1258 2846 irritandi,
1285 2796 1331 2835 ut
1347 2793 1540 2846 exemplo
1557 2791 1694 2835 Saulis

131 2870 152 2911 1
185 2868 296 2911 Sam.
329 2871 390 2921 16,
422 2871 484 2911 15.
516 2870 842 2912 demonstratur.

184 2940 333 2982 XLVI.
372 2940 591 2994 Negamus
627 2944 782 2993 tamen,
821 2955 892 2983 eos
931 2939 1221 2982 immediatam
1251 2937 1408 2980 habere
1437 2937 1694 2990 potestatem
