1931 3224
308 133 386 175 652
918 129 1159 173 D1sPUTA'r10
1187 128 1252 172 LI.

308 256 532 310 Josaphat,
570 255 613 296 id
654 257 729 307 est,
759 254 961 307 judicii
990 253 1111 308 Dei,
1140 269 1218 308 pro
1250 255 1365 297 omni
1393 255 1486 297 loco
1516 255 1773 310 appellative
1801 271 1869 299 ac·

308 328 460 382 cipere,
500 327 544 368 in
581 341 664 379 quo
703 325 817 368 Deus
851 325 1116 378 judicaturus
1147 329 1230 378 est3
1263 342 1370 380 quae
1401 327 1549 369 eodeni
1577 341 1665 381 cap.
1695 331 1871 370 vocatur
1926 353 1931 367 τ,

309 400 476 442 vallis
514 397 868 440 concisionis.
894 397 963 439 Ad
991 400 1160 452 tempus
1190 399 1304 451 quod
1333 399 1500 451 attinet,
1529 399 1759 442 Frustra
1787 416 1871 443 an-
1928 390 1931 396 ”

308 486 403 514 nos
443 470 533 524 qui
570 470 695 512 huic
735 470 918 512 seculo
958 473 1266 523 remanent,
1307 474 1626 525 computare
1655 488 1712 515 ac
1741 473 1871 515 defi·
1929 525 1931 532 y

309 544 425 586 nire
463 557 733 593 conamur3
773 556 886 584 cum
923 542 1023 584 hoc
1062 543 1223 595 scire,
1261 557 1365 584 non
1395 557 1509 585 esse
1537 546 1783 586 nostrum
1813 559 1873 586 ex
1926 567 1929 600 j

308 615 570 657 veritatis
609 629 699 657 ore
730 614 1030 667 audiamus,
1060 617 1107 655 ut
1135 615 1242 657 bene
1269 617 1414 657 monet
1443 615 1554 669 Aug.
1584 615 1692 658 Lib.
1723 616 1784 658 18.
1814 617 1872 658 de
1914 660 1916 662 ,

310 688 555 730 Civitate
596 686 714 738 Dei,
760 701 868 739 cap.
911 686 973 727 53.
1016 687 1282 740 perpendens
1317 687 1361 729 id
1399 688 1512 740 quod
1549 687 1742 729 Christus
1781 703 1874 731 eam
1929 739 1931 741 Ι

307 758 629 812 inquisitionem
667 772 864 811 expresse
900 758 1135 811 prohibuit,
1174 759 1286 800 Act.
1322 760 1356 811 1,
1398 759 1432 801 7.
1473 759 1530 801 Et
1567 759 1801 814 Apostolus
1828 759 1873 801 in
1926 751 1931 762 ξ

307 830 510 872 Paradiso
551 830 737 876 edoctus,
777 830 827 871 de
857 829 1005 883 χρόνοις
1050 845 1096 871 ac
1129 836 1272 884 καιροῖς
1311 831 1516 872 adventus
1554 830 1741 883 Domini,
1771 831 1873 873 scri-
1927 831 1931 872 ἐ

307 903 421 954 bere,
459 902 744 944 necessarium
780 901 953 943 minime
994 901 1128 954 duxit,
1169 903 1191 943 1
1231 901 1324 944 Cor.
1355 903 1391 954 5,
1423 903 1458 944 1.
1489 901 1594 944 Cum
1624 917 1725 956 ergo
1755 903 1873 945 locus
1927 893 1931 931 .}

309 974 626 1025 determinatus,
669 976 710 1015 et
751 976 920 1027 tempus
960 973 1180 1015 definitum
1216 974 1260 1015 in
1298 974 1533 1027 sapientiae
1575 975 1740 1017 divinae
1778 975 1873 1017 the-
1925 968 1931 975 ¹

310 1046 445 1088 sauris
481 1045 777 1088 absconditum
814 1045 959 1097 lateat,
998 1046 1225 1088 temeraria
1257 1048 1366 1087 esset
1397 1046 1446 1088 de
1475 1046 1527 1088 iis
1558 1046 1802 1099 inquisiti03
1833 1049 1874 1088 et

310 1117 384 1171 qui
420 1117 463 1158 id
502 1117 552 1159 de
584 1119 778 1171 tempore
807 1119 1198 1171 praesumpserunt,
1225 1118 1315 1170 jam
1343 1117 1561 1159 multoties
1591 1117 1875 1171 subsequente

310 1189 522 1232 contrario
563 1191 727 1242 eventu,
766 1189 1022 1231 temeritatis
1058 1189 1120 1230 rei
1156 1188 1260 1230 iacti
1298 1191 1396 1230 sunt
1433 1203 1457 1230 a
1494 1188 1599 1241 Deo,
1640 1189 1712 1242 qui
1743 1196 1874 1231 unum

310 1261 421 1303 diem
459 1261 591 1302 latere
623 1260 773 1313 voluit,
803 1262 852 1301 ut
882 1275 1027 1302 omnes
1058 1260 1396 1313 observarentur,
1426 1275 1503 1302 nec
1530 1259 1726 1302 homines
1755 1274 1872 1302 secu-

309 1332 449 1374 ritatis
478 1332 691 1386 pulvinari
718 1332 1011 1374 indormirent.

363 1403 492 1446 LVII.
531 1403 598 1445 Ex
635 1404 702 1445 his
743 1418 850 1456 quae
880 1403 992 1445 dicta
1021 1406 1131 1456 sunt,
1163 1402 1309 1456 colligi
1336 1405 1480 1457 potest
1508 1402 1666 1446 Judicii
1696 1404 1874 1446 extremi

311 1477 541 1530 descriptio
580 1476 690 1528 talis,
730 1476 845 1529 quod
883 1476 951 1528 sit,
981 1475 1108 1518 Actio
1138 1475 1220 1517 Dei
1249 1490 1325 1529 per
1354 1474 1569 1517 Christum
1600 1474 1872 1529 θεάνθρωπον,

310 1565 394 1603 qua
434 1549 479 1590 in
519 1549 601 1590 fine
632 1544 881 1590 'seculorum
923 1548 1128 1590 citaturus
1164 1550 1228 1590 est
1267 1562 1424 1600 omnes,
1462 1550 1552 1589 tam
1590 1547 1708 1589 vivos
1746 1563 1875 1601 quam

308 1624 514 1673 mortuos,
554 1620 607 1662 ad
644 1619 835 1662 tribunal
871 1634 1005 1672 suum,
1046 1622 1087 1661 et
1125 1619 1417 1673 patefacturus
1457 1620 1599 1662 omnia
1628 1634 1736 1673 quae
1764 1619 1875 1662 fece-

308 1697 419 1746 runt,
458 1696 547 1736 tam
583 1693 696 1734 bona
736 1706 862 1744 quam
891 1691 1023 1742 mala3
1054 1694 1103 1732 ut
1132 1691 1402 1745 separatione
1427 1692 1642 1745 justorum
1671 1694 1713 1733 et
1740 1692 1873 1745 injus-

310 1769 454 1808 torum
489 1764 616 1817 facta,
656 1763 911 1805 sententiam
949 1763 1059 1805 ferat
1098 1765 1139 1804 et
1177 1765 1410 1816 exequatur
1440 1763 1667 1805 secundum
1696 1763 1802 1817 legis
1832 1766 1874 1806 et

310 1836 534 1890 Evangelii
576 1850 782 1888 normam,
825 1835 921 1888 pios
960 1835 1005 1876 in
1044 1837 1260 1876 aeternum
1300 1835 1478 1887 beando,
1520 1837 1561 1876 et
1599 1835 1754 1889 impios
1783 1851 1877 1878 cum

310 1909 504 1952 Diabolis
543 1906 725 1950 aeternis
763 1906 912 1960 poenis
951 1906 1244 1959 adjudicando,
1283 1906 1335 1948 ad
1374 1906 1555 1959 gloriam
1584 1907 1767 1949 nominis
1798 1908 1875 1960 sui,

311 1984 352 2024 et
382 1981 613 2023 electorum
643 1993 814 2021 suorum
845 1978 1048 2032 gaudium
1076 1978 1394 2031 sempiternum.

363 2051 517 2095 LVIII.
556 2051 670 2095 Usus
708 2051 836 2104 hujus
871 2050 1089 2093 doctrinae
1117 2050 1342 2104 multiplex
1373 2052 1446 2102 est,
1479 2050 1515 2091 1.
1544 2051 1592 2092 ut
1619 2050 1747 2092 fidem
1776 2065 1876 2093 nos-

309 2128 421 2168 tram
455 2124 504 2166 de
543 2123 694 2165 ultimo
735 2122 893 2164 Christi
931 2121 1114 2163 adventu
1153 2122 1351 2164 adversus
1391 2121 1594 2175 profanos
1639 2122 1876 2173 ἐμποιίκτοις

310 2197 560 2247 muniamus,
601 2194 651 2236 de
690 2194 844 2247 quibus
873 2193 1026 2235 Petrus
1057 2195 1091 2235 2.
1123 2208 1214 2247 cap.
1244 2194 1281 2240 3,
1310 2193 1347 2235 3.
1378 2193 1435 2235 Et
1463 2193 1524 2235 ita
1552 2193 1633 2236 fide
1664 2194 1802 2236 cordis
1833 2197 1875 2236 et

311 2268 574 2310 confessione
604 2267 702 2319 oris,
731 2281 808 2308 nos
838 2280 1081 2320 separemus
1111 2266 1163 2307 ab
1194 2265 1400 2318 omnibus,
1433 2265 1506 2317 qui
1534 2265 1601 2307 vel
1628 2265 1734 2307 illud
1761 2266 1874 2319 judi-

311 2340 422 2382 cium
459 2339 696 2394 praefracte
720 2341 892 2392 negant,
920 2338 987 2379 vel
1017 2352 1162 2379 sanam
1192 2337 1242 2379 de
1272 2352 1320 2379 eo
1350 2337 1585 2379 doctrinam
1614 2338 1872 2391 pervertunt.

310 2411 391 2455 Sed
429 2411 481 2452 ad
509 2411 675 2466 praxim
704 2411 934 2464 praecipue
963 2409 1222 2451 revocandus
1252 2412 1327 2462 est,
1359 2411 1506 2451 contra
1536 2408 1803 2461 impietatem
1833 2410 1874 2449 et

310 2483 592 2535 securitatem,
635 2485 683 2524 ut
725 2482 1009 2524 timeamus
1052 2480 1337 2522 Dominum
1381 2481 1507 2533 quia
1547 2480 1698 2522 venit
1739 2480 1874 2522 hora

305 2555 511 2609 judicii
554 2555 690 2608 ejus,
733 2553 869 2607 Apoo.
912 2553 974 2606 14,
1015 2554 1050 2595 7.
1089 2555 1238 2594 contra
1274 2552 1492 2606 crapulam
1530 2554 1573 2595 et
1611 2551 1872 2604 ebrietatem,

309 2628 408 2671 Luc.
451 2628 515 2679 21,
560 2627 621 2668 14.
665 2641 726 2668 ne
769 2625 1128 2679 superveniat
1169 2626 1223 2667 in
1259 2639 1354 2667 nos
1393 2624 1509 2666 dies
1547 2623 1649 2665 illa
1687 2638 1873 2677 repen-

309 2699 444 2752 tina,
489 2701 637 2740 contra
682 2712 802 2740 curas
844 2698 997 2739 nimias
1040 2697 1166 2750 liujus
1210 2697 1335 2749 vitae,
1378 2696 1477 2738 Luc.
1520 2697 1583 2748 21,
1628 2695 1691 2736 34.
1732 2694 1791 2736 Et
1827 2695 1872 2736 in

311 2786 474 2813 summa
503 2786 670 2813 omnem
698 2769 953 2823 injustitiam
984 2771 1026 2811 et
1054 2769 1336 2821 iniquitatem.
1366 2767 1428 2810 Ut
1457 2768 1687 2809 excitemur
1711 2768 1871 2819 contra,

312 2844 364 2884 ad
401 2843 721 2896 poenitentiam,
762 2857 810 2884 eo
847 2841 959 2894 quod
987 2840 1130 2882 Deus
1161 2839 1366 2881 statuit
1395 2839 1554 2891 diem,
1584 2838 1636 2879 in
1666 2852 1768 2891 quo
1794 2839 1872 2891 ju-

313 2915 594 2956 dicaturus
646 2917 726 2956 est
773 2913 957 2956 orbem
1001 2914 1273 2954 terrarum
1320 2911 1373 2952 in
1422 2909 1727 2963 aequitate,
1774 2909 1870 2952 Act.

312 2986 374 3036 17,
405 2986 468 3027 30.
498 2989 539 3027 et
569 2987 632 3027 31.
661 2985 719 3027 Et
748 2985 800 3027 ad
829 2982 1151 3027 beneficentiam
1182 2997 1283 3036 erga
1307 2981 1536 3036 proximos,
1561 2980 1744 3022 maxime
1770 2995 1871 3034 erga
