<?xml version="1.0" encoding="UTF-8"?>
<!DOCTYPE html PUBLIC "-//W3C//DTD XHTML 1.0 Transitional//EN"
    "http://www.w3.org/TR/xhtml1/DTD/xhtml1-transitional.dtd">
<html xmlns="http://www.w3.org/1999/xhtml" xml:lang="en" lang="en">
 <head>
  <title>
</title>
<meta http-equiv="Content-Type" content="text/html;charset=utf-8" />
  <meta name='ocr-system' content='tesseract 3.04.00' />
  <meta name='ocr-capabilities' content='ocr_page ocr_carea ocr_par ocr_line ocrx_word'/>
</head>
<body>
  <div class='ocr_page' id='page_1' title='image "./synopsispurioris00poly_0055.png"; bbox 0 0 1931 3224; ppageno 0'>
   <div class='ocr_carea' id='block_1_1' title="bbox 563 106 1664 151">
    <p class='ocr_par' dir='ltr' id='par_1_1' title="bbox 563 106 1664 151">
     <span class='ocr_line' id='line_1_1' title="bbox 563 106 1664 151; baseline -0.001 -1"><span class='ocrx_word' id='word_1_1' title='bbox 563 107 627 150; x_wconf 76' lang='lat' dir='ltr'>DE</span> <span class='ocrx_word' id='word_1_2' title='bbox 656 107 809 151; x_wconf 74' lang='lat' dir='ltr'>SACRAE</span> <span class='ocrx_word' id='word_1_3' title='bbox 837 107 991 150; x_wconf 74' lang='lat' dir='ltr'>Sc&#39;RIP&#39;r.</span> <span class='ocrx_word' id='word_1_4' title='bbox 1020 106 1212 149; x_wconf 79' lang='lat' dir='ltr'>PERFECT.</span> <span class='ocrx_word' id='word_1_5' title='bbox 1613 108 1664 149; x_wconf 84' lang='grc'>33</span> 
     </span>
    </p>
   </div>
   <div class='ocr_carea' id='block_1_2' title="bbox 111 231 1701 2925">
    <p class='ocr_par' dir='ltr' id='par_1_2' title="bbox 111 231 1673 499">
     <span class='ocr_line' id='line_1_2' title="bbox 111 231 1666 284; baseline -0.003 -9"><span class='ocrx_word' id='word_1_6' title='bbox 111 234 288 275; x_wconf 88' lang='lat' dir='ltr'>duntur:</span> <span class='ocrx_word' id='word_1_7' title='bbox 331 232 430 275; x_wconf 84' lang='lat' dir='ltr'>Joh.</span> <span class='ocrx_word' id='word_1_8' title='bbox 468 233 531 284; x_wconf 83' lang='lat'>17,</span> <span class='ocrx_word' id='word_1_9' title='bbox 569 233 606 273; x_wconf 83' lang='lat'>3.</span> <span class='ocrx_word' id='word_1_10' title='bbox 644 231 787 274; x_wconf 88' lang='lat' dir='ltr'>Haec</span> <span class='ocrx_word' id='word_1_11' title='bbox 828 234 908 273; x_wconf 91' lang='lat' dir='ltr'>est</span> <span class='ocrx_word' id='word_1_12' title='bbox 944 231 1060 273; x_wconf 86' lang='lat' dir='ltr'>vita</span> <span class='ocrx_word' id='word_1_13' title='bbox 1106 232 1348 281; x_wconf 86' lang='lat' dir='ltr'>aeterna,</span> <span class='ocrx_word' id='word_1_14' title='bbox 1397 233 1452 271; x_wconf 93' lang='lat' dir='ltr'>ut</span> <span class='ocrx_word' id='word_1_15' title='bbox 1496 233 1547 272; x_wconf 91' lang='lat' dir='ltr'>te</span> <span class='ocrx_word' id='word_1_16' title='bbox 1587 245 1666 272; x_wconf 92' lang='lat' dir='ltr'>co-</span> 
     </span>
     <span class='ocr_line' id='line_1_3' title="bbox 112 300 1671 359; baseline -0.003 -13"><span class='ocrx_word' id='word_1_17' title='bbox 112 306 368 359; x_wconf 84' lang='lat' dir='ltr'>gnoscant</span> <span class='ocrx_word' id='word_1_18' title='bbox 398 303 562 345; x_wconf 89' lang='lat' dir='ltr'>solum</span> <span class='ocrx_word' id='word_1_19' title='bbox 589 317 763 344; x_wconf 84' lang='lat' dir='ltr'>verum</span> <span class='ocrx_word' id='word_1_20' title='bbox 791 301 975 354; x_wconf 86' lang='lat' dir='ltr'>Deum,</span> <span class='ocrx_word' id='word_1_21' title='bbox 1007 305 1057 344; x_wconf 88' lang='lat' dir='ltr'>et</span> <span class='ocrx_word' id='word_1_22' title='bbox 1086 315 1239 354; x_wconf 89' lang='lat' dir='ltr'>quem</span> <span class='ocrx_word' id='word_1_23' title='bbox 1267 301 1467 342; x_wconf 89' lang='lat' dir='ltr'>misisti</span> <span class='ocrx_word' id='word_1_24' title='bbox 1496 300 1671 342; x_wconf 77' lang='grc' dir='ltr'>ι10811111</span> 
     </span>
     <span class='ocr_line' id='line_1_4' title="bbox 113 372 1673 428; baseline -0.003 -10"><span class='ocrx_word' id='word_1_25' title='bbox 113 374 409 428; x_wconf 86' lang='lat' dir='ltr'>Christum,</span> <span class='ocrx_word' id='word_1_26' title='bbox 440 376 483 416; x_wconf 90' lang='lat' dir='ltr'>et</span> <span class='ocrx_word' id='word_1_27' title='bbox 510 374 573 416; x_wconf 79' lang='lat'>20.</span> <span class='ocrx_word' id='word_1_28' title='bbox 602 374 665 415; x_wconf 98' lang='grc'>31.</span> <span class='ocrx_word' id='word_1_29' title='bbox 704 373 848 415; x_wconf 88' lang='lat' dir='ltr'>Haec</span> <span class='ocrx_word' id='word_1_30' title='bbox 887 373 1098 427; x_wconf 89' lang='lat' dir='ltr'>scripta</span> <span class='ocrx_word' id='word_1_31' title='bbox 1130 374 1271 425; x_wconf 69' lang='lat' dir='ltr'>sunts,</span> <span class='ocrx_word' id='word_1_32' title='bbox 1303 375 1360 414; x_wconf 90' lang='lat' dir='ltr'>ut</span> <span class='ocrx_word' id='word_1_33' title='bbox 1389 372 1673 414; x_wconf 85' lang='lat' dir='ltr'>credentes</span> 
     </span>
     <span class='ocr_line' id='line_1_5' title="bbox 112 445 1062 499; baseline -0.003 -11"><span class='ocrx_word' id='word_1_34' title='bbox 112 447 279 489; x_wconf 87' lang='lat' dir='ltr'>vitam</span> <span class='ocrx_word' id='word_1_35' title='bbox 308 445 564 488; x_wconf 85' lang='lat' dir='ltr'>habeatis</span> <span class='ocrx_word' id='word_1_36' title='bbox 592 460 688 499; x_wconf 87' lang='lat' dir='ltr'>per</span> <span class='ocrx_word' id='word_1_37' title='bbox 715 459 904 486; x_wconf 89' lang='lat' dir='ltr'>nomen</span> <span class='ocrx_word' id='word_1_38' title='bbox 935 445 1062 496; x_wconf 86' lang='lat' dir='ltr'>ejus.</span> 
     </span>
    </p>

    <p class='ocr_par' dir='ltr' id='par_1_3' title="bbox 114 514 1678 1141">
     <span class='ocr_line' id='line_1_6' title="bbox 165 514 1674 569; baseline -0.003 -9"><span class='ocrx_word' id='word_1_39' title='bbox 165 516 324 560; x_wconf 89' lang='lat' dir='ltr'>XVIII.</span> <span class='ocrx_word' id='word_1_40' title='bbox 376 516 580 569; x_wconf 82' lang='lat' dir='ltr'>Secundo,</span> <span class='ocrx_word' id='word_1_41' title='bbox 632 516 795 558; x_wconf 83' lang='lat' dir='ltr'>formae</span> <span class='ocrx_word' id='word_1_42' title='bbox 842 516 1020 568; x_wconf 88' lang='lat' dir='ltr'>ratione,</span> <span class='ocrx_word' id='word_1_43' title='bbox 1072 530 1179 569; x_wconf 89' lang='lat' dir='ltr'>quae</span> <span class='ocrx_word' id='word_1_44' title='bbox 1222 530 1272 557; x_wconf 82' lang='lat' dir='ltr'>ex</span> <span class='ocrx_word' id='word_1_45' title='bbox 1313 515 1553 556; x_wconf 80' lang='lat' dir='ltr'>admirabili</span> <span class='ocrx_word' id='word_1_46' title='bbox 1594 514 1674 556; x_wconf 92' lang='lat' dir='ltr'>Dei</span> 
     </span>
     <span class='ocr_line' id='line_1_7' title="bbox 114 586 1674 643; baseline -0.003 -12"><span class='ocrx_word' id='word_1_47' title='bbox 114 588 308 643; x_wconf 72' lang='grc' dir='ltr'><em>οἰκονομίᾳ</em></span> <span class='ocrx_word' id='word_1_48' title='bbox 339 589 423 630; x_wconf 89' lang='lat' dir='ltr'>toti</span> <span class='ocrx_word' id='word_1_49' title='bbox 453 602 573 630; x_wconf 87' lang='lat' dir='ltr'>sacro</span> <span class='ocrx_word' id='word_1_50' title='bbox 602 587 809 629; x_wconf 86' lang='lat' dir='ltr'>volumini</span> <span class='ocrx_word' id='word_1_51' title='bbox 839 602 887 629; x_wconf 87' lang='lat' dir='ltr'>ac</span> <span class='ocrx_word' id='word_1_52' title='bbox 916 587 1095 640; x_wconf 85' lang='lat' dir='ltr'>singulis</span> <span class='ocrx_word' id='word_1_53' title='bbox 1126 588 1214 639; x_wconf 86' lang='lat' dir='ltr'>ejus</span> <span class='ocrx_word' id='word_1_54' title='bbox 1243 586 1413 639; x_wconf 80' lang='lat' dir='ltr'>paginis</span> <span class='ocrx_word' id='word_1_55' title='bbox 1437 586 1497 627; x_wconf 87' lang='lat' dir='ltr'>sic</span> <span class='ocrx_word' id='word_1_56' title='bbox 1522 588 1586 627; x_wconf 88' lang='lat' dir='ltr'>est</span> <span class='ocrx_word' id='word_1_57' title='bbox 1609 586 1674 626; x_wconf 89' lang='lat' dir='ltr'>in-</span> 
     </span>
     <span class='ocr_line' id='line_1_8' title="bbox 115 656 1676 713; baseline -0.003 -11"><span class='ocrx_word' id='word_1_58' title='bbox 115 660 215 712; x_wconf 87' lang='lat' dir='ltr'>dita,</span> <span class='ocrx_word' id='word_1_59' title='bbox 253 662 301 702; x_wconf 89' lang='lat' dir='ltr'>ut</span> <span class='ocrx_word' id='word_1_60' title='bbox 328 660 470 713; x_wconf 89' lang='lat' dir='ltr'>ipsum</span> <span class='ocrx_word' id='word_1_61' title='bbox 497 659 636 702; x_wconf 87' lang='lat' dir='ltr'>Deum</span> <span class='ocrx_word' id='word_1_62' title='bbox 664 658 857 701; x_wconf 86' lang='lat' dir='ltr'>veritatis</span> <span class='ocrx_word' id='word_1_63' title='bbox 887 658 1086 699; x_wconf 85' lang='lat' dir='ltr'>salutaris</span> <span class='ocrx_word' id='word_1_64' title='bbox 1117 657 1398 710; x_wconf 87' lang='lat' dir='ltr'>archetypum</span> <span class='ocrx_word' id='word_1_65' title='bbox 1426 656 1549 698; x_wconf 87' lang='lat' dir='ltr'>nobis</span> <span class='ocrx_word' id='word_1_66' title='bbox 1577 671 1676 709; x_wconf 89' lang='lat' dir='ltr'>pas-</span> 
     </span>
     <span class='ocr_line' id='line_1_9' title="bbox 115 728 1676 785; baseline -0.003 -12"><span class='ocrx_word' id='word_1_67' title='bbox 115 731 195 773; x_wconf 85' lang='lat' dir='ltr'>sim</span> <span class='ocrx_word' id='word_1_68' title='bbox 232 731 286 773; x_wconf 90' lang='lat' dir='ltr'>ob</span> <span class='ocrx_word' id='word_1_69' title='bbox 326 731 472 773; x_wconf 88' lang='lat' dir='ltr'>oculos</span> <span class='ocrx_word' id='word_1_70' title='bbox 509 732 746 785; x_wconf 82' lang='lat' dir='ltr'>proponat;</span> <span class='ocrx_word' id='word_1_71' title='bbox 784 730 965 782; x_wconf 88' lang='lat' dir='ltr'>ideoque</span> <span class='ocrx_word' id='word_1_72' title='bbox 995 745 1018 771; x_wconf 92' lang='lat' dir='ltr'>a</span> <span class='ocrx_word' id='word_1_73' title='bbox 1046 729 1165 771; x_wconf 89' lang='lat' dir='ltr'>Mose</span> <span class='ocrx_word' id='word_1_74' title='bbox 1195 738 1288 771; x_wconf 60' lang='lat' dir='ltr'>maz-⁹</span> <span class='ocrx_word' id='word_1_75' title='bbox 1320 728 1463 782; x_wconf 59' lang='grc' dir='ltr'><em>ἐξοχὴν</em></span> <span class='ocrx_word' id='word_1_76' title='bbox 1500 730 1676 769; x_wconf 87' lang='lat' dir='ltr'>vocatur</span> 
     </span>
     <span class='ocr_line' id='line_1_10' title="bbox 116 799 1675 856; baseline -0.003 -12"><span class='ocrx_word' id='word_1_77' title='bbox 116 802 395 856; x_wconf 84' lang='lat' dir='ltr'>sapientia</span> <span class='ocrx_word' id='word_1_78' title='bbox 433 804 475 844; x_wconf 91' lang='lat' dir='ltr'>et</span> <span class='ocrx_word' id='word_1_79' title='bbox 513 802 689 844; x_wconf 88' lang='lat' dir='ltr'>scientia</span> <span class='ocrx_word' id='word_1_80' title='bbox 726 801 1038 856; x_wconf 86' lang='lat' dir='ltr'>perfectissima</span> <span class='ocrx_word' id='word_1_81' title='bbox 1077 815 1219 842; x_wconf 89' lang='lat' dir='ltr'>coram</span> <span class='ocrx_word' id='word_1_82' title='bbox 1257 800 1452 842; x_wconf 86' lang='lat' dir='ltr'>omnibus</span> <span class='ocrx_word' id='word_1_83' title='bbox 1488 799 1675 852; x_wconf 88' lang='lat' dir='ltr'>populis,</span> 
     </span>
     <span class='ocr_line' id='line_1_11' title="bbox 115 870 1677 926; baseline -0.003 -11"><span class='ocrx_word' id='word_1_84' title='bbox 115 872 243 915; x_wconf 87' lang='lat' dir='ltr'>Deut.</span> <span class='ocrx_word' id='word_1_85' title='bbox 282 873 320 925; x_wconf 85' lang='lat'>4,</span> <span class='ocrx_word' id='word_1_86' title='bbox 358 874 395 914; x_wconf 79' lang='lat'>6.</span> <span class='ocrx_word' id='word_1_87' title='bbox 426 889 450 915; x_wconf 93' lang='lat' dir='ltr'>a</span> <span class='ocrx_word' id='word_1_88' title='bbox 478 872 648 915; x_wconf 84' lang='lat' dir='ltr'>Christo</span> <span class='ocrx_word' id='word_1_89' title='bbox 677 874 773 926; x_wconf 89' lang='lat' dir='ltr'>ipsa</span> <span class='ocrx_word' id='word_1_90' title='bbox 802 873 1032 924; x_wconf 87' lang='lat' dir='ltr'>veritas,</span> <span class='ocrx_word' id='word_1_91' title='bbox 1063 870 1162 914; x_wconf 83' lang='lat' dir='ltr'>Joh.</span> <span class='ocrx_word' id='word_1_92' title='bbox 1192 871 1253 923; x_wconf 95' lang='grc'>17,</span> <span class='ocrx_word' id='word_1_93' title='bbox 1285 871 1347 912; x_wconf 92' lang='grc'>17.</span> <span class='ocrx_word' id='word_1_94' title='bbox 1378 886 1402 911; x_wconf 90' lang='lat' dir='ltr'>a</span> <span class='ocrx_word' id='word_1_95' title='bbox 1430 870 1565 912; x_wconf 90' lang='lat' dir='ltr'>Paulo</span> <span class='ocrx_word' id='word_1_96' title='bbox 1595 884 1677 912; x_wconf 86' lang='lat' dir='ltr'>ve-</span> 
     </span>
     <span class='ocr_line' id='line_1_12' title="bbox 116 941 1676 998; baseline -0.002 -12"><span class='ocrx_word' id='word_1_97' title='bbox 116 945 253 986; x_wconf 89' lang='lat' dir='ltr'>ritas</span> <span class='ocrx_word' id='word_1_98' title='bbox 298 945 587 986; x_wconf 89' lang='lat' dir='ltr'>secundum</span> <span class='ocrx_word' id='word_1_99' title='bbox 628 945 914 998; x_wconf 85' lang='lat' dir='ltr'>pietatem,</span> <span class='ocrx_word' id='word_1_100' title='bbox 959 943 1042 985; x_wconf 92' lang='lat' dir='ltr'>Tit.</span> <span class='ocrx_word' id='word_1_101' title='bbox 1086 943 1121 995; x_wconf 93' lang='grc'>1,</span> <span class='ocrx_word' id='word_1_102' title='bbox 1163 944 1198 984; x_wconf 92' lang='grc'>1.</span> <span class='ocrx_word' id='word_1_103' title='bbox 1237 941 1329 984; x_wconf 85' lang='grc' dir='ltr'>Νο0</span> <span class='ocrx_word' id='word_1_104' title='bbox 1365 957 1462 993; x_wconf 87' lang='grc'><strong>11011,</strong></span> <span class='ocrx_word' id='word_1_105' title='bbox 1503 956 1676 983; x_wconf 82' lang='grc'><strong>8011110</strong></span> 
     </span>
     <span class='ocr_line' id='line_1_13' title="bbox 117 1014 1678 1070; baseline -0.003 -12"><span class='ocrx_word' id='word_1_106' title='bbox 117 1016 334 1069; x_wconf 80' lang='lat' dir='ltr'>fidelis,</span> <span class='ocrx_word' id='word_1_107' title='bbox 376 1031 554 1068; x_wconf 90' lang='lat' dir='ltr'>sanus,</span> <span class='ocrx_word' id='word_1_108' title='bbox 593 1015 1118 1070; x_wconf 84' lang='lat' dir='ltr'>irreprehensibilis</span> <span class='ocrx_word' id='word_1_109' title='bbox 1149 1016 1198 1056; x_wconf 87' lang='lat' dir='ltr'>et</span> <span class='ocrx_word' id='word_1_110' title='bbox 1229 1014 1428 1067; x_wconf 81' lang='lat' dir='ltr'>dignus</span> <span class='ocrx_word' id='word_1_111' title='bbox 1461 1014 1551 1066; x_wconf 88' lang='lat' dir='ltr'>qui</span> <span class='ocrx_word' id='word_1_112' title='bbox 1580 1028 1678 1055; x_wconf 88' lang='lat' dir='ltr'>om-</span> 
     </span>
     <span class='ocr_line' id='line_1_14' title="bbox 117 1088 820 1141; baseline -0.001 -11"><span class='ocrx_word' id='word_1_113' title='bbox 117 1088 275 1130; x_wconf 89' lang='lat' dir='ltr'>nibus</span> <span class='ocrx_word' id='word_1_114' title='bbox 304 1088 471 1129; x_wconf 88' lang='lat' dir='ltr'>modis</span> <span class='ocrx_word' id='word_1_115' title='bbox 500 1088 820 1141; x_wconf 84' lang='lat' dir='ltr'>recipiatur.</span> 
     </span>
    </p>

    <p class='ocr_par' dir='ltr' id='par_1_4' title="bbox 118 1157 1685 1559">
     <span class='ocr_line' id='line_1_15' title="bbox 171 1157 1682 1213; baseline -0.003 -11"><span class='ocrx_word' id='word_1_116' title='bbox 171 1159 287 1202; x_wconf 90' lang='lat' dir='ltr'>XIX.</span> <span class='ocrx_word' id='word_1_117' title='bbox 326 1158 518 1213; x_wconf 82' lang='lat' dir='ltr'>Septima</span> <span class='ocrx_word' id='word_1_118' title='bbox 545 1160 746 1213; x_wconf 87' lang='lat' dir='ltr'>probatio</span> <span class='ocrx_word' id='word_1_119' title='bbox 777 1160 1009 1201; x_wconf 71' lang='lat' dir='ltr'>exstruitur</span> <span class='ocrx_word' id='word_1_120' title='bbox 1038 1174 1089 1201; x_wconf 84' lang='lat' dir='ltr'>ex</span> <span class='ocrx_word' id='word_1_121' title='bbox 1117 1159 1311 1212; x_wconf 86' lang='lat' dir='ltr'>partibus</span> <span class='ocrx_word' id='word_1_122' title='bbox 1342 1159 1431 1210; x_wconf 85' lang='lat' dir='ltr'>ejus</span> <span class='ocrx_word' id='word_1_123' title='bbox 1458 1157 1682 1210; x_wconf 83' lang='lat' dir='ltr'>integrali-</span> 
     </span>
     <span class='ocr_line' id='line_1_16' title="bbox 118 1229 1680 1284; baseline -0.003 -11"><span class='ocrx_word' id='word_1_124' title='bbox 118 1231 210 1283; x_wconf 81' lang='lat' dir='ltr'>bus,</span> <span class='ocrx_word' id='word_1_125' title='bbox 249 1230 361 1284; x_wconf 81' lang='lat' dir='ltr'>Lege</span> <span class='ocrx_word' id='word_1_126' title='bbox 395 1231 568 1283; x_wconf 89' lang='lat' dir='ltr'>scilicet,</span> <span class='ocrx_word' id='word_1_127' title='bbox 600 1234 641 1273; x_wconf 90' lang='lat' dir='ltr'>et</span> <span class='ocrx_word' id='word_1_128' title='bbox 669 1231 918 1284; x_wconf 85' lang='lat' dir='ltr'>Evangelio,</span> <span class='ocrx_word' id='word_1_129' title='bbox 948 1231 991 1272; x_wconf 90' lang='lat' dir='ltr'>id</span> <span class='ocrx_word' id='word_1_130' title='bbox 1021 1234 1096 1282; x_wconf 90' lang='lat' dir='ltr'>est,</span> <span class='ocrx_word' id='word_1_131' title='bbox 1128 1230 1318 1272; x_wconf 89' lang='lat' dir='ltr'>caritatis</span> <span class='ocrx_word' id='word_1_132' title='bbox 1348 1244 1396 1271; x_wconf 88' lang='lat' dir='ltr'>ac</span> <span class='ocrx_word' id='word_1_133' title='bbox 1427 1229 1525 1270; x_wconf 90' lang='lat' dir='ltr'>fidei</span> <span class='ocrx_word' id='word_1_134' title='bbox 1557 1243 1680 1282; x_wconf 86' lang='lat' dir='ltr'>prae—</span> 
     </span>
     <span class='ocr_line' id='line_1_17' title="bbox 121 1300 1682 1356; baseline -0.003 -12"><span class='ocrx_word' id='word_1_135' title='bbox 121 1303 267 1356; x_wconf 89' lang='lat' dir='ltr'>ceptis,</span> <span class='ocrx_word' id='word_1_136' title='bbox 318 1302 362 1343; x_wconf 88' lang='lat' dir='ltr'>in</span> <span class='ocrx_word' id='word_1_137' title='bbox 411 1303 564 1355; x_wconf 86' lang='lat' dir='ltr'>quibus</span> <span class='ocrx_word' id='word_1_138' title='bbox 606 1305 700 1344; x_wconf 89' lang='lat' dir='ltr'>tota</span> <span class='ocrx_word' id='word_1_139' title='bbox 740 1302 893 1356; x_wconf 83' lang='lat' dir='ltr'>religio</span> <span class='ocrx_word' id='word_1_140' title='bbox 938 1302 1028 1344; x_wconf 92' lang='lat' dir='ltr'>Deo</span> <span class='ocrx_word' id='word_1_141' title='bbox 1072 1304 1196 1356; x_wconf 82' lang='lat' dir='ltr'>grata</span> <span class='ocrx_word' id='word_1_142' title='bbox 1238 1302 1446 1353; x_wconf 85' lang='lat' dir='ltr'>nobisque</span> <span class='ocrx_word' id='word_1_143' title='bbox 1484 1300 1682 1342; x_wconf 87' lang='lat' dir='ltr'>salutaris</span> 
     </span>
     <span class='ocr_line' id='line_1_18' title="bbox 122 1371 1681 1428; baseline -0.002 -13"><span class='ocrx_word' id='word_1_144' title='bbox 122 1374 375 1416; x_wconf 85' lang='lat' dir='ltr'>continetur.</span> <span class='ocrx_word' id='word_1_145' title='bbox 407 1373 530 1424; x_wconf 80' lang='lat' dir='ltr'>Quod</span> <span class='ocrx_word' id='word_1_146' title='bbox 554 1376 696 1416; x_wconf 89' lang='lat' dir='ltr'>autem</span> <span class='ocrx_word' id='word_1_147' title='bbox 721 1377 889 1416; x_wconf 89' lang='lat' dir='ltr'>constat</span> <span class='ocrx_word' id='word_1_148' title='bbox 914 1373 1329 1427; x_wconf 49' lang='lat' dir='ltr'>omnibus&#39;partibus</span> <span class='ocrx_word' id='word_1_149' title='bbox 1354 1371 1681 1428; x_wconf 84' lang='lat' dir='ltr'>integrantibus,</span> 
     </span>
     <span class='ocr_line' id='line_1_19' title="bbox 122 1444 1685 1499; baseline -0.004 -10"><span class='ocrx_word' id='word_1_150' title='bbox 122 1448 186 1489; x_wconf 82' lang='lat' dir='ltr'>est</span> <span class='ocrx_word' id='word_1_151' title='bbox 227 1446 444 1499; x_wconf 84' lang='lat' dir='ltr'>integrum</span> <span class='ocrx_word' id='word_1_152' title='bbox 487 1448 528 1487; x_wconf 89' lang='lat' dir='ltr'>et</span> <span class='ocrx_word' id='word_1_153' title='bbox 563 1448 716 1497; x_wconf 84' lang='lat' dir='ltr'>totum,</span> <span class='ocrx_word' id='word_1_154' title='bbox 758 1448 799 1487; x_wconf 92' lang='lat' dir='ltr'>et</span> <span class='ocrx_word' id='word_1_155' title='bbox 839 1445 952 1498; x_wconf 87' lang='lat' dir='ltr'>quod</span> <span class='ocrx_word' id='word_1_156' title='bbox 989 1447 1129 1487; x_wconf 91' lang='lat' dir='ltr'>totum</span> <span class='ocrx_word' id='word_1_157' title='bbox 1168 1447 1242 1497; x_wconf 83' lang='lat' dir='ltr'>est,</span> <span class='ocrx_word' id='word_1_158' title='bbox 1273 1444 1507 1498; x_wconf 84' lang='lat' dir='ltr'>perfectum</span> <span class='ocrx_word' id='word_1_159' title='bbox 1537 1445 1612 1494; x_wconf 89' lang='lat' dir='ltr'>est,</span> <span class='ocrx_word' id='word_1_160' title='bbox 1643 1445 1685 1484; x_wconf 89' lang='lat' dir='ltr'>et</span> 
     </span>
     <span class='ocr_line' id='line_1_20' title="bbox 121 1516 1222 1559; baseline -0.002 0"><span class='ocrx_word' id='word_1_161' title='bbox 121 1517 212 1559; x_wconf 86' lang='lat' dir='ltr'>vice</span> <span class='ocrx_word' id='word_1_162' title='bbox 241 1531 374 1559; x_wconf 87' lang='lat' dir='ltr'>versa.</span> <span class='ocrx_word' id='word_1_163' title='bbox 405 1516 523 1558; x_wconf 89' lang='lat' dir='ltr'>Haec</span> <span class='ocrx_word' id='word_1_164' title='bbox 554 1517 666 1559; x_wconf 87' lang='lat' dir='ltr'>enim</span> <span class='ocrx_word' id='word_1_165' title='bbox 694 1517 876 1558; x_wconf 88' lang='lat' dir='ltr'>invicem</span> <span class='ocrx_word' id='word_1_166' title='bbox 904 1519 1222 1558; x_wconf 86' lang='lat' dir='ltr'>convertuntur.</span> 
     </span>
    </p>

    <p class='ocr_par' dir='ltr' id='par_1_5' title="bbox 122 1587 1687 1927">
     <span class='ocr_line' id='line_1_21' title="bbox 175 1587 1683 1642; baseline -0.003 -12"><span class='ocrx_word' id='word_1_167' title='bbox 175 1588 269 1630; x_wconf 92' lang='lat' dir='ltr'>XX.</span> <span class='ocrx_word' id='word_1_168' title='bbox 300 1588 462 1630; x_wconf 83' lang='lat' dir='ltr'>Octava</span> <span class='ocrx_word' id='word_1_169' title='bbox 489 1589 600 1630; x_wconf 86' lang='lat' dir='ltr'>ratio</span> <span class='ocrx_word' id='word_1_170' title='bbox 630 1591 694 1630; x_wconf 91' lang='lat' dir='ltr'>est</span> <span class='ocrx_word' id='word_1_171' title='bbox 723 1604 746 1630; x_wconf 87' lang='lat' dir='ltr'>a</span> <span class='ocrx_word' id='word_1_172' title='bbox 774 1588 975 1642; x_wconf 89' lang='lat' dir='ltr'>perfectis</span> <span class='ocrx_word' id='word_1_173' title='bbox 1005 1589 1094 1641; x_wconf 89' lang='lat' dir='ltr'>ejus</span> <span class='ocrx_word' id='word_1_174' title='bbox 1120 1588 1291 1639; x_wconf 84' lang='lat' dir='ltr'>effectis,</span> <span class='ocrx_word' id='word_1_175' title='bbox 1318 1587 1430 1640; x_wconf 86' lang='lat' dir='ltr'>quod</span> <span class='ocrx_word' id='word_1_176' title='bbox 1455 1587 1683 1637; x_wconf 88' lang='lat' dir='ltr'>hominem,</span> 
     </span>
     <span class='ocr_line' id='line_1_22' title="bbox 123 1658 1686 1714; baseline -0.003 -12"><span class='ocrx_word' id='word_1_177' title='bbox 123 1660 297 1712; x_wconf 86' lang='lat' dir='ltr'>scilicet,</span> <span class='ocrx_word' id='word_1_178' title='bbox 337 1676 413 1702; x_wconf 87' lang='lat' dir='ltr'>sua</span> <span class='ocrx_word' id='word_1_179' title='bbox 450 1661 721 1703; x_wconf 86' lang='lat' dir='ltr'>institutione</span> <span class='ocrx_word' id='word_1_180' title='bbox 759 1660 908 1702; x_wconf 87' lang='lat' dir='ltr'>reddat</span> <span class='ocrx_word' id='word_1_181' title='bbox 940 1659 1188 1714; x_wconf 86' lang='lat' dir='ltr'>perfectum,</span> <span class='ocrx_word' id='word_1_182' title='bbox 1220 1662 1261 1701; x_wconf 92' lang='lat' dir='ltr'>et</span> <span class='ocrx_word' id='word_1_183' title='bbox 1288 1658 1475 1712; x_wconf 75' lang='lat' dir='ltr'>perfecte</span> <span class='ocrx_word' id='word_1_184' title='bbox 1504 1659 1686 1700; x_wconf 88' lang='lat' dir='ltr'>instruc-</span> 
     </span>
     <span class='ocr_line' id='line_1_23' title="bbox 122 1728 1686 1793; baseline -0.003 -20"><span class='ocrx_word' id='word_1_185' title='bbox 122 1733 215 1793; x_wconf 80' lang='lat' dir='ltr'>tum</span> <span class='ocrx_word' id='word_1_186' title='bbox 264 1731 317 1772; x_wconf 87' lang='lat' dir='ltr'>ad</span> <span class='ocrx_word' id='word_1_187' title='bbox 355 1746 479 1773; x_wconf 91' lang='lat' dir='ltr'>omne</span> <span class='ocrx_word' id='word_1_188' title='bbox 518 1746 625 1785; x_wconf 89' lang='lat' dir='ltr'>opus</span> <span class='ocrx_word' id='word_1_189' title='bbox 660 1732 831 1783; x_wconf 88' lang='lat' dir='ltr'>bonum,</span> <span class='ocrx_word' id='word_1_190' title='bbox 872 1745 1050 1784; x_wconf 88' lang='lat' dir='ltr'>eumque</span> <span class='ocrx_word' id='word_1_191' title='bbox 1087 1731 1213 1784; x_wconf 86' lang='lat' dir='ltr'>pleno</span> <span class='ocrx_word' id='word_1_192' title='bbox 1253 1729 1408 1783; x_wconf 84' lang='lat' dir='ltr'>gaudio</span> <span class='ocrx_word' id='word_1_193' title='bbox 1446 1728 1686 1782; x_wconf 85' lang='lat' dir='ltr'>perfundat,</span> 
     </span>
     <span class='ocr_line' id='line_1_24' title="bbox 123 1801 1687 1856; baseline -0.002 -13"><span class='ocrx_word' id='word_1_194' title='bbox 123 1802 148 1842; x_wconf 83' lang='lat'><strong>2</strong></span> <span class='ocrx_word' id='word_1_195' title='bbox 178 1801 286 1844; x_wconf 89' lang='lat' dir='ltr'>Tim.</span> <span class='ocrx_word' id='word_1_196' title='bbox 315 1802 352 1854; x_wconf 88' lang='grc'>3,</span> <span class='ocrx_word' id='word_1_197' title='bbox 384 1802 446 1843; x_wconf 89' lang='grc'>17.</span> <span class='ocrx_word' id='word_1_198' title='bbox 476 1803 497 1843; x_wconf 94' lang='grc'>1</span> <span class='ocrx_word' id='word_1_199' title='bbox 529 1801 629 1844; x_wconf 86' lang='lat' dir='ltr'>Joh.</span> <span class='ocrx_word' id='word_1_200' title='bbox 658 1803 695 1844; x_wconf 86' lang='lat'>4.</span> <span class='ocrx_word' id='word_1_201' title='bbox 720 1803 984 1845; x_wconf 87' lang='lat' dir='ltr'>Effectorum</span> <span class='ocrx_word' id='word_1_202' title='bbox 1009 1801 1297 1856; x_wconf 86' lang='lat' dir='ltr'>perfectorum</span> <span class='ocrx_word' id='word_1_203' title='bbox 1323 1815 1493 1843; x_wconf 84' lang='lat' dir='ltr'>causam</span> <span class='ocrx_word' id='word_1_204' title='bbox 1518 1815 1687 1853; x_wconf 86' lang='lat' dir='ltr'>quoque</span> 
     </span>
     <span class='ocr_line' id='line_1_25' title="bbox 124 1873 789 1927; baseline 0 -12"><span class='ocrx_word' id='word_1_205' title='bbox 124 1873 361 1927; x_wconf 84' lang='lat' dir='ltr'>perfectam</span> <span class='ocrx_word' id='word_1_206' title='bbox 392 1887 482 1915; x_wconf 88' lang='lat' dir='ltr'>esse</span> <span class='ocrx_word' id='word_1_207' title='bbox 511 1889 682 1916; x_wconf 87' lang='lat' dir='ltr'>necesse</span> <span class='ocrx_word' id='word_1_208' title='bbox 713 1876 789 1915; x_wconf 90' lang='lat' dir='ltr'>est.</span> 
     </span>
    </p>

    <p class='ocr_par' dir='ltr' id='par_1_6' title="bbox 126 1943 1696 2559">
     <span class='ocr_line' id='line_1_26' title="bbox 178 1943 1689 2000; baseline -0.001 -14"><span class='ocrx_word' id='word_1_209' title='bbox 178 1943 294 1986; x_wconf 89' lang='lat' dir='ltr'>XXI.</span> <span class='ocrx_word' id='word_1_210' title='bbox 337 1943 465 1987; x_wconf 87' lang='lat' dir='ltr'>Nona</span> <span class='ocrx_word' id='word_1_211' title='bbox 507 1946 670 1998; x_wconf 90' lang='lat' dir='ltr'>petitur</span> <span class='ocrx_word' id='word_1_212' title='bbox 713 1961 737 1987; x_wconf 92' lang='lat' dir='ltr'>a</span> <span class='ocrx_word' id='word_1_213' title='bbox 780 1946 1033 2000; x_wconf 86' lang='lat' dir='ltr'>gravissima</span> <span class='ocrx_word' id='word_1_214' title='bbox 1074 1945 1228 1987; x_wconf 80' lang='lat' dir='ltr'>Esaiae</span> <span class='ocrx_word' id='word_1_215' title='bbox 1270 1943 1689 1996; x_wconf 87' lang='lat' dir='ltr'>commonefactione,</span> 
     </span>
     <span class='ocr_line' id='line_1_27' title="bbox 126 2014 1691 2070; baseline -0.002 -12"><span class='ocrx_word' id='word_1_216' title='bbox 126 2016 341 2069; x_wconf 88' lang='lat' dir='ltr'>quoslibet</span> <span class='ocrx_word' id='word_1_217' title='bbox 370 2017 422 2058; x_wconf 88' lang='lat' dir='ltr'>ab</span> <span class='ocrx_word' id='word_1_218' title='bbox 451 2016 649 2059; x_wconf 87' lang='lat' dir='ltr'>humanis</span> <span class='ocrx_word' id='word_1_219' title='bbox 680 2018 930 2067; x_wconf 87' lang='lat' dir='ltr'>commentis</span> <span class='ocrx_word' id='word_1_220' title='bbox 960 2018 1013 2059; x_wconf 88' lang='lat' dir='ltr'>ad</span> <span class='ocrx_word' id='word_1_221' title='bbox 1042 2017 1179 2059; x_wconf 90' lang='lat' dir='ltr'>solam</span> <span class='ocrx_word' id='word_1_222' title='bbox 1207 2016 1452 2070; x_wconf 82' lang='lat' dir='ltr'>Scripturae</span> <span class='ocrx_word' id='word_1_223' title='bbox 1477 2014 1691 2058; x_wconf 86' lang='lat' dir='ltr'>Mosaicae</span> 
     </span>
     <span class='ocr_line' id='line_1_28' title="bbox 127 2087 1693 2142; baseline -0.002 -13"><span class='ocrx_word' id='word_1_224' title='bbox 127 2102 175 2130; x_wconf 85' lang='lat' dir='ltr'>ac</span> <span class='ocrx_word' id='word_1_225' title='bbox 215 2087 499 2142; x_wconf 87' lang='lat' dir='ltr'>Propheticae</span> <span class='ocrx_word' id='word_1_226' title='bbox 538 2103 733 2131; x_wconf 88' lang='lat' dir='ltr'>normam</span> <span class='ocrx_word' id='word_1_227' title='bbox 769 2089 1020 2141; x_wconf 75' lang='lat' dir='ltr'>revocantis,</span> <span class='ocrx_word' id='word_1_228' title='bbox 1052 2103 1142 2142; x_wconf 89' lang='lat' dir='ltr'>cap.</span> <span class='ocrx_word' id='word_1_229' title='bbox 1172 2088 1208 2140; x_wconf 79' lang='lat'>8,</span> <span class='ocrx_word' id='word_1_230' title='bbox 1240 2088 1303 2128; x_wconf 79' lang='lat'>20.</span> <span class='ocrx_word' id='word_1_231' title='bbox 1333 2087 1410 2128; x_wconf 90' lang='lat' dir='ltr'>Ad</span> <span class='ocrx_word' id='word_1_232' title='bbox 1440 2087 1613 2140; x_wconf 86' lang='lat' dir='ltr'>legem</span> <span class='ocrx_word' id='word_1_233' title='bbox 1644 2087 1693 2126; x_wconf 91' lang='lat' dir='ltr'>et</span> 
     </span>
     <span class='ocr_line' id='line_1_29' title="bbox 127 2157 1691 2212; baseline -0.003 -11"><span class='ocrx_word' id='word_1_234' title='bbox 127 2159 189 2201; x_wconf 87' lang='lat' dir='ltr'>ad</span> <span class='ocrx_word' id='word_1_235' title='bbox 215 2159 624 2211; x_wconf 82' lang='lat' dir='ltr'>testimonium3</span> <span class='ocrx_word' id='word_1_236' title='bbox 657 2161 700 2202; x_wconf 91' lang='lat' dir='ltr'>si</span> <span class='ocrx_word' id='word_1_237' title='bbox 728 2175 834 2202; x_wconf 91' lang='grc'><strong>11011</strong></span> <span class='ocrx_word' id='word_1_238' title='bbox 863 2159 1111 2202; x_wconf 82' lang='lat' dir='ltr'>dixerint</span> <span class='ocrx_word' id='word_1_239' title='bbox 1136 2160 1297 2212; x_wconf 81' lang='lat' dir='ltr'>juxta</span> <span class='ocrx_word' id='word_1_240' title='bbox 1325 2158 1426 2199; x_wconf 89' lang='grc'><strong>1100</strong></span> <span class='ocrx_word' id='word_1_241' title='bbox 1450 2157 1691 2208; x_wconf 87' lang='lat' dir='ltr'>verbum,</span> 
     </span>
     <span class='ocr_line' id='line_1_30' title="bbox 126 2228 1695 2285; baseline -0.001 -14"><span class='ocrx_word' id='word_1_242' title='bbox 126 2230 283 2272; x_wconf 88' lang='lat' dir='ltr'>nulla</span> <span class='ocrx_word' id='word_1_243' title='bbox 311 2231 456 2285; x_wconf 89' lang='lat' dir='ltr'>ipsis</span> <span class='ocrx_word' id='word_1_244' title='bbox 487 2235 569 2274; x_wconf 89' lang='lat' dir='ltr'>est</span> <span class='ocrx_word' id='word_1_245' title='bbox 597 2232 739 2274; x_wconf 91' lang='lat' dir='ltr'>lucis</span> <span class='ocrx_word' id='word_1_246' title='bbox 769 2231 1044 2274; x_wconf 88' lang='lat' dir='ltr'>scintilla.</span> <span class='ocrx_word' id='word_1_247' title='bbox 1075 2230 1120 2273; x_wconf 78' lang='lat' dir='ltr'>Si</span> <span class='ocrx_word' id='word_1_248' title='bbox 1156 2233 1298 2272; x_wconf 89' lang='lat' dir='ltr'>autem</span> <span class='ocrx_word' id='word_1_249' title='bbox 1329 2230 1469 2283; x_wconf 87' lang='lat' dir='ltr'>prisca</span> <span class='ocrx_word' id='word_1_250' title='bbox 1501 2228 1695 2270; x_wconf 79' lang='lat' dir='ltr'>Ecclesia</span> 
     </span>
     <span class='ocr_line' id='line_1_31' title="bbox 128 2300 1696 2356; baseline -0.002 -13"><span class='ocrx_word' id='word_1_251' title='bbox 128 2301 308 2344; x_wconf 80' lang='lat' dir='ltr'>Judaica</span> <span class='ocrx_word' id='word_1_252' title='bbox 346 2302 398 2345; x_wconf 89' lang='lat' dir='ltr'>ab</span> <span class='ocrx_word' id='word_1_253' title='bbox 438 2303 568 2345; x_wconf 86' lang='lat' dir='ltr'>Esaia</span> <span class='ocrx_word' id='word_1_254' title='bbox 607 2304 660 2345; x_wconf 88' lang='lat' dir='ltr'>ad</span> <span class='ocrx_word' id='word_1_255' title='bbox 700 2304 837 2346; x_wconf 86' lang='lat' dir='ltr'>solam</span> <span class='ocrx_word' id='word_1_256' title='bbox 876 2303 1141 2356; x_wconf 82' lang='lat' dir='ltr'>Scripturam</span> <span class='ocrx_word' id='word_1_257' title='bbox 1179 2302 1256 2343; x_wconf 89' lang='lat' dir='ltr'>sub</span> <span class='ocrx_word' id='word_1_258' title='bbox 1286 2300 1379 2354; x_wconf 82' lang='lat' dir='ltr'>lege</span> <span class='ocrx_word' id='word_1_259' title='bbox 1409 2300 1696 2353; x_wconf 81' lang='lat' dir='ltr'>conscriptam</span> 
     </span>
     <span class='ocr_line' id='line_1_32' title="bbox 127 2370 1695 2429; baseline -0.002 -14"><span class='ocrx_word' id='word_1_260' title='bbox 127 2374 355 2426; x_wconf 86' lang='lat' dir='ltr'>reducitur,</span> <span class='ocrx_word' id='word_1_261' title='bbox 408 2375 502 2428; x_wconf 86' lang='lat' dir='ltr'>pari</span> <span class='ocrx_word' id='word_1_262' title='bbox 544 2389 646 2429; x_wconf 88' lang='lat' dir='ltr'>ergo</span> <span class='ocrx_word' id='word_1_263' title='bbox 690 2375 868 2427; x_wconf 89' lang='lat' dir='ltr'>ratione,</span> <span class='ocrx_word' id='word_1_264' title='bbox 912 2375 998 2416; x_wconf 91' lang='lat' dir='ltr'>imo</span> <span class='ocrx_word' id='word_1_265' title='bbox 1040 2374 1206 2427; x_wconf 85' lang='lat' dir='ltr'>majori,</span> <span class='ocrx_word' id='word_1_266' title='bbox 1251 2373 1303 2414; x_wconf 85' lang='lat' dir='ltr'>ad</span> <span class='ocrx_word' id='word_1_267' title='bbox 1346 2372 1485 2414; x_wconf 87' lang='lat' dir='ltr'>solum</span> <span class='ocrx_word' id='word_1_268' title='bbox 1526 2370 1695 2413; x_wconf 85' lang='lat' dir='ltr'>Veteris</span> 
     </span>
     <span class='ocr_line' id='line_1_33' title="bbox 128 2442 1696 2488; baseline -0.003 -1"><span class='ocrx_word' id='word_1_269' title='bbox 128 2445 256 2487; x_wconf 89' lang='lat' dir='ltr'>simul</span> <span class='ocrx_word' id='word_1_270' title='bbox 307 2448 349 2487; x_wconf 89' lang='lat' dir='ltr'>et</span> <span class='ocrx_word' id='word_1_271' title='bbox 399 2444 515 2488; x_wconf 88' lang='lat' dir='ltr'>Novi</span> <span class='ocrx_word' id='word_1_272' title='bbox 561 2446 824 2488; x_wconf 85' lang='lat' dir='ltr'>Testamenti</span> <span class='ocrx_word' id='word_1_273' title='bbox 865 2446 1163 2488; x_wconf 89' lang='lat' dir='ltr'>testimonium</span> <span class='ocrx_word' id='word_1_274' title='bbox 1210 2444 1401 2486; x_wconf 87' lang='lat' dir='ltr'>Ecclesia</span> <span class='ocrx_word' id='word_1_275' title='bbox 1453 2442 1696 2484; x_wconf 84' lang='lat' dir='ltr'>Christiana</span> 
     </span>
     <span class='ocr_line' id='line_1_34' title="bbox 130 2516 376 2559; baseline 0.004 -2"><span class='ocrx_word' id='word_1_276' title='bbox 130 2516 376 2559; x_wconf 88' lang='lat' dir='ltr'>remittitur.</span> 
     </span>
    </p>

    <p class='ocr_par' dir='ltr' id='par_1_7' title="bbox 130 2584 1701 2925">
     <span class='ocr_line' id='line_1_35' title="bbox 183 2584 1698 2631; baseline -0.001 -2"><span class='ocrx_word' id='word_1_277' title='bbox 183 2587 318 2630; x_wconf 85' lang='lat' dir='ltr'>XXII.</span> <span class='ocrx_word' id='word_1_278' title='bbox 349 2587 525 2630; x_wconf 89' lang='lat' dir='ltr'>Decima</span> <span class='ocrx_word' id='word_1_279' title='bbox 555 2591 619 2630; x_wconf 88' lang='lat' dir='ltr'>est</span> <span class='ocrx_word' id='word_1_280' title='bbox 648 2604 672 2630; x_wconf 93' lang='lat' dir='ltr'>a</span> <span class='ocrx_word' id='word_1_281' title='bbox 697 2589 911 2631; x_wconf 86' lang='lat' dir='ltr'>communi</span> <span class='ocrx_word' id='word_1_282' title='bbox 936 2590 978 2630; x_wconf 91' lang='lat' dir='ltr'>et</span> <span class='ocrx_word' id='word_1_283' title='bbox 1003 2587 1196 2630; x_wconf 85' lang='lat' dir='ltr'>confesso</span> <span class='ocrx_word' id='word_1_284' title='bbox 1222 2585 1481 2628; x_wconf 83' lang='lat' dir='ltr'>Judaeorum</span> <span class='ocrx_word' id='word_1_285' title='bbox 1503 2584 1698 2627; x_wconf 89' lang='lat' dir='ltr'>testimo-</span> 
     </span>
     <span class='ocr_line' id='line_1_36' title="bbox 130 2655 1698 2714; baseline -0.003 -13"><span class='ocrx_word' id='word_1_286' title='bbox 130 2659 216 2712; x_wconf 89' lang='lat' dir='ltr'>nio,</span> <span class='ocrx_word' id='word_1_287' title='bbox 247 2659 299 2701; x_wconf 86' lang='lat' dir='ltr'>ab</span> <span class='ocrx_word' id='word_1_288' title='bbox 328 2659 424 2714; x_wconf 88' lang='lat' dir='ltr'>ipso</span> <span class='ocrx_word' id='word_1_289' title='bbox 454 2660 584 2702; x_wconf 89' lang='lat' dir='ltr'>etiam</span> <span class='ocrx_word' id='word_1_290' title='bbox 608 2659 778 2702; x_wconf 79' lang='lat' dir='ltr'>Christo</span> <span class='ocrx_word' id='word_1_291' title='bbox 805 2659 1059 2714; x_wconf 89' lang='lat' dir='ltr'>approbato,</span> <span class='ocrx_word' id='word_1_292' title='bbox 1085 2658 1184 2700; x_wconf 79' lang='lat' dir='ltr'>Joh.</span> <span class='ocrx_word' id='word_1_293' title='bbox 1210 2658 1246 2709; x_wconf 77' lang='lat'>5,</span> <span class='ocrx_word' id='word_1_294' title='bbox 1272 2657 1335 2698; x_wconf 83' lang='lat'>39.</span> <span class='ocrx_word' id='word_1_295' title='bbox 1361 2655 1698 2698; x_wconf 81' lang='lat' dir='ltr'>Scrutamini</span> 
     </span>
     <span class='ocr_line' id='line_1_37' title="bbox 132 2727 1700 2784; baseline -0.003 -12"><span class='ocrx_word' id='word_1_296' title='bbox 132 2729 478 2784; x_wconf 80' lang='lat' dir='ltr'>Scripturas,</span> <span class='ocrx_word' id='word_1_297' title='bbox 524 2747 643 2773; x_wconf 87' lang='lat' dir='ltr'>nam</span> <span class='ocrx_word' id='word_1_298' title='bbox 687 2731 1036 2774; x_wconf 85' lang='lat' dir='ltr'>existimatis</span> <span class='ocrx_word' id='word_1_299' title='bbox 1086 2744 1180 2771; x_wconf 86' lang='lat' dir='ltr'>vos</span> <span class='ocrx_word' id='word_1_300' title='bbox 1231 2728 1284 2769; x_wconf 93' lang='lat' dir='ltr'>in</span> <span class='ocrx_word' id='word_1_301' title='bbox 1336 2727 1477 2781; x_wconf 89' lang='lat' dir='ltr'>ipsis</span> <span class='ocrx_word' id='word_1_302' title='bbox 1529 2727 1700 2768; x_wconf 88' lang='lat' dir='ltr'>vitam</span> 
     </span>
     <span class='ocr_line' id='line_1_38' title="bbox 131 2797 1700 2854; baseline -0.003 -11"><span class='ocrx_word' id='word_1_303' title='bbox 131 2801 346 2844; x_wconf 89' lang='lat' dir='ltr'>habere.</span> <span class='ocrx_word' id='word_1_304' title='bbox 386 2801 432 2845; x_wconf 82' lang='lat' dir='ltr'>Si</span> <span class='ocrx_word' id='word_1_305' title='bbox 469 2801 623 2844; x_wconf 85' lang='lat' dir='ltr'>Judaei</span> <span class='ocrx_word' id='word_1_306' title='bbox 661 2802 744 2845; x_wconf 91' lang='lat' dir='ltr'>hoc</span> <span class='ocrx_word' id='word_1_307' title='bbox 781 2805 906 2854; x_wconf 90' lang='lat' dir='ltr'>recte,</span> <span class='ocrx_word' id='word_1_308' title='bbox 948 2817 998 2843; x_wconf 81' lang='lat' dir='ltr'>ex</span> <span class='ocrx_word' id='word_1_309' title='bbox 1038 2800 1198 2842; x_wconf 81' lang='lat' dir='ltr'>Christi</span> <span class='ocrx_word' id='word_1_310' title='bbox 1227 2798 1448 2850; x_wconf 87' lang='lat' dir='ltr'>sententia,</span> <span class='ocrx_word' id='word_1_311' title='bbox 1481 2798 1531 2839; x_wconf 88' lang='lat' dir='ltr'>de</span> <span class='ocrx_word' id='word_1_312' title='bbox 1556 2797 1700 2851; x_wconf 83' lang='lat' dir='ltr'>Scrip-</span> 
     </span>
     <span class='ocr_line' id='line_1_39' title="bbox 132 2869 1701 2925; baseline -0.004 -9"><span class='ocrx_word' id='word_1_313' title='bbox 132 2874 240 2916; x_wconf 86' lang='lat' dir='ltr'>turis</span> <span class='ocrx_word' id='word_1_314' title='bbox 280 2873 449 2915; x_wconf 88' lang='lat' dir='ltr'>Veteris</span> <span class='ocrx_word' id='word_1_315' title='bbox 488 2873 753 2916; x_wconf 85' lang='lat' dir='ltr'>Testamenti</span> <span class='ocrx_word' id='word_1_316' title='bbox 790 2874 1100 2925; x_wconf 82' lang='lat' dir='ltr'>existimarunt,</span> <span class='ocrx_word' id='word_1_317' title='bbox 1142 2886 1221 2914; x_wconf 88' lang='lat' dir='ltr'>nos</span> <span class='ocrx_word' id='word_1_318' title='bbox 1258 2871 1371 2912; x_wconf 87' lang='lat' dir='ltr'>idem</span> <span class='ocrx_word' id='word_1_319' title='bbox 1407 2884 1509 2924; x_wconf 83' lang='lat' dir='ltr'>ergo</span> <span class='ocrx_word' id='word_1_320' title='bbox 1549 2869 1701 2922; x_wconf 87' lang='lat' dir='ltr'>majori</span> 
     </span>
    </p>
   </div>
   <div class='ocr_carea' id='block_1_3' title="bbox 129 2944 1556 3038">
    <p class='ocr_par' dir='ltr' id='par_1_8' title="bbox 129 2944 1556 3038">
     <span class='ocr_line' id='line_1_40' title="bbox 129 2944 1474 2999; baseline -0.002 -13"><span class='ocrx_word' id='word_1_321' title='bbox 129 2945 224 2997; x_wconf 86' lang='lat' dir='ltr'>jure</span> <span class='ocrx_word' id='word_1_322' title='bbox 253 2944 302 2987; x_wconf 89' lang='lat' dir='ltr'>de</span> <span class='ocrx_word' id='word_1_323' title='bbox 331 2947 425 2988; x_wconf 86' lang='lat' dir='ltr'>toto</span> <span class='ocrx_word' id='word_1_324' title='bbox 458 2946 681 2999; x_wconf 88' lang='lat' dir='ltr'>utriusque</span> <span class='ocrx_word' id='word_1_325' title='bbox 711 2945 974 2989; x_wconf 86' lang='lat' dir='ltr'>Testamenti</span> <span class='ocrx_word' id='word_1_326' title='bbox 1001 2944 1216 2987; x_wconf 87' lang='lat' dir='ltr'>volumine</span> <span class='ocrx_word' id='word_1_327' title='bbox 1245 2956 1474 2985; x_wconf 86' lang='lat' dir='ltr'>censemus.</span> 
     </span>
     <span class='ocr_line' id='line_1_41' title="bbox 1538 3014 1556 3038; baseline 0 0"><span class='ocrx_word' id='word_1_328' title='bbox 1538 3014 1556 3038; x_wconf 83' lang='lat'><strong>3</strong></span> 
     </span>
    </p>
   </div>
  </div>
 </body>
</html>
