1931 3224
631 149 695 192 DE
724 149 854 192 COENA
882 149 1045 192 Domm.
1541 148 1619 193 525

63 277 105 316 et
142 290 166 316 3
204 274 395 316 fidelibus
434 275 613 316 sumitur
654 275 916 328 ipsissimum
953 288 1106 327 corpus
1146 275 1187 314 et
1226 272 1399 328 sanguis
1437 271 1617 323 Christi;

62 345 175 398 quod
212 347 434 399 proprium
464 361 512 388 ac
539 347 734 388 nativum
763 345 1035 389 Sacramento
1068 347 1142 386 est.
1173 344 1298 393 Quali
1324 343 1470 397 phrasi
1499 343 1619 397 Apo-

61 416 196 458 stolus
233 417 347 468 dicit,
387 417 747 470 Evangelium
785 432 897 459 esse
925 416 1235 470 potentiam
1265 414 1365 456 Dei
1395 415 1455 455 ad
1484 414 1619 455 salu-

62 490 163 528 tem
197 488 338 529 omni
362 489 631 540 credenti,
658 491 711 540 et,
736 503 925 541 panem
950 501 1100 540 quem
1123 485 1449 538 frangimus,
1475 484 1518 525 id
1543 486 1619 536 est,

0 604 3 607 ,
59 557 311 599 fractionem
339 558 460 612 panis
490 559 877 612 comestionemque
907 573 1023 600 esse
1055 556 1483 599 communionem
1511 569 1620 597 cor-

60 628 211 682 poris
241 628 463 671 Christi.

113 699 303 743 LXXIV.
322 699 445 743 Unde
462 701 653 743 Christus
669 701 813 755 potius
830 701 948 753 dixit,
974 700 1016 742 H
1030 715 1053 742 o
1067 716 1088 742 c
1113 702 1194 742 est
1218 713 1414 752 corpus
1436 713 1623 750 meum,

61 774 103 813 et
139 771 240 813 Hic
278 774 358 814 est
395 773 620 826 sanguis
658 787 821 823 meus,
860 772 1096 825 improprie
1132 771 1235 824 pani
1277 773 1318 811 et
1361 770 1460 811 vino
1499 769 1621 810 attri-

59 842 192 884 buens
221 857 376 885 nomen
405 844 596 896 corporis
625 845 666 885 et
695 842 935 898 sanguinis3
965 842 1092 894 idque
1121 842 1165 883 in
1197 856 1246 883 eo
1278 840 1390 893 quod
1420 840 1522 892 quid
1547 843 1621 891 est,

60 914 182 966 quasi
220 915 454 956 essentialis
493 915 733 957 enunciatio
771 913 894 965 foret,
927 928 1053 966 quam
1082 912 1259 966 proprio
1289 927 1442 965 genere
1470 911 1623 953 locuti-

61 984 151 1026 onis
180 986 244 1027 uti
272 986 418 1037 voluit,
449 1001 601 1039 nempe
628 987 807 1039 propter
838 985 991 1026 claram
1022 983 1389 1037 significationem,
1416 996 1623 1024 summam

60 1055 381 1098 similitudinem
425 1059 466 1098 et
510 1056 752 1110 analogiam
789 1055 942 1097 horum
982 1056 1203 1108 signorum
1246 1054 1297 1096 ad
1334 1069 1424 1096 rem
1462 1053 1624 1107 signifi-

60 1129 211 1179 catam,
252 1127 609 1181 obsignationem,
648 1127 1027 1178 confirmationem,
1069 1126 1380 1175 certitudinem,
1421 1125 1624 1167 certiora-

58 1199 233 1250 tionem,
272 1198 580 1241 exhibitionem
619 1201 660 1240 et
691 1198 958 1240 collationem
988 1213 1064 1252 per
1092 1198 1197 1239 haec
1226 1198 1348 1250 signa
1376 1197 1437 1238 rei
1461 1196 1624 1250 signifi-

61 1272 193 1322 catae,
231 1269 410 1323 (habent
449 1271 560 1312 enim
597 1270 726 1312 verba
764 1270 870 1312 haec
908 1269 1114 1311 inclusam
1153 1268 1481 1323 promissionem
1511 1268 1572 1309 rei
1601 1282 1624 1308 a

59 1340 150 1383 Deo
189 1341 347 1383 factam
386 1345 427 1384 et
468 1342 652 1384 externis
683 1338 815 1394 signis
845 1341 1046 1392 additam,
1078 1355 1186 1394 quae
1215 1355 1237 1380 a
1270 1342 1392 1393 parte
1421 1339 1503 1380 Dei
1535 1353 1624 1380 om-

2 1424 5 1427 *
57 1412 182 1454 nibus
223 1413 410 1461 offertur,
449 1428 499 1455 ex
536 1416 658 1466 parte
687 1415 834 1454 nostra
862 1412 943 1454 fide
974 1411 1200 1465 accipitur)
1232 1426 1361 1464 quam
1389 1410 1627 1452 sententiae

59 1483 281 1537 emphasin
320 1487 362 1525 et
397 1484 592 1537 ἐνέργειαν
629 1484 715 1526 ulla
745 1483 1049 1536 qualiscunque
1078 1483 1254 1536 propria
1284 1481 1525 1524 enunciatio
1556 1481 1627 1522 vix

58 1556 310 1608 assequitur.
336 1556 481 1608 Atque
507 1555 550 1596 in
565 1555 645 1598 hac
663 1555 1123 1607 83οΥ301011ὺ311σχέσει
1140 1556 1181 1596 et
1195 1553 1446 1595 habitudine
1462 1552 1626 1595 Coenae

58 1626 308 1669 Dominicae
337 1627 530 1669 Forma
561 1626 883 1669 essentialis
915 1626 1119 1668 consistit.

113 1697 283 1740 LXXV.
324 1697 463 1747 Quare
501 1697 718 1740 Pontificii
747 1697 1219 1739 Transubstantiatores
1250 1695 1405 1749 aliique
1435 1695 1625 1737 Consub-

61 1769 334 1810 stantiatores
375 1769 447 1821 qui
485 1769 662 1822 propria
690 1769 795 1811 haec
826 1784 915 1811 esse
947 1768 1171 1810 enunciata
1199 1769 1404 1817 asserunt,
1438 1767 1627 1820 graviter

59 1838 276 1881 falluntur.
317 1839 468 1893 Neque
507 1841 591 1894 ipsi
627 1856 773 1882 revera
810 1841 893 1882 hoc
929 1840 1074 1881 dicunt
1114 1839 1228 1892 quod
1256 1839 1476 1892 Scriptura
1506 1838 1626 1890 dicit,

57 1912 105 1951 ut
142 1910 331 1965 ipsorum
368 1911 667 1964 interpretatio
695 1911 868 1952 indicat.
896 1909 997 1952 Non
1026 1910 1137 1952 enim
1167 1909 1385 1962 quaeritur
1415 1908 1515 1961 quid
1544 1907 1619 1948 fiat

61 1996 112 2022 ex
148 1997 270 2034 pane,
311 1985 384 2024 aut
423 1983 495 2023 ubi
535 1983 590 2024 sit
629 1982 719 2024 seu'
739 1982 957 2023 delitescat
997 1995 1149 2034 corpus
1180 1982 1221 2021 et
1249 1980 1422 2033 sanguis
1452 1978 1611 2020 Christi

59 2052 145 2094 sive
175 2053 252 2094 sub
281 2054 404 2095 nudis
432 2054 665 2107 speciebus,
695 2054 781 2095 sive
810 2053 887 2094 sub
916 2067 1025 2106 pane
1054 2059 1094 2093 et
1119 2052 1225 2103 vino,
1251 2051 1364 2104 quod
1389 2051 1526 2105 reipsa
1551 2052 1615 2092 est

61 2139 111 2166 ex
139 2125 394 2178 praedicatis
422 2125 613 2178 subjecta
640 2125 791 2167 facere.
821 2124 985 2166 Deinde
1014 2138 1109 2165 cum
1136 2137 1212 2176 per
1239 2122 1332 2174 hoc,
1359 2124 1431 2163 aut
1454 2121 1614 2175 species

60 2198 254 2238 aeternas
293 2197 415 2250 panis
455 2199 527 2238 aut
565 2196 665 2249 vini,
703 2199 751 2237 ut
788 2196 863 2247 illi,
904 2197 976 2237 aut
1014 2209 1167 2248 panem
1207 2196 1248 2235 et
1285 2193 1444 2244 vinum,
1483 2195 1531 2234 ut
1568 2192 1626 2244 hi,

59 2267 316 2321 intelligant,
359 2271 400 2309 et
439 2268 516 2309 sub
554 2267 619 2320 iis,
658 2270 706 2308 ut
745 2268 956 2317 contenta,
996 2280 1149 2319 corpus
1190 2267 1230 2306 et
1261 2264 1510 2318 sanguinem
1540 2263 1629 2315 Do-

60 2338 166 2380 mini
193 2339 568 2392 comprehendant,
593 2339 637 2380 in
663 2338 852 2391 subjecto
878 2337 1117 2379 necessario
1143 2338 1318 2389 tropum
1343 2334 1626 2390 synecdoches

60 2409 277 2451 inducunt.
309 2409 503 2462 Denique
533 2424 626 2451 cum
654 2409 737 2450 illis
767 2409 872 2462 ipsis
903 2410 1124 2461 praeterea
1154 2407 1374 2461 signorum
1402 2407 1628 2458 rationem,

61 2480 150 2522 sine
195 2495 277 2533 qua
316 2481 424 2521 nihil
461 2483 772 2522 sacramentum
813 2482 887 2531 est,
927 2479 1178 2530 attribuant,
1218 2478 1331 2531 quod
1370 2477 1459 2518 sine
1499 2476 1626 2518 certis

62 2552 201 2594 verbis
238 2551 522 2593 institutionis
562 2551 679 2605 (sunt
716 2551 828 2593 enim
866 2551 988 2604 signa
1027 2565 1078 2592 ex
1104 2550 1324 2602 instituto)
1356 2547 1623 2602 significandi

0 2644 1 2647 ¹
63 2626 205 2665 actum
244 2623 556 2665 declarantibus
593 2623 685 2664 fieri
721 2623 880 2676 nequit,
922 2637 1029 2675 quae
1067 2637 1153 2664 non
1184 2622 1282 2663 sunt
1312 2619 1395 2661 alia
1421 2619 1550 2661 etiam
1579 2634 1630 2661 ex

62 2694 254 2748 ipsorum
297 2696 439 2735 mente
485 2709 625 2746 quam,
667 2692 782 2735 Hoc
825 2695 905 2734 est
948 2707 1146 2746 corpus
1189 2705 1379 2741 meum,
1420 2689 1507 2730 hic
1547 2691 1629 2730 est

64 2766 292 2819 sanguis
321 2780 484 2816 meus,
510 2767 558 2806 ut
584 2764 819 2817 adaequata
845 2763 899 2805 sit
923 2763 1157 2816 praedicati
1181 2762 1233 2803 ad
1250 2760 1487 2814 subjectum
1504 2760 1629 2812 ratio,

63 2836 196 2877 velint
233 2837 384 2887 nolint,
414 2836 458 2877 in
487 2835 729 2888 praedicato
760 2835 1066 2888 metonymiam
1095 2847 1326 2889 agnoscere
1354 2846 1524 2873 necesse
1553 2831 1631 2872 ha-

68 2906 183 2958 bent,
211 2907 295 2948 nisi
325 2921 493 2949 omnem
521 2907 732 2948 rationem
761 2907 1014 2948 sacramenti
1043 2921 1092 2948 ac
1119 2905 1232 2959 signi
1257 2905 1461 2946 evertant.

120 2976 310 3020 LXXVI.
349 2977 619 3020 Postremum
655 2978 700 3019 in
736 2977 851 3020 hisce
889 2977 1030 3020 verbis
1069 2977 1238 3031 Christi,
1278 2979 1342 3020 est
1383 2974 1630 3027 αἰτιολογία,
