1931 3224
392 133 456 175 DE
485 133 638 175 MISSAE
667 133 886 177 SAOR1r1c1o
913 149 1082 181 EJUSQUE
1110 148 1307 177 Assusmus.
1556 137 1633 179 539

74 259 283 302 tributum
313 273 402 301 esse
431 260 657 310 asseverat,
686 260 734 300 ut
760 257 830 300 Ps.
861 259 950 309 110,
981 259 1016 300 1.
1044 258 1174 301 Hebr.
1205 259 1241 301 7.
1273 261 1315 301 et
1343 259 1632 312 sequentibus.

128 329 286 372 XXVI.
328 331 440 373 Hinc
479 333 612 384 patet,
656 331 991 372 commentitiam
1033 345 1123 372 esse
1165 331 1481 374 distinctionem
1521 332 1633 373 inter

74 401 290 443 Christum
318 404 366 443 ut
393 402 656 455 primarium,
687 404 729 443 et
756 401 981 443 Missificos
1010 403 1058 442 ut
1087 403 1358 444 secundarios
1387 401 1501 445 Novi
1530 402 1631 445 Tes-

72 472 251 514 tamenti
289 472 549 515 Sacerdotes.
587 472 811 526 Nusquam
845 474 958 514 enim
986 472 1192 521 Christus,
1222 476 1271 514 ut
1298 473 1526 526 primarius
1557 473 1633 516 Sa-

52 544 219 586 ‚cerdos
258 543 352 585 aliis
391 543 655 596 excellenter,
694 546 742 585 ut
781 543 1049 595 secundariiS,
1091 544 1162 586 sed
1192 543 1363 597 passim,
1393 543 1460 585 vel
1488 544 1632 594 relate,

72 617 119 656 ut
156 615 431 657 adumbratus
465 614 669 658 Sacerdos
698 615 1048 657 adumbrantibus
1078 615 1155 656 sub
1183 613 1343 666 Veteri,
1372 614 1438 656 vel
1465 617 1513 656 ut
1542 614 1634 656 uni-

72 701 143 729 cus
172 682 367 740 pluribus
396 686 473 728 sub
503 685 629 728 Novo
661 686 870 728 exclusive
899 686 1142 740 opponitur.

123 756 301 799 XXVII.
339 757 397 799 Et
433 772 532 799 sane
570 758 684 799 nulla
723 757 1015 799 conditionum
1053 772 1160 810 quae
1188 757 1233 798 in
1261 756 1489 799 Sacerdote
1519 756 1633 799 Novi

69 828 333 871 Testamenti
370 829 656 882 requiruntur,
685 829 730 870 in
758 828 1005 870 sacrificulis
1035 828 1374 870 Romanensibus
1404 828 1628 871 invenitur.

71 899 234 941 Harum
274 901 412 955 prima
454 902 529 952 est,
572 902 620 941 ut
661 899 870 953 abrogato
913 899 1149 941 sacerdotio
1188 898 1387 948 Levitico,
1426 898 1631 941 Sacerdos

70 970 184 1013 Novi
234 971 497 1013 Testamenti
547 971 601 1012 sit
652 971 880 1012 secundum
923 970 1113 1012 ordinem
1153 969 1461 1022 Melchisedeci,
1503 972 1632 1023 atque

70 1042 174 1084 adeo
213 1042 303 1084 sine
338 1045 472 1096 patre,
514 1042 602 1083 sine
638 1044 787 1094 matre,
828 1041 918 1083 sine
956 1056 1123 1094 genere,
1164 1055 1241 1082 nec
1269 1041 1440 1082 initium
1469 1041 1632 1083 dierum

68 1114 241 1166 habens,
278 1129 355 1156 nec
394 1115 506 1156 vitae
544 1114 684 1165 finem,
722 1115 850 1166 atque
879 1114 923 1154 in
953 1114 1172 1154 aeternum
1200 1126 1387 1164 manens,
1418 1127 1468 1154 ex
1496 1113 1538 1154 vi
1567 1112 1632 1154 in-

73 1186 332 1228 dissolubilis
371 1186 494 1228 vitae.
535 1186 658 1235 Quod
688 1185 768 1227 soli
797 1183 966 1226 Christo
995 1183 1231 1239 Apostolus
1260 1183 1470 1236 attribuit,
1499 1183 1630 1226 Hebr.

70 1257 107 1309 7,
137 1257 201 1299 15.
231 1259 273 1299 61
302 1271 418 1310 seqq.

124 1327 326 1371 XXVIII.
356 1328 547 1372 Secunda
578 1328 765 1370 conditio
795 1330 872 1375 est,
902 1329 950 1369 ut
978 1327 1206 1370 secundum
1237 1326 1527 1369 definitionem
1556 1326 1632 1370 Sa-

71 1399 253 1442 cerdotis
289 1398 405 1441 Novi
442 1399 716 1451 Testamenti,
756 1398 829 1452 qui
866 1397 1071 1441 Sacerdos
1109 1400 1186 1450 est,
1227 1397 1351 1440 simul
1389 1397 1443 1438 sit
1472 1397 1631 1439 sacrifi-

72 1470 197 1522 cium,
236 1469 440 1513 Sacerdos
479 1470 641 1512 scilicet
678 1485 754 1523 per
792 1484 930 1522 quem,
960 1472 1001 1511 et
1030 1469 1294 1521 sacrificium,
1325 1483 1408 1522 quo
1436 1467 1630 1510 homines

68 1541 160 1583 Deo
212 1541 560 1591 reconciliantur3
605 1540 728 1590 Quod
769 1541 850 1582 soli
891 1540 1060 1582 Christo
1103 1541 1327 1593 proprium
1370 1543 1434 1582 est
1477 1543 1629 1593 quarto

68 1613 208 1655 modo.
247 1611 361 1654 Nam
398 1613 433 1653 is
472 1611 644 1666 proprie
680 1612 845 1654 ratione
882 1611 1083 1666 principii
1111 1611 1302 1653 formalis
1333 1614 1396 1652 est
1425 1610 1629 1654 Sacerdos

69 1684 297 1726 secundum
335 1686 532 1725 naturam
565 1683 764 1735 divinam,
802 1682 967 1724 ratione
996 1684 1138 1724 autem
1167 1683 1368 1736 principii
1396 1682 1630 1724 materialis

69 1754 333 1807 sacrificium,
363 1755 593 1796 secundum
619 1757 816 1797 naturam
843 1754 1085 1796 humanam.

121 1825 279 1868 XXIX.
323 1825 468 1867 Tertia
512 1828 587 1878 est,
631 1828 680 1867 ut
722 1826 1078 1879 quemadmodum
1121 1826 1198 1867 sub
1242 1825 1401 1878 Veteri,
1450 1825 1509 1868 sic
1552 1827 1628 1868 sub

67 1896 193 1939 Novo
233 1896 520 1948 Testamento,
559 1896 762 1939 Sacerdos
790 1898 926 1950 major
956 1911 1003 1938 ac
1033 1896 1202 1950 dignior
1231 1897 1286 1938 sit
1316 1911 1391 1939 suo
1421 1898 1628 1941 sacrificio

70 1971 256 2010 externo.
296 1967 355 2010 At
395 1967 618 2010 sacrificuli
657 1968 850 2010 homines
890 1968 1077 2022 peccatis
1111 1967 1389 2009 contaminati
1418 1968 1534 2010 nulla
1561 1984 1629 2011 ra-

67 2039 183 2081 tione
226 2041 325 2081 sunt
367 2040 550 2091 majores
593 2041 666 2081 aut
709 2039 923 2092 digniores
967 2054 1145 2092 corpore
1186 2053 1235 2080 ac
1278 2039 1484 2092 sanguine
1526 2039 1627 2082 Jesu

69 2110 227 2152 Christi
255 2111 356 2164 agni
383 2110 657 2152 immaculati.
687 2109 818 2152 Nulla
848 2125 949 2164 ergo
978 2111 1088 2152 ratio
1117 2111 1294 2164 patitur,
1324 2113 1372 2152 ut
1401 2125 1554 2164 corpus
1581 2126 1628 2153 ac

68 2182 240 2236 sanguis
270 2182 373 2225 Jesu
402 2180 562 2223 Christi
591 2182 643 2223 ab
672 2181 774 2236 ipsis
803 2181 894 2224 Deo
923 2181 968 2223 in
996 2181 1128 2223 Missa
1157 2182 1369 2224 offeratur.

121 2253 254 2295 XXX.
295 2252 457 2303 Quarta
495 2255 571 2305 est,
611 2255 658 2294 ut
691 2253 895 2296 Sacerdos
923 2252 1037 2295 Novi
1067 2252 1331 2295 Testamenti
1360 2253 1416 2295 sit
1444 2256 1626 2306 sanctus,

66 2325 282 2375 innocens,
320 2324 584 2377 impollutus,
615 2326 656 2366 et
686 2326 935 2377 segregatus
965 2323 1017 2365 ab
1047 2325 1162 2366 omni
1190 2327 1379 2378 peccato.
1410 2324 1502 2374 Qua
1530 2339 1628 2378 per-

67 2394 178 2437 fecta
207 2395 433 2437 sanctitate
464 2410 558 2436 cum
587 2395 700 2437 solus
731 2394 922 2437 Christus
950 2395 1005 2436 sit
1035 2398 1276 2448 exornatus,
1305 2411 1391 2437 non
1421 2395 1510 2438 sine
1537 2411 1627 2437 ma-

66 2465 222 2508 nifesto
252 2466 476 2519 sacrilegio
506 2465 700 2508 homines
726 2466 985 2519 quibuslibet
1008 2466 1123 2509 vitiis
1148 2467 1336 2520 obnoxii,
1362 2467 1506 2520 quales
1530 2469 1629 2508 sunt

67 2537 304 2589 sacrificuli,
333 2537 377 2579 in
405 2537 689 2579 sacerdotium
716 2536 969 2591 irrumpunt.

121 2609 275 2651 XXXI.
307 2609 465 2659 Quinta
495 2611 570 2661 est,
600 2612 647 2651 ut
676 2609 893 2662 Sacerdos,
921 2613 1051 2664 prout
1081 2611 1279 2653 definitur
1306 2612 1350 2653 in
1373 2611 1498 2654 Novo
1525 2611 1627 2655 Tes-

67 2682 270 2732 tamento,
315 2681 402 2733 ejus
446 2694 615 2733 quoque
654 2680 709 2721 sit
746 2680 970 2723 Mediator.
1008 2680 1122 2723 Nam
1156 2682 1252 2724 finis
1290 2682 1526 2725 Sacerdotii
1564 2687 1627 2726 est

66 2750 251 2792 hominis
291 2751 527 2804 peccatoris
565 2751 854 2794 reconciliatio
895 2767 988 2794 cum
1027 2752 1132 2805 Deo,
1170 2754 1284 2806 quod
1313 2757 1376 2796 est
1404 2756 1626 2809 proprium

67 2820 317 2864 Mediatoris
356 2822 563 2874 effectum,
601 2824 649 2865 ut
689 2823 811 2865 docet
839 2823 1084 2878 Apostolus,
1115 2824 1245 2867 Hebr.
1275 2827 1312 2878 9,
1343 2826 1404 2868 15.
1434 2826 1626 2880 Itaque

70 2893 133 2934 ob
158 2893 212 2935 id
236 2892 379 2936 Novi
404 2893 743 2935 Testamenti
766 2893 1039 2937 Mediator
1063 2898 1164 2948 est,
1188 2899 1243 2937 ut
1265 2901 1437 2941 morte
1461 2899 1627 2942 inter-

70 2964 296 3007 cedente
326 2964 388 3007 ad
415 2965 852 3018 redemptionem
882 2981 1062 3008 earum
1085 2969 1626 3021 praevaricationum
