1931 3224
221 155 299 196 250
785 152 1029 194 131οΡ011110
1057 150 1215 193 XXVI.

218 291 370 330 nempe
397 277 715 329 mediatorium3
742 276 776 318 si
800 275 1023 329 sigillatim
1047 277 1089 316 et
1105 274 1335 316 secundum
1349 277 1506 328 parteS,
1523 277 1587 317 est
1601 275 1774 330 triplex,

217 347 534 401 Propheticum,
567 347 836 389 Sacerdotale
866 348 907 387 et
935 345 1132 398 Regium.

268 417 343 459 ΙΙΙ.
385 416 581 459 Officium
618 417 775 459 Christi
805 416 1104 457 mediatorium
1135 417 1209 467 est,
1240 430 1324 469 quo
1355 431 1405 458 ex
1434 417 1603 460 decreto
1633 432 1775 461 sacro-

217 491 385 531 sanctae
413 488 636 530 Trinitatis
667 503 709 530 se
738 487 859 529 Patri
887 501 976 538 suo,
1006 487 1129 528 nobis
1155 487 1458 539 perduellionis
1485 488 1568 531 reis
1601 489 1773 543 offenso,

217 573 463 612 sponsorem
501 573 549 600 ac
586 558 914 610 propitiatorem
951 571 1030 610 pro
1059 557 1216 598 nostris
1244 558 1430 611 peccatis
1459 559 1571 601 ultro
1604 561 1772 614 obtulit,

215 632 262 670 ut
300 644 445 671 eorum
483 628 725 681 expiatione
763 642 839 680 per
867 627 1152 669 obedientiam
1180 642 1300 669 suam
1327 631 1476 671 nostro
1505 629 1599 672 1000
1629 630 1673 672 111
1701 647 1774 674 ara

216 700 349 742 crucis
386 701 567 752 peracta,
606 699 729 740 nobis
766 698 811 740 in
839 698 980 751 ipsum
1009 698 1289 751 credentibus,
1314 700 1528 752 justitiam
1558 704 1773 745 aeternam

214 770 434 821 conferret,
465 784 547 821 qua
575 783 652 810 nos
679 769 723 810 in
753 769 937 822 gratiam
966 769 1107 811 Patris
1136 770 1213 822 sui,
1242 772 1371 823 atque
1397 771 1443 812 in
1466 771 1774 816 haereditatem

214 842 324 883 vitae
361 841 654 895 sempiternae,
694 856 743 882 ex
770 856 854 894 qua
881 856 958 894 per
986 841 1154 895 lapsum
1181 841 1337 883 Adami
1366 842 1667 897 excideramus,
1697 859 1772 897 pe-

212 913 326 954 nitus
354 913 610 965 restitueret,
642 913 663 954 1
694 913 793 955 Joh.
822 914 858 966 2,
888 914 925 955 2.
955 912 1041 955 Col.
1073 914 1108 966 1,
1134 914 1198 955 20.

264 982 338 1025 IV.
366 983 462 1026 Hoc
486 984 672 1026 officium
697 999 773 1026 nec
795 984 988 1038 Angelis,
1013 1000 1090 1027 nec
1113 985 1372 1037 hominibus,
1398 985 1470 1027 sed
1495 985 1575 1027 soli
1600 985 1770 1029 Christo

210 1056 460 1098 Immanueli
510 1057 729 1109 imponere
771 1058 1065 1098 sacrosanctae
1106 1056 1311 1098 Trinitati
1350 1056 1488 1098 visum
1533 1058 1607 1098 est.
1650 1056 1770 1099 Non

210 1126 458 1180 Angelis,
498 1128 597 1180 quia
636 1127 830 1180 potentia
870 1142 946 1169 sua
983 1127 1116 1180 finita,
1156 1129 1198 1170 et
1226 1142 1250 1168 a
1279 1127 1369 1169 sola
1397 1127 1538 1180 gratia
1568 1127 1648 1169 Dei
1678 1143 1771 1170 eam

211 1199 497 1242 conservantis
548 1199 773 1253 pendente,
825 1199 981 1240 molem
1022 1200 1110 1241 irae
1139 1199 1273 1253 ipsius
1313 1198 1506 1241 infinitae
1549 1199 1769 1252 sustinere,

206 1270 457 1323 justitiaque
487 1284 561 1311 sua
590 1285 640 1312 ex
669 1285 712 1312 se
742 1271 942 1312 mutabili
965 1271 1180 1324 justitiam
1209 1273 1439 1323 aeternam,
1467 1271 1513 1313 in
1543 1285 1627 1323 qua
1654 1270 1770 1313 Deus

209 1356 384 1394 prorsus
423 1341 674 1394 acquiescat,
715 1344 989 1395 peccatorum
1024 1341 1197 1384 nomine
1234 1342 1320 1396 ipsi
1350 1342 1501 1384 offerre
1529 1357 1616 1384 non
1646 1345 1769 1396 pote-

207 1416 314 1455 rant.
359 1412 477 1455 Non
519 1413 858 1466 hominibus,
902 1413 1106 1467 quoniam
1146 1428 1291 1455 omnes
1330 1414 1407 1455 sub
1446 1414 1611 1467 peccati
1647 1417 1769 1456 reatu

208 1485 405 1537 conclusi,
442 1485 605 1526 nullum
633 1485 845 1527 insontem
871 1500 921 1527 ex
950 1500 1025 1527 suo
1056 1485 1262 1538 sanguine
1290 1485 1524 1538 producere
1552 1487 1768 1538 poterant,

208 1556 281 1609 qui
302 1570 388 1598 non
413 1570 487 1598 sua
510 1557 667 1609 potius,
693 1571 821 1609 quam
846 1556 1026 1598 aliorum
1051 1557 1205 1599 delicta
1229 1557 1378 1599 lueret.
1404 1555 1520 1599 Soli
1545 1556 1767 1600 Christo

205 1626 543 1679 Immanueli,
586 1628 685 1680 quia
714 1629 944 1670 secundum
972 1631 1170 1670 naturam
1200 1643 1320 1670 suam
1348 1628 1579 1670 humanam
1609 1644 1769 1682 poenas

204 1697 328 1738 nobis
366 1697 530 1739 debitas
569 1699 721 1751 subire,
762 1700 991 1741 secundum
1030 1700 1228 1751 divinam,
1266 1700 1359 1742 illas
1397 1715 1597 1753 superare
1640 1704 1768 1755 atque

205 1768 250 1810 in
279 1769 460 1810 salutem
487 1772 680 1811 nostram
710 1773 954 1813 convertere
984 1771 1097 1812 solus
1125 1772 1282 1824 potuit.

257 1839 310 1881 V.
340 1839 536 1882 Officium
563 1841 645 1883 hoc
662 1842 756 1883 'sibi
783 1842 1035 1895 impositum
1064 1841 1256 1885 Christus
1279 1843 1417 1885 nostri
1440 1844 1652 1897 misertus,
1677 1859 1766 1887 sus-

207 1912 331 1966 cepit,
369 1915 416 1954 ut
453 1928 556 1966 pace
586 1929 680 1955 cum
710 1913 839 1956 Patre
869 1929 944 1956 suo
973 1929 1049 1969 per
1078 1915 1330 1968 sanguinem
1358 1915 1492 1957 crucis
1522 1917 1609 1969 ejus
1639 1916 1764 1969 facta,

206 1983 428 2039 gratiaque
468 1985 710 2038 adoptionis
746 1986 883 2027 nostri
920 1986 1163 2040 impetrata,
1203 2002 1281 2029 nos
1321 2002 1371 2029 ex
1407 1987 1505 2028 filiis
1532 1987 1688 2029 Adami
1717 2002 1765 2030 ac

205 2054 434 2108 gehennae,
462 2056 573 2098 filios
603 2071 651 2098 ac
680 2057 882 2100 haeredes
906 2057 987 2100 Dei
1018 2058 1215 2111 efficeret,
1244 2057 1330 2100 Col.
1363 2059 1398 2111 1,
1424 2059 1488 2100 20.
1513 2058 1541 2101 J
1545 2058 1613 2101 oh.
1640 2059 1675 2111 1,
1700 2059 1763 2101 12,

205 2127 247 2166 et
275 2126 338 2178 20,
370 2127 430 2168 17.

258 2195 330 2237 VI.
368 2196 640 2240 Mediationis
679 2214 779 2253 ergo
809 2200 912 2243 Jesu
944 2200 1102 2243 Christi
1132 2216 1258 2243 causa
1288 2200 1474 2243 efficiens
1504 2216 1577 2243 seu
1606 2201 1764 2243 consti-

203 2268 325 2308 tuens
355 2270 418 2309 est
442 2267 523 2310 Dei
553 2269 789 2327 decretum3
822 2272 1108 2325 προηγουμένη,
1137 2287 1209 2315 0011
1233 2272 1372 2314 1)011111
1398 2272 1451 2314 ad
1476 2287 1569 2314 eam
1592 2271 1762 2314 Christo

204 2338 537 2380 demandandam
573 2339 617 2381 in
655 2356 745 2383 sese
783 2342 1020 2396 impellens,
1063 2346 1127 2385 est
1163 2343 1296 2398 ipsius
1335 2358 1436 2396 erga
1472 2357 1549 2385 nos
1593 2342 1760 2391 εὐδοκία,

203 2423 276 2450 0011
303 2424 516 2462 propensa
545 2411 740 2453 voluntas
770 2415 812 2455 et
841 2413 1026 2468 dilectio,
1055 2414 1155 2457 Luc.
1185 2415 1221 2467 2,
1250 2415 1313 2457 24.
1337 2415 1439 2458 Joh.
1463 2416 1500 2467 3,
1526 2415 1588 2457 16.
1615 2416 1636 2457 1
1661 2414 1761 2457 Joh.

201 2478 240 2531 4,
273 2480 308 2521 9.
339 2480 402 2521 10.

254 2549 350 2592 VII.
388 2551 845 2598 Convenientissimum
881 2559 1023 2600 autem
1051 2557 1168 2600 Deus
1197 2572 1386 2600 summae
1415 2549 1514 2600 suae
1544 2557 1761 2601 dilectioni

203 2636 304 2676 erga
339 2639 416 2666 nos
444 2625 665 2668 testandae
690 2627 962 2682 existimavit,
992 2630 1027 2671 si
1054 2629 1164 2672 Filio
1194 2644 1269 2671 suo
1299 2630 1479 2684 proprio
1508 2632 1637 2683 atque
1665 2629 1761 2671 uni-

202 2694 347 2746 genito
376 2710 461 2738 non
490 2700 695 2755 parceret,
726 2699 799 2740 sed
828 2714 924 2741 eum
951 2715 1028 2755 pro
1057 2702 1180 2744 nobis
1206 2702 1402 2744 omnibus
1426 2701 1478 2743 ad
1503 2701 1760 2755 supplicium

201 2765 399 2819 traderet,
437 2770 485 2809 ut
523 2769 775 2822 propitiatio
816 2774 924 2813 esset
961 2787 1039 2825 pro
1077 2773 1234 2815 nostris
1267 2773 1464 2826 peccatis,
1493 2787 1655 2826 nosque
1682 2788 1759 2827 per

202 2837 419 2890 sanguinis
466 2839 599 2892 ipsius
648 2841 870 2895 ἱλαστήριον
912 2844 994 2885 sibi
1035 2846 1330 2888 reconciliatos
1368 2845 1479 2887 filios
1517 2846 1757 2901 adoptionis

202 2907 499 2960 sanctificatos,
541 2910 585 2952 in
627 2912 805 2965 gloriam
851 2915 1066 2956 aeternam
1109 2931 1203 2958 cum
1244 2918 1338 2971 ipso
1381 2916 1620 2969 adduceret,
1656 2917 1755 2960 Joh.

201 2977 239 3028 3,
271 2977 331 3019 16.
362 2977 483 3021 Rom.
513 2981 550 3032 8,
579 2982 641 3023 31.
675 2983 695 3023 1
727 2981 826 3024 Joh.
856 2984 895 3036 4,
924 2984 960 3025 9.
989 2984 1112 3027 Rom.
1143 2987 1180 3038 2,
1209 2987 1246 3029 5.
1276 2987 1408 3029 Hebr.
1438 2987 1474 3039 2,
1506 2987 1569 3028 10.
