1931 3224
266 142 345 183 544
835 141 1079 182 DISPUTATIO
1107 139 1257 182 XLVI.

268 263 359 306 Nec
395 264 611 306 Pontificii
648 263 884 306 diffitentur
921 265 1098 306 Missam
1135 264 1279 306 vocari
1306 277 1432 316 posse
1461 263 1713 305 sacrificium
1741 261 1829 304 Eu-

267 335 552 377 charisticum.
595 334 641 376 Si
682 334 1027 377 Eucharisticum
1071 336 1146 386 est,
1190 336 1238 376 ut
1279 334 1402 376 nobis
1442 334 1695 388 largiuntur,
1743 349 1830 376 non

269 410 332 448 est
369 407 501 459 igitur
539 406 897 461 propitiatorium.
938 405 1056 448 Haec
1086 406 1199 447 enini
1228 420 1279 447 ex
1308 406 1515 448 diametro
1544 406 1726 447 invicem
1753 419 1831 458 op·
1911 404 1921 450 ζ

303 480 498 519 onuntur.

270 494 298 531 p
321 547 450 589 XLII.
489 547 664 590 Adhaec
702 548 894 602 plerique
934 563 984 590 ex
1013 548 1224 601 Patribus,
1254 548 1494 590 Lombardo
1526 549 1830 601 consentiente,

267 619 582 671 intellexerunt,
616 619 970 661 Melchisedec-um
1000 619 1248 661 Abrahamo
1277 635 1432 673 panem
1461 622 1503 662 et
1530 620 1676 661 vinum
1706 619 1831 662 obtu-
1913 651 1931 668 .‚

266 690 377 742 lisse,
421 706 469 732 ac
509 690 689 744 proinde
733 692 925 734 ordinem
962 692 1188 734 sacerdotii
1224 692 1452 734 secundum
1481 707 1608 745 quem
1637 690 1831 733 Christus
1915 714 1917 716 ·

268 775 363 802 cum
399 760 706 803 Melchisedeco
741 762 793 804 ab
828 762 1041 816 Apostolo
1072 762 1203 804 Hebr.
1235 763 1270 804 7.
1301 765 1587 816 comparatur,
1616 777 1702 804 non
1732 775 1831 803 con-

268 831 416 873 sistere
440 832 485 873 in
510 832 726 874 oblatione
750 834 872 886 panis
903 848 952 875 ac
980 833 1080 885 vini,
1110 833 1183 875 sed
1209 834 1254 874 in
1282 833 1348 874 his
1377 833 1598 886 utriusque
1626 846 1832 886 personae

268 903 492 956 adjunctis,
531 904 644 956 quod
681 906 860 957 uterque
898 905 1225 946 considerandus
1265 904 1320 946 sit
1349 907 1397 945 ut
1420 904 1514 946 Rex
1543 907 1584 946 et
1613 903 1832 955 Sacerdos,

268 974 428 1027 absque
470 977 592 1028 patre
636 977 677 1016 et
717 978 865 1028 matre,
910 976 1070 1028 absque
1115 991 1281 1029 genere,
1325 991 1402 1017 nec
1443 975 1614 1017 initium
1657 975 1831 1027 dierum,

267 1060 404 1098 neque
441 1045 553 1087 vitae
590 1046 717 1087 finem
751 1046 934 1098 habens3
964 1046 1246 1089 Melchisedec
1270 1046 1430 1090 scilicet
1459 1047 1687 1089 secundum
1716 1046 1832 1101 typi-

270 1132 362 1158 cam
399 1117 734 1170 similitudinem,
774 1133 824 1159 ex
861 1118 1043 1160 historia
1081 1118 1228 1169 Mosis,
1269 1118 1405 1161 Genes
1446 1119 1507 1160 14.
1537 1117 1833 1172 genealogiam
1915 1132 1931 1182 ᾗἱ

267 1187 401 1240 ipsius
431 1188 601 1230 silentio
629 1189 951 1242 praetereuntiS,
982 1191 1220 1242 eruendam,
1250 1189 1444 1232 Christus
1472 1204 1573 1232 vero
1604 1188 1833 1231 secundum

267 1258 328 1300 rei
365 1258 409 1299 in
446 1258 757 1302 Melchisedeco
800 1261 1075 1303 adumbratae
1109 1262 1345 1304 veritatem.
1377 1261 1658 1315 Chrysost.
1687 1261 1832 1302 Hom.

269 1330 342 1371 36.
384 1330 437 1371 in
480 1330 598 1372 Gen.
643 1334 694 1373 et
734 1333 788 1373 in
830 1332 972 1374 Psal.
1018 1334 1124 1375 109.
1169 1333 1400 1375 Tertull.
1445 1334 1705 1375 adversus
1746 1332 1833 1375 Ju-
1916 1363 1920 1369 .

271 1400 444 1442 daeos.
487 1401 617 1455 Aug.
662 1406 864 1455 quaest.
906 1403 1020 1445 Vet.
1061 1407 1111 1445 et
1143 1403 1286 1446 Novi
1316 1404 1458 1446 Test.
1489 1407 1692 1458 quaest.
1723 1404 1832 1445 109.
1912 1403 1925 1415 ²

269 1470 633 1513 Damascenus
670 1473 777 1515 Lib.
815 1474 854 1514 4.
885 1474 943 1515 de
971 1473 1082 1515 fide
1112 1489 1221 1528 cap.
1252 1476 1314 1516 14.
1344 1474 1626 1517 Lombard.
1653 1475 1692 1517 4.
1722 1489 1833 1516 sen-

268 1545 399 1584 tent.
430 1543 674 1586 distinct.
706 1545 742 1586 8.

321 1612 473 1655 XLIII.
511 1613 561 1655 Id
598 1615 778 1657 videndo
808 1630 895 1657 non
922 1616 1039 1658 videt
1068 1616 1366 1669 Bellarminus,
1397 1632 1447 1659 ex
1475 1619 1581 1671 typo
1609 1616 1834 1659 Melchise-
1916 1591 1923 1599 ί

270 1684 359 1726 deci
398 1685 499 1726 olim
537 1701 692 1739 panem
731 1689 772 1729 et
800 1687 946 1729 vinum
975 1703 1026 1729 ex
1054 1703 1168 1742 penu
1197 1704 1273 1731 sua
1299 1689 1548 1731 Abrahamo
1578 1688 1834 1742 proferentis
1912 1723 1925 1729 -

269 1756 521 1798 sacrificium
559 1756 714 1800 Missae
753 1773 966 1812 exsangue
1003 1763 1234 1802 exstruens.
1265 1760 1467 1810 Quamvis
1497 1760 1608 1802 enim
1635 1761 1835 1814 ignorare

268 1843 355 1871 non
396 1829 599 1882 potuerit,
636 1830 812 1872 verbum
865 1834 1007 1874 &⁹37³
1060 1846 1144 1884 quo
1185 1832 1322 1873 utitur
1358 1831 1513 1884 Moses,
1549 1831 1650 1873 Gen.
1681 1832 1742 1884 14,
1773 1831 1834 1872 18.
1912 1879 1915 1891 ,-

269 1900 519 1942 vertendum
571 1916 673 1952 esse,
716 1903 932 1955 produxit,
976 1904 1049 1945 aut
1092 1903 1248 1955 eduxit,
1291 1906 1440 1945 contra
1481 1918 1649 1945 sensum
1692 1906 1836 1945 tamen

270 1971 388 2013 verbi
425 1973 564 2026 fingit,
602 1972 954 2016 Melchisedecum
992 1975 1170 2028 alicujus
1209 1975 1404 2017 sacrificii
1445 1990 1567 2017 causa
1604 1990 1758 2028 panem
1788 1989 1836 2017 ac
1912 2015 1919 2030 ζ

270 2043 413 2084 vinum
445 2044 664 2096 obtulisse,
693 2060 770 2087 nec
797 2060 883 2087 non
913 2048 1062 2088 contra
1091 2046 1281 2088 ordinem
1305 2046 1439 2088 totius
1465 2047 1574 2089 sacri
1599 2037 1834 2089 contextus.

269 2113 390 2156 Duae
435 2115 546 2157 enim
591 2116 781 2159 diversae
826 2118 1013 2159 actiones
1051 2116 1374 2167 Melchisedeco‚
1413 2120 1611 2171 respectu
1655 2118 1834 2171 duplicis

270 2185 403 2239 ipsius
447 2185 588 2238 officii,
632 2202 655 2228 a
696 2187 817 2229 Mose
861 2188 1008 2230 ordine
1051 2188 1357 2240 attribuuntur,
1388 2189 1409 2230 1
1439 2188 1609 2242 regalis,
1640 2189 1754 2242 quod
1783 2189 1836 2230 ad
1915 2244 1917 2246 q

270 2255 541 2297 reficiendum
582 2256 879 2300 Abrahamum
921 2261 962 2300 et
1006 2259 1237 2301 exercitum
1280 2261 1382 2313 ejus,
1426 2274 1582 2313 panem
1620 2261 1663 2301 et
1689 2260 1836 2302 vinum

270 2326 354 2379 ipsi
382 2327 639 2380 praebuerit.
668 2330 703 2370 2.
734 2329 1022 2381 sacerdotalis,
1054 2330 1167 2383 quod
1195 2330 1442 2372 Abrahamo
1471 2330 1746 2373 benedixerit.

323 2399 474 2442 XLIV.
517 2400 609 2442 Etsi
653 2399 765 2442 idem
807 2399 1091 2442 Bellarminus
1134 2416 1221 2443 non
1262 2401 1538 2455 ignoraverit,
1576 2402 1835 2456 Apostolum

271 2471 453 2513 Paulum
490 2474 632 2514 actum
670 2487 694 2513 a
731 2471 896 2525 Spiritu
933 2471 1089 2514 Sancto
1119 2476 1248 2526 atque
1275 2473 1566 2515 introductum
1594 2473 1639 2514 in
1668 2488 1836 2516 omnem

271 2543 508 2595 veritatem,
535 2543 644 2585 nihil
672 2558 817 2585 eorum
848 2543 1101 2585 subticuisse
1131 2559 1239 2596 quae
1267 2544 1474 2587 Hebraeis
1500 2545 1554 2587 ad
1578 2560 1836 2600 cognoscen—

273 2614 372 2656 dum
422 2614 705 2657 sacerdotium
747 2613 905 2655 Christi
946 2613 1376 2657 Melchisedecianum
1418 2616 1710 2668 conducerent,
1753 2616 1836 2659 hoc
1912 2622 1914 2626 “

273 2687 416 2728 tamen
457 2686 542 2739 ipsi
582 2678 797 2739 impingit,
842 2685 957 2738 quod
998 2685 1140 2727 dedita
1179 2701 1308 2740 opera
1347 2687 1538 2730 omiserit
1576 2687 1836 2729 oblationem
1903 2706 1914 2750 .

274 2757 396 2810 panis
435 2760 477 2799 et
514 2757 614 2809 vini,
651 2772 704 2799 ne
742 2759 966 2811 cogeretur
1005 2757 1216 2811 explicare
1245 2758 1497 2811 mysterium
1525 2757 1835 2810 Eucharistiae,
1898 2765 1900 2768 ’

276 2827 375 2879 quia
412 2827 494 2870 hoc
532 2828 659 2870 altius
699 2830 801 2881 erat,
839 2844 966 2881 quam
996 2828 1049 2871 ab
1077 2829 1165 2871 illis
1193 2831 1286 2871 tum
1315 2830 1410 2883 capi
1438 2831 1596 2883 posset,
1627 2831 1668 2870 et
1697 2843 1835 2871 sermo

275 2897 668 2951 ininterpretabilis,
709 2899 759 2940 de
789 2914 872 2952 quo
903 2901 995 2954 agit
1024 2915 1115 2954 cap.
1145 2901 1182 2952 5,
1213 2901 1275 2942 11.
1305 2900 1397 2949 Quo
1427 2900 1536 2942 nihil
1563 2898 1718 2941 falsum
1744 2915 1836 2942 ma-

278 2968 343 3021 gis
382 2968 593 3021 Apostolo
622 2970 771 3023 affingi
799 2972 955 3023 potest.
984 2970 1107 3013 Nihil
1136 2972 1245 3013 enim
1276 2972 1402 3014 altius
1432 2974 1534 3025 erat,
1565 2987 1694 3024 quam
1721 2987 1836 3026 mys·
1908 2972 1910 2974 ’
