1931 3224
243 176 320 217 376
791 175 1030 218 DISPUTA'rm
1060 174 1259 217 XXXVI.

235 299 416 341 salutem
467 314 585 341 suam
627 299 792 351 debent,
839 299 924 341 Col.
971 300 1007 350 1,
1050 299 1113 340 20.
1158 313 1235 341 1160
1276 299 1497 342 nobiscum
1540 316 1616 354 per
1658 302 1802 344 omnia

236 370 512 423 ὁμοιοπαθεῖς,
569 371 758 412 omnium
810 372 1057 412 nostrorum
1098 371 1371 413 necessitates
1418 386 1686 426 cognoscere,
1729 375 1804 415 aut

237 458 381 486 earum
423 458 548 485 sensu
586 442 697 484 affici
735 444 929 495 possunt,
969 442 1042 494 qui
1079 457 1132 484 ne
1170 442 1405 485 liberorum
1434 443 1605 496 quidem
1633 459 1804 487 suorum

236 515 317 557 sibi
359 514 637 567 superstitum
680 515 796 554 statu
839 512 1094 565 afficiuntur,
1139 513 1268 555 Hiob.
1311 514 1374 567 14,
1415 515 1477 556 24.
1515 530 1592 557 nec
1632 530 1804 558 suorum

237 586 504 628 subditorum
533 600 580 626 ac
609 584 885 626 familiarium
913 584 1023 626 mala
1052 584 1210 636 vident,
1239 586 1264 626 2
1294 584 1400 638 Reg.
1431 586 1494 638 22,
1525 587 1588 628 20.

289 655 449 698 XVIII.
488 655 679 697 Christus
717 670 817 697 vero
857 655 970 697 solus
1007 655 1043 697 is
1076 657 1152 708 est,
1183 656 1233 697 de
1263 670 1346 709 quo
1376 655 1505 699 Pater
1529 657 1702 710 juravit,
1731 658 1766 700 Τ
1779 674 1806 700 11

238 746 289 772 es
332 728 597 771 Sacerdos
640 727 693 768 in
736 728 1017 768 aeternum
1060 727 1352 769 secundum
1395 728 1640 771 ordinem
1679 728 1806 771 Mel-

238 800 549 852 chisedech,
591 802 686 841 etc.
726 799 862 840 unde
904 801 955 841 et
997 800 1050 846 εἷς
1093 798 1137 841 τὸ
1178 800 1390 852 παντελὲς,
1425 799 1674 853 perfecte
1703 816 1806 844 ser-

235 888 360 915 vare
398 888 425 926 p
441 873 587 914 otest
626 885 734 923 eos,
777 870 866 923 qui
907 885 1001 924 per
1029 870 1204 924 ipsum
1232 871 1500 913 accedunt
1530 872 1591 914 ad
1618 871 1806 926 Deum,

236 944 344 986 Heb.
384 944 420 995 7,
459 943 522 985 25.
557 945 599 985 et
639 942 712 996 qui
748 957 824 996 per
852 942 1053 984 meritum
1082 945 1123 984 et
1153 942 1383 985 efficaciam
1409 943 1562 985 mortis
1590 958 1690 986 suae
1721 959 1750 986 n
1761 959 1807 986 0-

236 1016 286 1057 bi
302 1031 319 1057 s
359 1015 579 1068 aperuit
617 1014 757 1056 viam
789 1017 1065 1056 recentem
1094 1029 1151 1057 ac
1178 1015 1375 1068 vivam,
1406 1018 1456 1058 et
1486 1016 1808 1058 libertatem

236 1086 591 1141 ingrediendi
633 1086 876 1128 coeleste
919 1086 1243 1139 sacrarium,
1281 1086 1413 1129 Hebr.
1453 1088 1515 1140 10,
1554 1087 1617 1129 19.
1657 1090 1698 1129 et
1735 1087 1809 1141 qui

239 1159 419 1212 denique
455 1174 483 1212 p
497 1173 550 1200 er
590 1157 768 1200 omnia
805 1158 1088 1200 nobiscum
1117 1157 1384 1200 similiter
1412 1160 1665 1200 tentatus
1696 1159 1809 1200 abs-

241 1245 338 1283 que
379 1232 627 1286 peccato,
673 1229 933 1272 sufficienter
971 1229 1131 1271 affici
1167 1245 1195 1283 p
1212 1232 1359 1272 otest
1395 1232 1709 1272 nostrarum
1735 1230 1808 1272 in-

239 1302 573 1345 firmitatum
602 1317 620 1344 s
634 1316 780 1354 ensu,
809 1300 943 1343 Hebr.
972 1301 1101 1354 4,15.

293 1374 408 1416 XIX.
447 1373 571 1417 Unde
610 1373 738 1416 Sacra
776 1372 997 1427 Scriptura
1038 1373 1087 1415 de
1125 1373 1242 1415 nullo
1284 1373 1368 1415 alio
1404 1388 1531 1426 quam
1561 1373 1610 1415 de
1641 1373 1808 1416 Christo

240 1449 434 1498 testatur,
474 1445 587 1499 quod
625 1460 722 1499 pro
760 1445 919 1486 nobis
959 1444 1020 1486 ad
1051 1444 1298 1486 dextram
1327 1444 1361 1485 P
1375 1445 1516 1487 atris
1545 1445 1731 1499 interp
1744 1446 1810 1488 el-

240 1519 337 1571 let,
381 1517 505 1559 Rom.
549 1517 585 1569 8,
628 1516 691 1558 34.
737 1519 778 1558 et
822 1516 936 1569 quod
978 1516 1030 1556 in
1074 1515 1127 1569 ip
1140 1530 1250 1557 sum
1293 1530 1314 1557 c
1327 1530 1350 1558 o
1364 1516 1501 1557 elum
1540 1518 1646 1558 tam
1659 1532 1812 1570 quam

242 1588 503 1632 Pontifex
540 1590 730 1629 noster
767 1588 1055 1640 ingressus
1090 1588 1183 1640 sit,
1212 1590 1269 1629 ut
1300 1590 1569 1642 appareat
1596 1588 1814 1630 nuncin

244 1662 544 1715 conspectu
585 1659 685 1701 Dei
726 1673 825 1713 pro
862 1658 1044 1711 nobis,
1082 1658 1213 1700 Hebr.
1244 1659 1280 1711 9,
1314 1659 1376 1700 24.
1408 1661 1450 1700 et
1479 1659 1593 1712 quod
1621 1659 1813 1702 habea-

241 1749 352 1777 mus
392 1748 505 1779 eum
538 1732 745 1785 justum
784 1731 916 1772 advo
930 1733 1107 1772 catum
1145 1731 1284 1785 apud
1320 1730 1560 1783 Patrem,
1592 1732 1613 1772 1
1645 1731 1744 1774 Joh.
1775 1733 1812 1784 2,

241 1806 277 1847 1.
319 1807 360 1847 et
393 1805 484 1858 ipse
515 1803 709 1844 Christus
739 1803 789 1844 de
820 1817 909 1845 sese
939 1802 1030 1844 solo
1060 1803 1229 1844 asserit:
1261 1802 1297 1844 Ε
1310 1816 1338 1856 g
1352 1817 1375 1845 0
1407 1817 1425 1844 s
1437 1817 1465 1843 11
1474 1817 1517 1843 m
1547 1802 1599 1844 vi
1612 1817 1648 1855 a,
1677 1818 1704 1845 v
1715 1818 1736 1845 e
1748 1819 1768 1844 r
1777 1803 1813 1845 i-

241 1880 324 1919 tas
363 1879 413 1918 et
450 1875 584 1928 vita,
622 1889 772 1916 nemo
812 1875 962 1916 venit
1000 1874 1061 1916 ad
1088 1874 1304 1916 Patrem
1332 1874 1442 1916 nisi
1470 1889 1565 1928 per
1594 1889 1682 1927 me,
1713 1874 1813 1916 Joh.

243 1948 304 2001 14,
335 1948 371 1990 6.
403 1950 531 2000 atque
561 1947 716 1988 iterum
741 1961 779 1987 v.
804 1946 867 1987 13.
899 1945 1168 1999 quidquid
1197 1961 1224 1999 p
1238 1945 1488 1987 etieritis
1518 1945 1571 1986 in
1600 1944 1814 1987 nomine

242 2035 281 2061 m
298 2035 378 2071 eo,
407 2019 504 2061 hoc
532 2018 753 2070 faciam,
782 2020 839 2059 ut
868 2017 1230 2071 glorificetur
1261 2016 1427 2059 Pater
1455 2017 1508 2058 in
1538 2016 1705 2069 Filio,
1736 2019 1813 2059 etc.

242 2093 306 2134 16.
349 2106 387 2133 V.
426 2092 490 2132 23.
529 2090 715 2142 Α111611,
754 2089 940 2141 Amen,
980 2089 1099 2130 dico
1138 2088 1316 2139 Vobis,
1347 2103 1704 2141 quaecunque
1733 2103 1814 2142 pe-

242 2163 460 2205 tieritis
490 2177 513 2204 a
544 2162 709 2204 Patre
738 2175 874 2212 meo,
904 2160 956 2202 in
986 2160 1200 2202 nomine
1228 2174 1365 2211 meo,
1397 2160 1552 2201 dabit
1580 2160 1748 2202 vobis.

296 2234 390 2276 XX.
433 2233 551 2275 Haec
593 2236 737 2274 tamen
781 2232 925 2274 omnia
967 2246 1052 2273 non
1094 2231 1343 2285 impediunt,
1384 2231 1611 2284 quominus
1650 2231 1814 2274 animae

243 2308 468 2349 beatorum
511 2305 556 2346 in
595 2304 734 2356 coelis,
769 2304 892 2357 juxta
932 2318 1026 2344 cum
1062 2303 1168 2357 ipsis
1207 2303 1398 2356 Angelis,
1437 2302 1665 2344 adventum
1692 2302 1815 2356 regni

244 2378 272 2421 J
275 2394 347 2421 esu
386 2376 545 2419 Christi
582 2375 802 2429 perpetuis
830 2374 942 2417 votis
973 2377 1189 2428 exoptent,
1220 2376 1261 2416 et
1289 2373 1505 2416 Ecclesiae
1532 2373 1602 2415 hic
1629 2373 1817 2415 militan-

244 2450 300 2492 tis
329 2448 626 2492 liberationem
657 2448 871 2500 expetant,
903 2446 1029 2488 sicuti
1068 2447 1157 2499 ejus
1196 2446 1257 2488 rei
1287 2445 1530 2500 exemplum
1558 2444 1816 2500 proponitur

246 2523 383 2576 Apoc.
422 2521 460 2574 5,
495 2521 531 2562 8.
562 2522 604 2562 et
631 2521 668 2572 6,
699 2520 761 2561 10.
795 2521 837 2561 et
867 2519 1092 2572 quominus
1122 2518 1267 2560 fideles
1295 2518 1340 2559 in
1370 2520 1484 2559 terra
1512 2517 1701 2559 viventes
1730 2531 1814 2559 non

245 2595 415 2635 tantum
452 2607 530 2646 pro
561 2606 616 2640 se,
648 2591 721 2633 sed
751 2593 792 2632 et
820 2605 899 2644 pro
929 2589 1133 2631 fratribus
1162 2590 1261 2641 suis,
1292 2603 1523 2641 eorumque
1550 2588 1814 2631 necessitati-

244 2666 323 2707 bus
364 2663 503 2707 Deum
537 2678 613 2718 per
640 2663 811 2704 unicum
839 2662 1121 2705 Mediatorem
1152 2660 1369 2703 Christum
1397 2660 1656 2702 unanimiter
1685 2660 1817 2702 inter-

248 2738 421 2792 pellent,
453 2736 553 2790 quia
584 2735 775 2778 conservi
805 2736 904 2777 sunt
932 2734 1008 2775 sub
1037 2734 1184 2776 eodem
1211 2733 1396 2785 domino,
1427 2735 1469 2775 et
1493 2732 1683 2774 membra
1708 2733 1818 2786 ejus-

249 2809 343 2851 dem
382 2807 573 2863 corporis
614 2808 692 2850 sub
733 2807 879 2849 eodeni
918 2805 1068 2859 capite,
1104 2805 1176 2858 qui
1205 2804 1346 2847 studio
1377 2804 1542 2846 divinae
1572 2803 1746 2857 gloriae,
1777 2805 1818 2846 et

252 2879 443 2922 caritatis
481 2878 715 2922 communis
743 2879 853 2932 lege,
882 2893 962 2932 pro
992 2876 1156 2919 ratione
1187 2876 1442 2919 conditionis
1474 2878 1515 2917 et
1542 2874 1723 2917 notitiae
1751 2875 1818 2929 ip-

252 2965 408 3002 sorum,
435 2951 487 2992 ad
510 2950 617 2992 haec
641 2949 782 2992 officia
804 2949 987 2991 invicem
1001 2947 1256 3003 praestanda
1271 2947 1474 2990 divinitus
1490 2949 1587 2989 sunt
1603 2945 1797 2989 obstricti
1808 2962 1817 2997 3
1856 2955 1859 2960 '

253 3022 380 3063 sicuti
407 3022 496 3074 ejus
516 3022 577 3063 rei
594 3021 787 3074 exempla
803 3023 844 3063 et
859 3021 1059 3062 mandata
1073 3019 1257 3074 plurima
1271 3019 1315 3061 in
1330 3018 1562 3072 Scripturis
1579 3019 1818 3061 occurrunt.
