1931 3224
258 155 337 196 410
806 151 1051 196 Dmmmmo
1080 154 1274 197 XXXLK.

222 332 227 334 ‚
257 278 450 320 veritatis
488 276 725 329 exigemus:
761 276 1105 329 quandoquidem
1133 278 1289 332 dogma
1316 279 1423 322 illud
1451 295 1585 335 suum,
1615 283 1705 324 tam
1734 297 1823 325 cre-

219 339 226 344 *
260 349 350 391 ditu
374 348 655 390 necessarium
679 362 768 390 esse
793 350 999 401 statuunt,
1025 352 1073 391 ut
1099 350 1172 402 qui
1195 350 1300 392 illud
1317 354 1460 405 negat,
1485 353 1641 395 illum
1663 354 1716 395 in
1741 368 1822 407 ge-

258 421 463 462 hennae
503 421 849 474 sempiterno
889 420 1143 462 incendio
1176 422 1449 464 cruciandum
1472 424 1634 477 judicet
1661 424 1823 466 Bellar-

258 492 409 544 minus,
448 492 474 532 l.
518 492 555 532 2.
599 491 648 533 de
692 491 821 544 Purg.
865 506 955 545 cap.
998 492 1058 533 15.
1097 491 1155 534 Et
1193 492 1453 547 Panigarula
1489 510 1576 537 non
1613 496 1824 539 dubitavit

258 578 413 616 negare
441 562 580 604 Deum
611 578 710 612 esse,
740 563 784 604 si
814 563 1201 616 purgatorium
1228 579 1332 606 non
1362 565 1448 607 sit.
1480 565 1593 608 Lect.
1620 567 1670 609 de
1694 566 1823 621 Purg.

259 633 436 675 Taurini
463 633 624 675 habita.
1758 644 1772 649 “

311 704 362 746 V.
401 703 492 747 Nos
520 719 632 757 vero,
664 706 705 746 et
733 704 872 747 Deum
899 720 988 747 esse
1017 706 1256 749 firmissime
1288 707 1507 759 credimus,
1538 710 1579 749 et
1609 708 1695 750 tale
1724 723 1825 762 pur-

260 775 476 828 gatorium
514 790 601 817 esse
639 778 886 818 constanter
924 792 1143 831 negamus,
1182 793 1260 820 nec
1299 778 1454 820 inferni
1482 794 1640 832 poenas
1670 795 1718 822 eo
1748 795 1826 822 no-

259 845 372 887 mine
423 846 758 897 extimescimus3
810 848 882 900 qui
933 851 1103 901 praeter
1156 848 1315 891 Christi
1356 849 1604 903 sanguinem
1647 852 1690 891 et
1730 850 1826 905 Spi-

259 918 367 959 ritus
409 917 555 960 Sancti
598 919 795 975 gratiam,
840 934 947 972 quae
983 920 1113 962 verbo
1151 922 1193 962 et
1229 919 1511 963 Sacramentis
1548 921 1593 963 in
1622 921 1701 963 hac
1735 922 1825 964 vita

260 989 526 1031 credentibus
568 990 882 1043 dispensantur,
926 991 1081 1033 scimus
1123 992 1291 1033 nullum
1331 993 1631 1046 purgatorium
1673 1009 1763 1037 esse
1802 1009 1827 1036 a

259 1061 351 1104 Deo
379 1062 638 1115 institutum,
666 1063 749 1104 nisi
771 1063 883 1105 forte
913 1063 1007 1116 quis
1037 1063 1151 1105 dicat
1175 1062 1432 1106 afflictiones
1456 1067 1499 1106 et
1523 1065 1827 1118 castigationes

261 1148 285 1174 a
327 1134 512 1186 peccatis
553 1148 760 1187 purgare;
804 1134 919 1187 quod
956 1137 1101 1176 tamen
1138 1149 1224 1176 non
1261 1134 1425 1177 faciunt
1461 1135 1504 1176 vi
1541 1135 1719 1189 propria
1755 1135 1827 1178 sed

263 1204 584 1247 occasionaliter
621 1207 801 1257 tantum,
840 1207 888 1246 ut
925 1205 984 1247 sic
1023 1206 1172 1258 dicam,
1213 1208 1422 1259 quatenus
1451 1205 1699 1258 παθήματα
1730 1209 1829 1249 sunt

262 1276 524 1329 μαθήματα,
571 1277 724 1330 quibus
768 1277 818 1319 de
860 1277 1182 1319 infirmitatibus
1221 1278 1380 1319 nostris
1417 1292 1648 1330 monemur,
1689 1279 1737 1319 ut
1774 1278 1828 1320 ad

261 1349 472 1391 medicum
509 1364 787 1402 recurramus,
828 1364 936 1402 quae
972 1349 1084 1391 ratio
1114 1348 1418 1391 afflictionibus
1446 1350 1560 1406 ignis
1588 1350 1830 1404 purgatorii

262 1424 361 1475 post
401 1421 511 1463 hanc
552 1420 698 1473 vitam,
741 1421 845 1475 ipsis
884 1421 1120 1463 fatentibus
1158 1421 1424 1473 adversariis,
1466 1424 1708 1475 competere
1745 1435 1830 1463 non

261 1494 417 1546 potest.

314 1563 354 1605 V
357 1562 387 1605 I.
426 1562 719 1605 Falsissimum
758 1566 822 1606 est
860 1563 974 1616 quod
1010 1566 1270 1618 supponunt,
1300 1563 1537 1606 Ecclesiam
1567 1562 1831 1605 Catholicam

261 1638 469 1689 perpetuo
509 1635 690 1677 sensisse
726 1635 811 1677 tale
849 1635 1153 1689 purgatorium
1193 1650 1293 1688 esse,
1333 1650 1460 1688 quam
1490 1635 1831 1689 suppositionem

264 1708 510 1750 existimant
547 1706 741 1749 sufficere
780 1707 942 1761 debere,
982 1707 1036 1748 ad
1063 1707 1329 1749 retinendam
1357 1706 1601 1761 purgatorii
1631 1706 1830 1749 assertio-

261 1794 372 1831 nem,
396 1779 531 1821 licet
554 1778 760 1821 nullum
784 1779 1052 1821 haberent
1077 1778 1405 1832 Scripturae
1429 1777 1829 1831 testimonium,

264 1853 355 1893 aut
383 1852 763 1904 argumentum
793 1850 908 1892 aliu
919 1850 956 1891 d.
987 1849 1109 1899 Quod
1137 1849 1464 1892 fundamentum
1493 1852 1614 1891 caute
1642 1849 1830 1892 subster-

262 1924 382 1974 nunt,
421 1922 577 1965 conscii
615 1922 707 1975 sibi,
748 1921 949 1975 quicquid
988 1936 1039 1964 ex
1077 1920 1206 1965 Sacra
1235 1920 1457 1974 Scriptura
1485 1921 1722 1974 proferunt,
1754 1920 1829 1962 ob-

262 1996 378 2036 torto
409 1994 517 2036 collo
545 1993 660 2035 trahi
689 1993 742 2035 ad
770 1993 953 2035 alienam
982 2007 1171 2042 causam;
1201 2007 1278 2034 nec
1306 2006 1431 2045 posse
1458 1991 1586 2034 fidem
1612 1991 1750 2034 facere
1778 1992 1830 2033 iis

263 2066 418 2119 quibus
446 2080 532 2107 non
562 2067 625 2107 est
651 2065 866 2118 objectum
892 2064 946 2107 ob
971 2064 1116 2106 oculos
1141 2063 1391 2105 Pontificiae
1416 2063 1684 2106 auctoritatis
1709 2063 1830 2116 glau-

265 2151 396 2189 coma,
441 2140 481 2179 et
522 2136 803 2179 traditionum
845 2136 1128 2178 humanarum
1171 2135 1392 2187 nubecula,
1437 2149 1546 2188 quae
1584 2134 1831 2177 Catholicae

263 2210 480 2254 Ecclesiae
510 2209 812 2251 auctoritatem
840 2206 947 2250 falso
978 2208 1059 2250 sibi
1089 2207 1296 2249 vendicat.

318 2281 411 2323 VII.
447 2280 648 2330 Quamvis
678 2294 779 2333 ergo
808 2279 1013 2321 nonnulla
1041 2277 1287 2332 Scripturae
1314 2277 1560 2319 testimonia
1586 2278 1830 2329 torqueant,

264 2354 435 2396 fuerunt
471 2355 616 2394 tamen
652 2351 697 2392 in
734 2352 828 2404 ipso
858 2350 1184 2392 Pontificiorum
1213 2364 1358 2402 regno,
1389 2348 1544 2402 quibus
1572 2349 1729 2390 veritas
1760 2363 1831 2390 ex-

264 2425 404 2477 torsit,
442 2440 546 2467 non
584 2438 699 2466 esse
736 2424 790 2465 in
826 2424 1083 2477 promptu
1113 2421 1378 2463 adducere
1406 2435 1563 2462 unam
1592 2419 1831 2472 aliquam

265 2497 632 2551 Scripturam,
688 2510 789 2548 qua
832 2493 1272 2548 protervientem
1314 2492 1528 2545 adigat,
1571 2491 1652 2533 uti
1695 2491 1832 2534 velit

263 2569 430 2621 nolit,
471 2567 840 2618 confiteatur,
883 2565 1184 2619 purgatorium
1213 2579 1316 2616 esse,
1348 2566 1400 2606 et
1429 2563 1473 2606 si
1503 2563 1687 2617 aliqua
1717 2577 1830 2605 esse

265 2641 467 2696 possit,
508 2643 688 2682 tamen
731 2637 1205 2691 diligentissimos
1243 2635 1613 2689 inquisitores
1650 2634 1831 2677 hacte-

264 2727 360 2755 nus
401 2711 660 2762 latuisse,
703 2708 916 2751 Roffensis
962 2710 1109 2750 contra
1151 2707 1384 2749 Lutherum
1422 2706 1586 2748 articul.
1627 2706 1688 2748 18.
1718 2705 1830 2748 Hinc

267 2787 329 2827 est
369 2784 482 2837 quod
519 2784 564 2825 in
594 2782 743 2834 Gallia,
773 2781 926 2823 Petrus
958 2779 1166 2821 Cottonus
1195 2778 1372 2829 Jesuita,
1404 2792 1498 2820 cum
1526 2792 1702 2831 superos
1730 2777 1828 2819 flec-

265 2858 354 2898 tere
392 2870 479 2898 non
516 2856 673 2908 posset,
710 2851 957 2894 Acheronta
994 2865 1163 2893 movere
1201 2852 1378 2892 conatus
1409 2851 1484 2901 est,
1515 2851 1557 2890 et
1587 2849 1700 2902 quod
1729 2849 1830 2890 hac-

266 2929 388 2969 tenus
428 2925 775 2979 diligentissimos
812 2924 1009 2975 latuerat,
1049 2937 1130 2976 ope
1169 2922 1387 2965 daemonis
1426 2935 1584 2972 eruere,
1624 2919 1691 2961 cui
1719 2919 1831 2961 inter

269 2997 374 3040 alias
425 2997 694 3050 quaestiones
736 2996 848 3038 hanc
890 2993 1138 3048 proposuit:
1182 2993 1310 3042 Quis
1363 2993 1507 3034 esset
1556 2991 1608 3032 in
1651 2989 1829 3044 Scrip-
