1931 3224
565 138 628 180 DE
657 137 915 180 SAGRAMENTO
946 136 1151 178 BAPTISMI.
1561 134 1639 175 497

77 264 285 319 signando
324 264 499 305 dicimus
537 263 779 315 consistere,
809 263 891 304 duo
925 261 1233 318 significamus:
1263 259 1407 301 Primo
1439 258 1641 300 certiora-

75 336 237 378 tionem
278 336 441 389 gratiae
484 335 729 388 promissae,
774 337 816 376 et
858 349 882 376 a
921 348 1046 376 causa
1084 331 1313 386 principali
1353 329 1530 372 collatae
1569 332 1642 370 aut

78 406 376 457 conferendae3
415 397 607 449 Secundo
646 406 833 460 ejusdem
872 404 1237 447 confirmationem
1275 405 1316 444 et
1355 403 1641 455 augmentum.

79 477 217 527 Quum
247 480 389 519 autem
417 477 642 540 promissio
673 477 746 518 illa
774 492 860 537 11011
889 477 946 540 011
972 475 1177 526 absoluta,
1204 474 1275 516 sed
1300 474 1526 526 conjuncta
1550 487 1645 513 cum

80 549 322 605 conditione
363 548 463 590 fidei
505 552 546 590 et
587 532 914 602 resipiscentiae,
951 533 1161 600 0001011301,
1205 545 1388 599 gratiam
1414 545 1531 586 illam
1558 558 1645 585 non

11 675 19 685 ⁸
80 621 297 673 obsignari
325 619 408 660 nisi
436 619 702 661 credentibus
731 622 772 661 et
800 618 1159 672 resipiscentibus,
1185 631 1232 658 ac
1255 615 1432 671 proinde
1458 617 1499 657 et
1522 616 1645 669 signa

78 705 165 733 non
202 690 375 743 indigne
410 690 727 743 usurpantibus,
758 693 804 731 ut
834 690 1069 743 Apostolus
1096 688 1286 741 loquitur
1315 688 1335 728 1
1367 686 1459 728 Cor.
1489 687 1552 738 11,
1581 687 1647 729 29.

133 760 310 802 XXXII.
348 761 443 803 Hoc
481 777 580 804 vero
619 765 815 815 respectu
846 761 1127 811 concedimus,
1157 758 1490 809 Sacramentum,
1521 757 1647 798 sicuti

83 835 124 873 01
161 832 337 885 reliqua,
379 833 509 873 etiam
543 847 631 874 esse
659 833 721 874 rei
749 832 983 886 promissae
1014 830 1308 881 exhibitivum,
1341 829 1440 882 quia
1467 828 1512 869 in
1539 827 1647 880 legi-
1676 883 1677 886 Ἴ

82 904 188 945 111110
228 906 269 945 01
307 904 436 957 digno
476 904 602 956 liujus
640 902 902 945 Sacramenti
932 917 1022 954 usu,
1053 902 1158 943 haec
1189 916 1297 954 quae
1326 893 1675 955 promittuntur,¹

83 989 159 1028 per
210 973 418 1028 Spiritum
461 973 664 1016 Sanctum
706 973 899 1035 fidelibus
942 988 1028 1015 non
1069 975 1240 1014 tantum
1283 971 1532 1023 offeruntur,
1577 969 1649 1011 sed

85 1046 214 1087 etiam
252 1046 393 1099 reipsa
433 1045 687 1087 exhibentur
727 1035 769 1086 01
808 1044 1102 1086 conferuntur:
1134 1058 1264 1096 quum
1292 1041 1408 1084 Deus
1439 1041 1494 1083 sit
1522 1055 1650 1083 verax

84 1117 128 1158 in
171 1117 468 1177 obsignatione
511 1131 681 1158 suarum
724 1115 1069 1169 promissionum,
1113 1117 1154 1156 01
1193 1114 1466 1155 Saciamenta
1503 1097 1651 1155 nostra

85 1203 171 1230 non
211 1188 295 1229 sint
334 1187 589 1241 appendices
619 1186 848 1228 occidentis
877 1185 1039 1237 literae,
1071 1185 1142 1227 sed
1169 1184 1421 1226 vivificantis
1452 1183 1652 1237 Spiritus.

140 1258 339 1301 XXXIII.
379 1258 518 1301 Usus
556 1260 736 1300 autem
774 1259 936 1310 atque
965 1256 1205 1298 effectus
1234 1255 1361 1308 hujus
1391 1254 1653 1297 Sacramenti

88 1334 186 1373 sunt
223 1331 348 1372 multi
387 1333 429 1372 et
466 1330 654 1372 maximi.
693 1329 916 1382 Quotquot
946 1329 1058 1369 enim
1086 1327 1296 1380 baptizati
1325 1341 1480 1379 sumus,
1510 1326 1653 1368 Chris-

87 1404 179 1443 tum
208 1402 433 1453 induimus,
462 1400 552 1442 Gal.
591 1401 627 1452 3,
668 1401 730 1442 27.
769 1400 1039 1454 baptizamur
1072 1399 1116 1439 in
1143 1399 1433 1440 remissionem
1463 1401 1504 1439 et
1534 1399 1654 1440 ablu-

87 1473 250 1515 tionem
288 1475 574 1526 peccatorum,
612 1472 707 1514 Act.
747 1473 784 1524 2,
823 1472 886 1513 38.
927 1474 968 1513 01
997 1472 1059 1520 22,
1089 1471 1152 1511 16.
1181 1470 1261 1511 Εο1
1289 1470 1505 1511 lavacrum
1534 1485 1654 1523 rege-

89 1544 336 1595 nerationis,
381 1543 602 1597 stipulatio
652 1543 792 1584 bonae
846 1541 1128 1584 conscientiae
1179 1556 1256 1594 per
1304 1541 1655 1583 resurrectionem

91 1614 261 1667 Christi,
292 1614 374 1656 Tit.
400 1614 437 1655 3.
464 1616 505 1656 et
529 1614 550 1655 1
576 1614 667 1655 Ρο1.
693 1615 730 1655 4.
760 1614 842 1656 Per
870 1614 975 1655 illud
1005 1616 1126 1655 vetus
1155 1612 1284 1654 homo
1317 1612 1578 1666 crucifigitur
1608 1628 1655 1654 ac

92 1686 305 1740 sepelitur,
347 1688 389 1727 et
424 1701 558 1728 novus
592 1686 729 1739 magis
766 1685 1015 1737 vivificatur,
1053 1684 1178 1726 Rom.
1216 1684 1253 1735 6,
1287 1684 1324 1724 3.
1354 1685 1448 1737 ipsa
1476 1684 1655 1736 denique

93 1757 267 1810 adoptio
297 1759 339 1799 et
369 1757 481 1798 salus
512 1757 549 1798 ei
578 1756 815 1809 ascribitur,
844 1756 974 1799 Marc.
1004 1756 1066 1809 16,
1098 1756 1160 1797 16.
1191 1758 1232 1797 01
1261 1755 1375 1797 alibi.

146 1827 343 1871 XXXIV.
382 1828 557 1870 Praeter
594 1829 674 1870 hos
704 1828 930 1882 primarios
959 1843 1072 1880 usus,
1103 1830 1202 1869 sunt
1234 1829 1276 1868 01
1306 1826 1378 1868 0111
1407 1827 1656 1880 secundarii,

92 1914 245 1954 nempe
283 1902 457 1941 externa
493 1900 538 1941 in
566 1899 800 1942 Ecclesiam
830 1900 1041 1942 visibilem
1071 1901 1111 1941 et
1141 1898 1441 1952 particularem
1469 1899 1656 1950 insertio,

94 1971 189 2013 Act.
227 1973 264 2022 2,
301 1971 366 2012 41.
398 1972 687 2013 membrorum
715 1971 873 2013 Christi
901 1971 1012 2013 inter
1041 1986 1084 2012 se
1115 1973 1242 2022 atque
1271 1970 1316 2010 in
1343 1984 1474 2011 unum
1505 1984 1657 2023 corpus

95 2043 350 2095 conjunctio,
382 2043 403 2083 1
435 2041 527 2084 Cor.
558 2043 621 2095 12,
652 2043 713 2084 12.
745 2045 874 2095 atque
900 2058 950 2084 ex
974 2042 1060 2084 illis
1087 2056 1348 2094 consequens
1372 2044 1543 2083 nostrae
1558 2057 1658 2095 pro-

93 2113 292 2156 fessionis
337 2113 607 2167 significatio,
651 2116 692 2156 et
734 2113 787 2155 ab
832 2113 1027 2156 omnibus
1063 2113 1155 2154 aliis
1193 2112 1429 2154 infidelium
1468 2113 1658 2154 coetibus

96 2185 326 2236 distinctio,
357 2199 405 2226 ac
433 2185 690 2227 dissociatio.

149 2244 326 2298 XXXV.
363 2255 455 2297 Nec
491 2271 591 2298 vero
630 2256 842 2311 Baptismi
877 2256 941 2298 illi
978 2271 1080 2297 usus
1119 2258 1247 2308 atque
1282 2257 1454 2298 effectus
1483 2257 1658 2299 restrin-

97 2327 225 2380 gendi
253 2329 351 2368 sunt
381 2327 433 2368 ad
461 2326 753 2369 remissionem
781 2330 909 2380 atque
935 2327 1211 2369 abolitionem
1238 2331 1525 2382 peccatorum,
1553 2345 1660 2383 quae

98 2400 195 2440 ante
232 2397 503 2451 Baptismum
542 2398 766 2440 commissa
803 2401 921 2450 sunt3
960 2400 1032 2439 001
1071 2398 1124 2439 ad
1160 2399 1448 2452 receptionem
1484 2401 1528 2441 in
1563 2415 1660 2453 gra-

97 2468 214 2520 tiam,
241 2483 348 2521 quae
371 2468 556 2522 primum
580 2469 848 2511 credentibus
872 2469 1153 2522 promittitur,
1178 2471 1226 2510 ut
1250 2468 1467 2512 Pontificii
1490 2471 1660 2524 volunt3

100 2540 173 2593 qui
216 2540 267 2582 ad
311 2540 566 2581 deletionem
608 2542 893 2594 peccatorum,
931 2543 979 2582 ut
1015 2540 1100 2593 ipsi
1128 2540 1373 2593 loquuntur,
1403 2542 1660 2594 mortalium,

98 2613 199 2663 post
239 2610 509 2664 Baptismum
553 2613 887 2664 commissorum,
933 2612 986 2653 ad
1027 2612 1343 2653 restitutionem
1381 2613 1425 2654 in
1464 2613 1660 2666 gratiam,

100 2681 215 2723 aliud
254 2681 575 2726 Sacramentum
613 2684 923 2737 excogitarunt,
957 2698 1110 2737 nempe
1147 2683 1436 2737 poenitentiae
1465 2686 1507 2725 et
1538 2684 1662 2726 abso-

100 2752 275 2795 lutionis
322 2754 606 2806 sacerdotalis,
647 2770 773 2808 quam
811 2755 906 2796 ideo
946 2754 1172 2796 secundam
1208 2754 1400 2796 tabulam
1429 2755 1662 2809 appellant,

100 2839 177 2878 per
218 2841 358 2879 quam,
400 2826 538 2879 prima
577 2827 716 2880 gratia
753 2827 920 2878 amissa,
955 2826 1091 2868 denuo
1127 2840 1178 2867 ex
1210 2825 1434 2880 naufragio
1472 2827 1528 2869 sit
1566 2842 1663 2869 eva-

102 2895 294 2939 dendum.

155 2966 354 3010 XXXVI.
397 2968 494 3010 Etsi
535 2968 647 3012 enim
688 2968 871 3010 libenter
913 2967 1135 3020 fateamur,
1177 2970 1353 3022 peccata
1396 2969 1525 3011 etiam
1566 2973 1665 3023 post

1488 3042 1523 3068 32
