1931 3224
299 115 363 158 DE
391 113 720 156 Rnsuanncrionn
750 108 896 152 CARNJs
923 121 970 150 nr
999 104 1158 148 Jumcm
1187 118 1377 147 Exrnmio.
1540 102 1617 145 647

63 243 315 288 Custodit
342 238 604 283 Dominus
633 234 810 278 omnia
840 245 962 275 ossa
991 229 1223 284 piorum;
1254 231 1295 272 et
1325 228 1438 282 quod
1467 227 1621 270 dicitur

63 315 196 369 Apoc.
237 314 301 365 20,
340 313 403 354 13,
439 310 584 353 Mare
622 310 674 350 et
710 320 850 348 mors
889 302 1185 356 aliquando
1224 301 1455 343 reddent
1489 314 1621 341 mor-

64 389 185 429 tuos
225 398 360 426 suos.
400 382 477 424 Cui
510 382 717 434 jungatur
754 377 858 419 illud
894 375 1141 429 Augustini,
1178 373 1475 415 Multorum
1513 386 1623 413 cor-

64 472 195 514 pora
245 454 687 498 Christianorum
738 452 885 492 terra
928 462 1031 489 non
1072 445 1240 496 texit,
1284 444 1374 485 sed
1416 442 1623 484 nullum

66 542 246 572 eorum
284 526 567 580 quisquam
603 539 627 565 a
665 522 815 565 coelo
856 523 906 563 et
945 523 1096 561 terra
1133 515 1439 570 separavit,
1470 527 1623 567 quam

66 604 236 644 totam
272 598 467 652 implet
505 594 821 650 praesentia
850 592 951 644 sui,
983 590 1072 644 qui
1100 588 1256 630 novit
1285 586 1421 629 unde
1449 599 1620 627 resus-

68 674 202 716 citet
231 671 371 726 quod
399 668 631 719 creavit,
662 666 726 708 De
756 664 928 707 Civitat.
956 662 1050 714 Dei,
1078 660 1168 703 Lib.
1199 660 1234 701 1.
1267 674 1356 713 cap.
1388 659 1449 700 12.

420 828 515 875 DE
547 823 909 874 EXTREMO
944 818 1273 869 JUDIOIO.
1319 778 1324 782 *

119 965 247 1010 XLV.
284 964 335 1006 In
363 959 648 1005 fundamentis
678 956 942 1000 Christianae
973 953 1190 996 doctrinae
1218 951 1331 1005 apud
1359 949 1628 1005 Apostolum,

68 1040 168 1083 Ebr.
197 1039 234 1090 6,
258 1038 297 1079 2.
320 1036 425 1077 haec
450 1034 532 1075 duo
557 1030 886 1084 conjunguntur,
912 1025 1268 1068 Resurrectio
1293 1025 1630 1066 mortuorum

69 1114 120 1154 et
148 1110 174 1152 J
185 1125 213 1152 u
225 1107 424 1152 dicium
454 1105 745 1146 aeternum.
774 1100 832 1142 Et
854 1100 966 1141 inter
991 1100 1131 1140 cetera
1156 1094 1478 1138 resurrectionis
1504 1108 1630 1147 argu-

68 1184 222 1234 menta,
261 1194 348 1221 non
384 1177 608 1219 minimum
646 1173 728 1214 fuit
758 1172 1028 1223 desumptum
1058 1184 1081 1210 a
1110 1167 1190 1209 Dei
1216 1167 1397 1220 justitia,
1429 1180 1535 1218 quae
1565 1180 1631 1207 re-

70 1254 214 1308 quirit,
257 1254 304 1293 ut
347 1262 491 1292 omnes
534 1247 740 1289 sistantur
782 1255 960 1284 coram
998 1239 1270 1281 tribunali
1309 1238 1541 1290 Christi,
1581 1240 1631 1279 et

68 1324 324 1378 reportet
365 1317 743 1372 unusquisque
781 1315 834 1356 in
873 1325 1103 1366 corpore
1142 1310 1533 1352 convenienter
1571 1309 1633 1350 ad

71 1398 123 1440 id
152 1395 290 1450 quod
316 1391 537 1443 fecerit,
571 1389 683 1431 sive
711 1387 908 1428 bonum
936 1383 1049 1426 sive
1079 1383 1294 1433 malum,
1325 1382 1346 1423 1
1379 1380 1537 1432 Cor.5,
1569 1380 1631 1421 10.

71 1470 137 1512 De
176 1468 249 1510 illo
292 1465 425 1519 igitur
463 1462 623 1517 judicio
669 1459 976 1511 consequenter
1017 1455 1140 1497 nobis
1184 1457 1246 1496 est
1284 1453 1518 1504 dicendum,
1561 1452 1633 1494 sed

72 1539 231 1594 paucis,
271 1536 370 1590 quia
408 1535 633 1588 plerasque
662 1532 750 1584 ejus
781 1527 1130 1579 circumstantias,
1161 1526 1204 1567 111
1233 1526 1459 1577 conjnncta
1488 1524 1537 1566 de
1566 1538 1632 1565 re-

73 1609 332 1653 surrectione
381 1606 573 1657 materia,
617 1603 852 1656 attigimus.
897 1599 1114 1643 Judicium
1157 1600 1299 1639 autem
1340 1595 1631 1649 intelligimus,

72 1696 159 1724 non
186 1679 455 1734 particulare,
487 1675 600 1729 quod
628 1675 673 1716 in
699 1674 780 1716 hac
808 1673 897 1715 vita
926 1671 994 1714 vel
1022 1671 1066 1711 in
1095 1672 1232 1712 morte
1264 1669 1464 1721 cujusque
1492 1665 1631 1708 homi-

72 1754 138 1795 nis
168 1753 334 1794 exercet
361 1749 490 1801 Deus,
517 1746 630 1800 quod
654 1744 1001 1795 antecedenS,
1026 1741 1268 1796 partiale
1294 1742 1344 1781 et
1370 1738 1633 1781 occultum

75 1825 156 1868 dici
191 1824 354 1879 potest:
392 1820 465 1862 sed
492 1817 741 1868 universale,
772 1815 910 1867 finale,
940 1813 1086 1864 totale,
1118 1814 1336 1854 aeternum
1365 1812 1407 1852 et
1435 1808 1633 1851 manifes-

73 1899 178 1948 tum,
222 1893 335 1948 quod
376 1893 420 1934 in
459 1891 524 1933 die
561 1889 792 1932 novissimo
830 1888 928 1942 post
966 1883 1247 1926 universalem
1284 1881 1635 1924 resurrectionem

73 1967 334 2017 instituetur,
365 1963 478 2017 quod
501 1962 634 2005 Judas
658 1976 695 2003 v.
721 1961 758 2002 6.
783 1961 908 2001 vocat
937 1958 1055 2011 κρίσιν
1083 1954 1274 2007 μεγάλης
1296 1953 1458 2006 ἡμέρας,
1482 1952 1634 1994 Petrus

75 2040 111 2081 2.
150 2053 214 2092 ep.
245 2052 277 2079 c.
307 2037 343 2078 3.
372 2051 410 2078 v.
441 2036 502 2077 12.
539 2033 690 2087 ἡμέραν
723 2036 789 2075 τοῦ
826 2033 936 2082 Θεοῦ,
967 2029 1125 2071 Paulus
1155 2027 1276 2068 Rom.
1307 2027 1344 2077 2,
1374 2025 1410 2066 5.
1440 2026 1636 2078 respectu

76 2109 355 2165 reproborum
391 2108 539 2160 ἡμέραν
577 2106 706 2158 ὀργῆς,
743 2106 785 2145 et
824 2102 936 2156 Eph.
973 2102 1009 2152 4,
1040 2101 1103 2142 30.
1135 2098 1282 2150 ἡμέραν
1314 2096 1633 2149 ἀπολυτρώσεως,

76 2184 274 2236 respectu
309 2180 492 2234 piorum,
528 2180 576 2219 ut
612 2177 726 2219 Act.
765 2176 802 2228 3,
832 2175 894 2216 20.
926 2173 1080 2215 dicitur
1110 2173 1278 2223 tempus
1310 2167 1561 2221 ἀναψύξεως,
1596 2169 1637 2209 et

76 2269 183 2297 vers.
212 2254 276 2295 21.
307 2248 687 2297 ἀποκαταστάσεως
717 2247 886 2291 πάντων.

129 2324 281 2368 XLVI.
305 2323 443 2377 Hujus
468 2322 551 2364 diei
576 2323 616 2363 et
636 2319 784 2374 judicii
810 2316 1032 2360 confusum
1057 2314 1242 2366 aliquem
1267 2326 1437 2354 sensum
1462 2310 1506 2352 in
1528 2309 1637 2351 Eth-

77 2398 184 2441 nicis
210 2396 353 2448 fuisse,
384 2392 757 2448 deprehendimus3
788 2389 853 2431 vel
882 2389 982 2440 quia
1012 2386 1198 2429 divinam
1220 2383 1434 2437 justitiam
1457 2381 1543 2423 tale
1569 2382 1637 2433 ju-

38 2511 47 2517 ,
79 2470 235 2512 dicium
271 2467 486 2520 requirere
523 2464 753 2519 prudenter
791 2460 1074 2514 collegerunt3
1104 2457 1172 2498 vel
1201 2456 1302 2509 quia
1332 2470 1382 2496 ex
1411 2452 1638 2495 dictamine

79 2543 359 2584 honestorum
397 2541 438 2580 et
475 2537 668 2590 turpium
703 2533 836 2575 menti
873 2531 1083 2573 humanae
1113 2528 1313 2570 divinitus
1340 2527 1484 2577 insito,
1516 2527 1558 2567 et
1587 2539 1637 2566 ex

79 2613 282 2668 propriae
320 2609 600 2653 conscientiae
638 2604 884 2649 testimonio
924 2601 1107 2645 convicti
1144 2600 1328 2651 fuerunt,
1366 2598 1489 2639 bonis
1517 2598 1638 2648 bene,

83 2688 124 2727 et
159 2683 284 2726 malis
321 2681 432 2724 male
472 2678 700 2732 aliquando
738 2677 948 2724 filtur11n1;
987 2676 1060 2715 aut
1100 2672 1240 2723 etiam,
1271 2671 1370 2723 quia
1400 2669 1560 2722 aliquid
1588 2668 1638 2710 de

81 2756 290 2799 Ecclesiae
329 2753 522 2796 doctrina
559 2751 612 2793 ad
649 2763 794 2792 eorum
832 2761 953 2789 aures
990 2744 1203 2800 pervenit:
1235 2757 1362 2796 quam
1390 2745 1533 2784 tamen
1563 2755 1639 2783 no-

82 2828 224 2870 titiam
264 2826 409 2868 multis
450 2822 607 2866 fabulis
650 2820 930 2863 obscurarunt
973 2819 1015 2859 et
1057 2815 1412 2859 contaminarunt.
1454 2812 1638 2855 Proinde

82 2899 333 2953 mysterium
371 2897 489 2948 illud,
526 2895 669 2948 potest
703 2891 791 2933 dici
827 2892 980 2932 natura
1017 2889 1227 2942 ignotum,
1263 2886 1344 2928 fide
1373 2885 1638 2936 credendum,

85 2973 291 3024 quatenus
327 2968 450 3010 nobis
486 2967 531 3008 in
568 2964 696 3007 verbo
734 2962 957 3014 revelatur,
997 2960 1070 3002 ubi
1097 2957 1440 3001 manifestissime
1469 2957 1519 2999 de
1549 2957 1638 3008 ejus
