1931 3224
610 136 675 179 Du
703 135 834 178 Gom
863 135 1029 177 Dorum.
1523 131 1598 172 511

44 264 96 307 ad
124 262 388 313 bibitionem,
419 262 491 303 sed
514 262 566 303 ad
588 261 837 315 mysterium
862 262 904 301 et
928 258 1276 301 sacramentalem
1301 255 1601 306 ceremoniam3

44 337 92 376 ut
120 348 204 386 quo
230 332 493 386 significetur
522 346 687 385 coerS,
716 346 801 373 non
832 331 1002 384 quidem
1028 330 1072 372 in
1109 331 1253 383 partes
1292 330 1465 378 sectum,
1502 326 1601 368 Joh.

46 405 108 456 19,
145 405 209 446 33.
247 404 310 445 36.
339 404 411 445 sed
438 402 728 455 metaphorice
758 402 888 444 animi
915 401 1187 456 corporisque
1217 398 1473 441 cruciatibus
1503 412 1603 439 con-

44 475 247 517 fractum:
280 475 366 516 imo
395 489 496 516 vero
524 474 824 526 flagellatione,
856 473 1027 526 spineae
1056 485 1236 513 coronae
1264 469 1602 523 compunctione,

0 574 4 576 -
44 561 244 588 manuum
272 546 509 600 pedumque
539 543 818 594 confossione,
848 543 993 584 lateris
1024 542 1245 595 apertione
1274 540 1526 582 laceratum:
1557 554 1605 581 30

46 616 225 670 denique
262 615 480 669 sanguinis
519 615 734 665 effusione,
775 617 816 656 et
854 615 1018 656 animae
1056 628 1080 654 a
1114 626 1293 666 corpore
1322 611 1604 665 separatione,

44 689 89 731 in
118 689 220 731 duas
249 690 393 741 partes
419 687 598 729 divisum
629 690 943 739 mortuumque.
973 685 1096 728 Unde
1124 685 1167 726 in
1195 686 1378 736 utroque
1407 682 1605 735 Metony-

34 760 156 803 'mica
193 775 344 802 vocum
384 759 711 812 permutatione,
752 759 921 812 corpori
958 758 1124 808 fractio,
1163 759 1204 797 et
1234 755 1431 808 sanguini
1459 753 1607 795 effusio

45 831 262 874 tribuitur.

99 902 254 944 XXIX.
294 902 433 952 Quare
468 917 568 944 sane
601 902 888 944 Romanenses
919 904 1046 954 atque
1076 915 1146 942 eos
1176 899 1309 941 secuti
1335 899 1380 940 in
1409 897 1609 939 distribu-

46 973 164 1016 tione
203 974 508 1025 Eucharistias,
549 973 858 1016 orbicularibus
896 972 981 1014 suis
1011 972 1211 1013 crustulis
1240 973 1380 1012 totum
1409 969 1610 1021 quiddam

3 1082 8 1084 .
46 1044 295 1096 tribuentes,
339 1044 564 1097 frangendi
606 1044 748 1095 ritum,
792 1044 888 1085 inde
927 1059 951 1084 a
988 1042 1090 1084 Jesu
1119 1041 1287 1083 Christo
1317 1043 1359 1082 et
1386 1039 1610 1093 Apostolis

48 1116 69 1157 1
103 1115 196 1157 Cor.
237 1117 298 1167 10,
333 1117 394 1157 17.
424 1116 470 1157 in
498 1116 637 1169 prisca
666 1114 856 1156 Ecclesia
886 1114 1193 1163 continuatum,
1222 1114 1315 1153 tum
1342 1112 1386 1152 in
1415 1110 1610 1152 Orienta-

3 1196 16 1199 ”
47 1186 157 1228 libus
196 1189 503 1237 conservatum,
537 1200 622 1227 non
653 1185 742 1226 sine
772 1185 1003 1226 violatione
1033 1183 1298 1225 Sacramenti
1326 1183 1610 1224 sustulerunt:

49 1273 98 1301 eo
126 1258 421 1300 tantummodo
451 1259 618 1298 retento
645 1256 945 1298 Sacerdotibus
974 1256 1018 1296 in
1046 1254 1263 1296 Missatico
1290 1269 1365 1295 suo
1391 1253 1610 1294 sacrificio.

47 1328 197 1383 Inepte
237 1329 366 1371 etiam
405 1329 477 1381 qui
516 1328 748 1370 Lutherani
786 1326 930 1368 audire
959 1326 1162 1380 gestiunt,
1193 1325 1390 1378 frangere
1418 1324 1488 1366 1110
1516 1326 1611 1365 tan-

47 1404 140 1443 tum
170 1401 435 1452 distribuere,
464 1401 815 1453 interpretantur,
847 1412 941 1439 cum
971 1399 1185 1449 sequatur,
1217 1399 1258 1437 et
1287 1396 1436 1437 dedit
1468 1396 1557 1437 eis.

102 1472 236 1515 XXX.
268 1472 528 1523 Quartum
558 1471 690 1524 (quod
721 1471 831 1512 circa
854 1471 1018 1511 tactum
1041 1467 1252 1519 versatur)
1280 1470 1354 1519 est,
1386 1470 1434 1509 et
1463 1467 1614 1509 dedit

49 1544 347 1597 discipulis
377 1542 501 1585 suis.
530 1542 770 1594 Acceperat
801 1541 913 1582 enim
944 1543 986 1582 et
1010 1541 1210 1594 fregerat,
1236 1543 1283 1581 ut
1309 1540 1438 1591 daret,
1464 1540 1508 1581 id
1537 1542 1613 1591 est,

49 1615 259 1668 praebuit,
299 1613 492 1656 exhibuit
527 1616 569 1655 et
597 1627 751 1666 panem
781 1615 822 1654 et
852 1612 1023 1654 calicem
1056 1611 1377 1664 Discipulorum
1405 1610 1613 1661 manibus,

49 1701 135 1728 non
165 1687 240 1728 ori.
271 1684 371 1727 Non
401 1685 513 1726 enim
543 1685 659 1726 cibus
688 1684 771 1725 nisi
797 1682 1107 1736 impotentibus
1138 1683 1201 1724 ori
1229 1682 1471 1723 immediate
1494 1681 1614 1735 inge-

49 1757 170 1798 ritur.
210 1756 286 1798 Oui
324 1756 487 1797 dationi
519 1755 746 1810 respondet
776 1755 988 1808 acceptio;
1020 1754 1064 1795 in
1094 1769 1176 1807 qua
1205 1753 1439 1807 Apostolus
1470 1754 1489 1794 1
1521 1752 1613 1794 Cor.

51 1827 112 1868 11.
153 1827 369 1868 dationem
402 1826 602 1868 omissam
628 1826 817 1867 includit.
846 1825 991 1878 Atque
1021 1825 1091 1866 hic
1120 1824 1321 1878 Apostoli
1349 1838 1435 1865 non
1463 1822 1615 1865 Pasto-

49 1914 156 1949 rum,
186 1899 259 1940 sed
286 1898 420 1940 totius
449 1898 663 1940 Ecclesiae
694 1897 829 1939 vicem
857 1899 1017 1947 tenent,
1045 1898 1092 1937 ut
1109 1896 1262 1948 quibus
1278 1895 1456 1948 singulis
1473 1893 1616 1935 Chris-

50 1971 118 2010 tus
149 1969 302 2010 dicitur
332 1969 514 2010 dedisse:
546 1968 650 2010 alias
679 1968 713 2010 si
743 1969 793 2010 de
828 1967 1052 2021 Apostolis
1082 1967 1183 2008 solis
1213 1966 1388 2017 dicatur,
1415 1981 1498 2019 quo
1521 1967 1615 2018 jure

53 2038 192 2081 Coena
221 2040 396 2082 Domini
423 2041 535 2082 facta
563 2043 626 2082 est
655 2040 852 2082 omnibus
885 2039 1150 2080 communis?
1179 2037 1445 2091 praebitione
1475 2040 1617 2079 autem

52 2110 131 2153 hac
169 2111 418 2161 declaratur,
456 2114 504 2153 ut
543 2110 815 2153 Sacramenta
856 2110 1009 2160 omnia,
1047 2111 1108 2151 ita
1143 2112 1184 2151 et
1212 2109 1306 2159 1100,
1335 2123 1421 2150 11011
1450 2111 1617 2149 tantum

52 2181 97 2224 in
138 2182 464 2236 significatione,
508 2183 580 2224 sed
622 2185 664 2225 et
706 2183 749 2223 in
795 2181 1084 2235 applicatione
1123 2183 1164 2222 et
1192 2195 1268 2221 usu
1299 2180 1539 2231 consistere,
1570 2194 1618 2221 30

53 2252 169 2310 hisce
206 2254 335 2295 sacris
374 2254 506 2307 signis
545 2253 761 2295 Christum
797 2252 1060 2306 praesentari
1095 2254 1136 2293 et
1167 2252 1315 2293 donari
1345 2267 1368 2292 a
1401 2251 1505 2302 Deo,
1536 2252 1618 2293 fide

54 2324 346 2377 accipiendum
389 2325 784 2377 confercndumque.
828 2324 943 2365 Dum
981 2325 1121 2365 autem
1160 2323 1313 2364 dicitur
1352 2323 1409 2364 eis
1443 2323 1617 2373 dedisse,

0 2411 4 2414 ·
53 2411 140 2438 11011
170 2396 435 2447 sacrificavit,
467 2397 580 2449 quod
610 2399 674 2438 est
702 2396 794 2438 Deo
825 2396 936 2437 dare.

107 2467 261 2509 XXXI.
298 2468 422 2510 Unde
451 2483 550 2509 sane
579 2470 711 2521 patet,
744 2482 944 2520 magnum
977 2480 1065 2507 esse
1098 2464 1422 2507 Pontificiorum
1451 2463 1618 2505 sacrile-

22 2540 173 2594 ⁴gium
215 2540 260 2581 in
301 2539 443 2589 Missa,
487 2539 631 2580 fideles
674 2553 845 2592 pascere
886 2537 976 2579 sola
1012 2537 1240 2578 intuitione
1277 2536 1400 2589 panis
1439 2537 1481 2576 et
1518 2534 1618 2585 vini,

58 2626 163 2664 quae
204 2611 397 2652 Missifici
439 2610 518 2651 sibi
563 2610 665 2652 solis
708 2610 927 2663 praebent,
968 2611 1096 2661 atque
1124 2608 1185 2649 ita
1213 2607 1428 2660 privatum
1458 2606 1619 2647 faciunt

57 2683 172 2737 quod
207 2683 290 2725 toti
328 2682 544 2723 Ecclesiae
583 2683 646 2723 est
684 2680 941 2722 institutum.
982 2678 1072 2720 Imo
1106 2693 1205 2720 vero
1236 2680 1278 2720 et
1304 2677 1620 2720 idololatricum

0 2796 3 2797 γ
57 2757 121 2796 est
149 2754 253 2796 haec
281 2753 478 2795 attollere
509 2754 550 2794 et
581 2752 744 2794 elevare
774 2752 826 2793 ad
854 2750 1158 2792 adorationem.

111 2824 288 2867 XXXII.
339 2823 482 2865 Factis
532 2838 631 2865 vero
683 2823 768 2864 suis
812 2821 1006 2874 adjunxit
1047 2819 1239 2861 Christus
1281 2822 1322 2862 et
1365 2819 1402 2861 D
1415 2819 1429 2861 i
1442 2835 1463 2861 0
1472 2821 1491 2861 t
1501 2835 1525 2861 a
1568 2819 1621 2861 ad

59 2894 304 2948 Apostolos,
342 2910 451 2949 quae
492 2896 589 2936 sunt
619 2897 712 2935 tum
739 2893 1030 2946 προσ-τακτικὰ,
1063 2895 1106 2937 id
1137 2896 1211 2944 est,
1240 2907 1266 2946 p
1278 2907 1299 2932 r
1311 2907 1334 2933 a
1347 2906 1367 2933 e
1380 2906 1433 2941 c‚e
1444 2906 1472 2944 p
1483 2890 1526 2932 ti
1537 2906 1562 2932 v
1574 2906 1619 2943 a,

1 2973 10 2977 “
58 2968 150 3008 tum
179 2968 366 3021 δριστικὸι,
400 2967 443 3008 id
474 2968 550 3018 est,
580 2965 633 3007 in
645 2964 696 3006 di
708 2980 730 3007 0
740 2982 763 3008 3
775 2968 793 3008 t
804 2966 854 3008 iv
866 2982 910 3019 a,
939 2968 1032 3008 tum
1061 2964 1317 3018 νομοθετικόι,
1331 2962 1379 3004 16
1392 2961 1473 3015 gis
1484 2961 1499 3002 1
1510 2976 1534 3003 3
1545 2963 1563 3003 t
1575 2975 1620 3003 0-
