1931 3224
506 103 570 146 DE
599 102 752 146 Varum
780 118 828 145 ET
858 102 974 146 Novo
1003 102 1278 145 TESTAMENTO.
1596 103 1674 144 217

114 229 316 282 mundi,
346 228 435 271 sed
464 243 558 281 per
580 228 864 282 justitiam
892 227 1050 281 fidei,
1080 226 1203 269 Rom.
1227 226 1265 278 4,
1292 226 1353 268 13.
1381 226 1491 276 Quia
1515 226 1676 268 Jesus

117 302 368 344 Christus
402 300 521 342 heri
559 302 609 342 et
645 300 826 352 hodie,
865 299 1004 341 idem
1041 299 1204 341 etiam
1240 298 1293 339 in
1337 298 1544 350 secula,
1574 297 1676 340 Ebr.

118 374 182 425 13,
211 373 248 415 5.
278 372 379 414 Ideo
408 372 566 414 Paulus
595 371 717 414 Rom.
746 373 784 425 4,
816 373 850 413 1.
877 375 918 413 et
943 373 980 413 6.
1003 372 1065 413 ita
1090 371 1317 423 diligenter
1341 369 1512 411 adducit
1537 384 1677 410 exem-

117 447 188 500 pla
224 445 461 487 Abrahami
500 447 542 487 et
580 444 755 487 Davidis
790 445 834 486 in
859 443 1176 498 justificationis
1203 441 1393 495 negotiO,
1422 443 1470 482 ut
1499 441 1677 493 evincat,

117 518 330 560 neminem
365 517 487 558 aliter
523 516 653 559 fuisse
690 517 742 558 ab
779 516 902 557 initio
941 515 1087 557 mundi
1118 513 1411 567 justificatum,
1442 527 1570 565 quam
1596 511 1678 553 fide

117 589 162 630 in
190 588 418 630 Christum.

171 658 307 702 XXII.
346 659 609 702 Detestanda
638 661 702 701 est
727 659 862 712 igitur
891 672 1037 700 eorum
1068 656 1255 709 audacia,
1286 656 1359 709 qui
1388 670 1484 697 cum
1510 656 1678 709 impuro

119 731 294 774 Serveto
339 746 426 773 non
464 731 587 773 aliter
626 731 676 781 de
713 730 875 784 populo
915 729 1148 771 Israelitico
1188 730 1422 780 senserunt,
1465 742 1592 780 quam
1630 728 1680 770 de

118 803 258 858 porcis
287 817 338 845 ex
366 802 546 856 Epicuri
574 803 716 856 grege,
746 801 820 854 qui
847 801 892 841 in
920 800 1001 842 hac
1029 802 1144 841 terra
1173 815 1197 840 a
1226 799 1318 841 Deo
1349 799 1546 852 saginati,
1574 799 1681 841 citra

119 874 397 927 ullam'spem
421 873 613 916 coelestis
637 872 974 914 immortalitatis
999 871 1192 912 vixerint.
1217 869 1310 912 Nec
1333 870 1473 912 minus
1499 870 1681 912 aliorum

121 962 238 989 error
280 945 532 999 rejiciendus
575 946 651 997 est,
697 943 769 996 qui
809 957 956 985 verum
997 942 1223 984 discrimen
1266 940 1434 983 Veteris
1481 943 1522 982 et
1565 940 1680 983 Novi

121 1018 384 1060 Testamenti
406 1017 617 1068 tollentes,
641 1016 685 1057 in
709 1017 891 1068 utroque
916 1016 1243 1068 praeceptorum
1268 1028 1292 1055 a
1315 1013 1435 1054 Mose
1451 1015 1493 1054 et
1509 1012 1680 1055 Christo

119 1090 376 1131 traditorum
415 1087 756 1130 observationem
794 1101 963 1128 causam
1000 1085 1146 1127 salutis
1176 1084 1454 1136 constituunt,
1487 1086 1529 1125 et
1556 1084 1683 1127 fidem

122 1176 216 1203 cum
256 1159 525 1202 exsecutione
562 1159 860 1200 mandatorum
899 1158 1008 1211 legis
1038 1157 1115 1198 sub
1144 1156 1292 1198 Veteri
1322 1155 1608 1209 Testamento,
1639 1159 1680 1198 et

120 1231 347 1286 Evangelii
384 1231 462 1273 sub
498 1229 623 1273 Novo
663 1229 789 1283 (quae
826 1228 1081 1283 perfectiora
1119 1227 1249 1269 fuisse
1276 1227 1457 1280 fingunt,
1489 1228 1575 1269 sive
1603 1243 1682 1269 nu-

121 1319 286 1346 merum
321 1306 496 1356 spectes,
537 1302 637 1355 quia
664 1301 788 1355 plura
817 1300 974 1352 addita,
1003 1300 1090 1341 sive
1118 1300 1448 1352 uniuscujusque
1478 1299 1682 1341 excellen-

121 1376 237 1428 tiam,
277 1375 376 1429 quia
406 1372 627 1428 ampliata)
659 1372 977 1423 confundentes,
1005 1371 1216 1424 justitiam
1247 1385 1424 1424 operum
1452 1370 1683 1423 utrobique

120 1447 339 1499 inducunt,
369 1459 546 1498 eamque
574 1445 620 1486 in
648 1445 864 1498 potestate
892 1444 1040 1485 nostra
1068 1442 1196 1484 sitam
1225 1445 1267 1484 et
1295 1441 1456 1484 viribus
1485 1441 1683 1483 humanis

122 1521 328 1573 paratam.

175 1588 332 1632 XXIII.
370 1588 544 1631 Falsum
583 1592 646 1632 est
675 1590 799 1643 enim,
831 1589 1049 1632 Christum
1076 1589 1181 1643 Legi
1209 1588 1342 1630 Mosis
1374 1586 1537 1640 aliquid
1565 1586 1684 1628 addi-

124 1660 246 1712 disse,
284 1663 333 1703 ut
372 1676 422 1703 ex
458 1661 708 1715 imperfecta
736 1661 972 1716 perfectam
1000 1661 1205 1713 redderet,
1236 1675 1331 1702 cum
1359 1659 1441 1711 lex,
1473 1672 1569 1700 cum
1595 1658 1684 1712 pri-

123 1747 239 1774 mum
281 1747 305 1773 a
348 1731 440 1774 Deo
482 1732 571 1774 lata
612 1732 707 1785 fuit,
752 1747 919 1785 semper
960 1731 1089 1774 fuerit
1126 1731 1438 1785 perfectissima
1473 1730 1685 1772 bonorum

125 1818 302 1857 operum
344 1803 504 1857 regula,
549 1803 717 1856 quando
758 1803 869 1845 nihil
906 1802 1136 1856 perfectius
1174 1802 1334 1856 requiri
1369 1801 1518 1855 possit,
1558 1816 1685 1854 quam

125 1874 294 1917 dilectio
324 1874 405 1916 Dei
434 1889 485 1916 ex
512 1877 606 1917 toto
637 1865 775 1925 corde⁶
805 1889 912 1928 quae
940 1875 1074 1916 totius
1104 1876 1282 1916 naturae
1306 1873 1614 1927 integritatem,
1644 1874 1686 1914 et

126 1947 316 1989 omnium
352 1946 674 2000 cogitationum,
712 1946 940 1988 verborum
969 1949 1011 1988 et
1040 1947 1269 1999 actionum,
1301 1960 1396 1988 cum
1422 1959 1572 1987 norma
1596 1944 1687 1998 jus—

124 2019 246 2060 titiae
275 2018 617 2060 conformitatem
645 2018 837 2071 requirit.
865 2017 978 2060 Hinc
1007 2020 1070 2060 est
1099 2018 1213 2071 quod
1241 2017 1314 2070 qui
1341 2017 1476 2059 vitam
1505 2031 1556 2058 ex
1586 2030 1687 2069 ope-

126 2089 243 2131 ribus
282 2092 506 2143 quaerunt,
544 2090 597 2132 ad
633 2090 771 2144 legem
800 2089 994 2132 Christus
1023 2090 1217 2142 remittit,
1247 2088 1370 2131 Matt.
1404 2089 1466 2141 19,
1496 2088 1559 2130 17.
1588 2086 1686 2130 Luc.

129 2161 191 2213 10,
229 2160 293 2203 28.
333 2160 495 2210 Quodsi
530 2161 599 2203 lex
634 2161 813 2215 impleta
849 2162 979 2204 habet
1015 2161 1247 2204 efficaciam
1284 2159 1528 2203 conferendi
1554 2159 1688 2201 vitam

127 2234 355 2285 aeternam,
395 2232 449 2274 ad
478 2233 568 2284 ejus
597 2232 903 2285 perfectionem
930 2233 1038 2275 nihil
1068 2233 1164 2275 addi
1192 2234 1349 2287 potest.
1378 2231 1436 2274 Et
1464 2231 1688 2274 Bellarmi-

127 2317 206 2345 nus
233 2303 325 2358 ipse
349 2303 415 2345 sui
440 2303 610 2356 oblitus,
634 2306 749 2346 recte
772 2307 907 2357 notat,
932 2304 1162 2356 Christum,
1187 2304 1312 2346 Matt.
1336 2304 1373 2346 5.
1399 2318 1503 2345 non
1528 2302 1689 2344 dixis-

130 2390 202 2428 se,
233 2376 343 2417 nisi
373 2375 735 2419 abundaverit
758 2378 995 2431 justitia
1023 2380 1208 2420 vestra
1235 2377 1356 2431 plus
1389 2390 1540 2429 quam
1564 2374 1689 2416 Pro-

129 2448 442 2501 phetarum,
482 2449 573 2490 sed
610 2449 731 2502 plus
771 2463 924 2501 quam
952 2449 1284 2500 Scribarum,
1316 2450 1409 2489 etc.
1437 2449 1494 2489 ut
1524 2446 1690 2500 signi-

129 2520 350 2571 ficaret,
390 2534 442 2561 se
478 2535 583 2562 non
618 2522 725 2562 tam
753 2521 894 2563 velle
923 2521 1120 2563 addere
1150 2520 1212 2562 ad
1241 2534 1407 2561 onera
1435 2532 1690 2572 praecep-

130 2593 309 2632 torum
351 2590 531 2644 Legis,
577 2606 731 2644 quam
773 2592 978 2634 tollere
1019 2593 1079 2634 de
1122 2592 1294 2633 medio
1340 2589 1689 2642 corruptelas

132 2661 446 2705 Scribarum
484 2664 534 2704 et
571 2661 1016 2715 Pharisaeorum,
1053 2663 1118 2704 De
1142 2662 1315 2716 justific.
1345 2661 1436 2703 Lib.
1463 2661 1502 2702 4.
1532 2675 1623 2714 cap.
1651 2661 1689 2713 4,

185 2733 341 2776 XXIV.
384 2733 476 2775 Hos
520 2748 681 2776 errores
721 2735 821 2776 novi
862 2735 1113 2776 Photiniani
1154 2749 1178 2775 a
1219 2732 1463 2786 Pelagianis
1506 2732 1692 2774 mutuati

133 2807 244 2857 sunt,
282 2805 327 2847 in
366 2820 414 2848 eo
444 2807 612 2847 tantum
641 2821 665 2847 a
695 2804 933 2848 Pontificiis
962 2806 1180 2856 distantes,
1211 2804 1325 2857 quod
1353 2804 1518 2858 gratiae
1546 2818 1690 2846 neces-

134 2876 304 2918 sitatem
343 2892 431 2919 non
468 2879 713 2930 agnoscant,
754 2879 801 2918 ut
838 2876 1005 2931 possint
1043 2876 1212 2930 impleri
1247 2876 1474 2928 praecepta
1501 2874 1575 2916 illa
1602 2876 1691 2916 tam

133 2948 277 2989 vetera
302 2948 573 3001 interpolata,
604 2962 733 3000 quam
759 2962 869 2990 nova
895 2947 1180 3001 promulgata.
1209 2945 1268 2988 Hi
1292 2945 1404 2988 enim
1427 2946 1508 2989 etsi
1530 2948 1691 2988 utram-
