<?xml version="1.0" encoding="UTF-8"?>
<!DOCTYPE html PUBLIC "-//W3C//DTD XHTML 1.0 Transitional//EN"
    "http://www.w3.org/TR/xhtml1/DTD/xhtml1-transitional.dtd">
<html xmlns="http://www.w3.org/1999/xhtml" xml:lang="en" lang="en">
 <head>
  <title>
</title>
<meta http-equiv="Content-Type" content="text/html;charset=utf-8" />
  <meta name='ocr-system' content='tesseract 3.04.00' />
  <meta name='ocr-capabilities' content='ocr_page ocr_carea ocr_par ocr_line ocrx_word'/>
</head>
<body>
  <div class='ocr_page' id='page_1' title='image "./synopsispurioris00poly_0393.png"; bbox 0 0 1931 3224; ppageno 0'>
   <div class='ocr_carea' id='block_1_1' title="bbox 569 136 1663 181">
    <p class='ocr_par' dir='ltr' id='par_1_1' title="bbox 569 136 1663 181">
     <span class='ocr_line' id='line_1_1' title="bbox 569 136 1663 181; baseline -0.005 0"><span class='ocrx_word' id='word_1_1' title='bbox 569 140 632 181; x_wconf 68' lang='lat' dir='ltr'>DE</span> <span class='ocrx_word' id='word_1_2' title='bbox 660 138 882 181; x_wconf 79' lang='lat' dir='ltr'><strong>LIBERTATE</strong></span> <span class='ocrx_word' id='word_1_3' title='bbox 911 138 1159 180; x_wconf 78' lang='lat' dir='ltr'>CHRISTIANA.</span> <span class='ocrx_word' id='word_1_4' title='bbox 1589 136 1663 176; x_wconf 83' lang='lat'>371</span> 
     </span>
    </p>
   </div>
   <div class='ocr_carea' id='block_1_2' title="bbox 103 261 1668 1660">
    <p class='ocr_par' dir='ltr' id='par_1_2' title="bbox 105 261 1668 817">
     <span class='ocr_line' id='line_1_2' title="bbox 105 261 1666 320; baseline -0.004 -13"><span class='ocrx_word' id='word_1_5' title='bbox 105 265 254 307; x_wconf 88' lang='lat' dir='ltr'>nificae</span> <span class='ocrx_word' id='word_1_6' title='bbox 295 266 537 309; x_wconf 80' lang='lat' dir='ltr'>Stoicorum</span> <span class='ocrx_word' id='word_1_7' title='bbox 572 265 816 320; x_wconf 77' lang='lat' dir='ltr'>jactantiae,</span> <span class='ocrx_word' id='word_1_8' title='bbox 849 264 1001 318; x_wconf 88' lang='lat' dir='ltr'>quibus</span> <span class='ocrx_word' id='word_1_9' title='bbox 1029 279 1115 306; x_wconf 89' lang='lat' dir='ltr'>non</span> <span class='ocrx_word' id='word_1_10' title='bbox 1146 263 1283 305; x_wconf 90' lang='lat' dir='ltr'>solum</span> <span class='ocrx_word' id='word_1_11' title='bbox 1311 261 1560 315; x_wconf 62' lang='grc' dir='ltr'>παρκδόξως,</span> <span class='ocrx_word' id='word_1_12' title='bbox 1595 261 1666 301; x_wconf 85' lang='lat' dir='ltr'>sed</span> 
     </span>
     <span class='ocr_line' id='line_1_3' title="bbox 107 332 1666 391; baseline -0.004 -13"><span class='ocrx_word' id='word_1_13' title='bbox 107 338 237 379; x_wconf 80' lang='lat' dir='ltr'>etiam</span> <span class='ocrx_word' id='word_1_14' title='bbox 262 338 521 391; x_wconf 55' lang='grc' dir='ltr'>παραλόγως,</span> <span class='ocrx_word' id='word_1_15' title='bbox 548 338 667 380; x_wconf 84' lang='lat' dir='ltr'>solu</span> <span class='ocrx_word' id='word_1_16' title='bbox 678 352 720 378; x_wconf 91' lang='grc'>111</span> <span class='ocrx_word' id='word_1_17' title='bbox 745 352 802 378; x_wconf 87' lang='lat' dir='ltr'>su</span> <span class='ocrx_word' id='word_1_18' title='bbox 813 352 893 377; x_wconf 89' lang='lat' dir='ltr'>um</span> <span class='ocrx_word' id='word_1_19' title='bbox 914 336 1217 389; x_wconf 72' lang='lat' dir='ltr'>sapientem</span> <span class='ocrx_word' id='word_1_20' title='bbox 1240 334 1381 375; x_wconf 90' lang='lat' dir='ltr'>liber</span> <span class='ocrx_word' id='word_1_21' title='bbox 1394 348 1473 375; x_wconf 88' lang='lat' dir='ltr'>um</span> <span class='ocrx_word' id='word_1_22' title='bbox 1492 332 1666 382; x_wconf 74' lang='lat' dir='ltr'>faciunt,</span> 
     </span>
     <span class='ocr_line' id='line_1_4' title="bbox 107 404 1666 463; baseline -0.004 -13"><span class='ocrx_word' id='word_1_23' title='bbox 107 409 186 450; x_wconf 87' lang='lat' dir='ltr'>etsi</span> <span class='ocrx_word' id='word_1_24' title='bbox 225 409 426 450; x_wconf 86' lang='lat' dir='ltr'>vanitatis</span> <span class='ocrx_word' id='word_1_25' title='bbox 465 412 507 450; x_wconf 92' lang='lat' dir='ltr'>et</span> <span class='ocrx_word' id='word_1_26' title='bbox 545 408 907 463; x_wconf 86' lang='lat' dir='ltr'>praesumptionis</span> <span class='ocrx_word' id='word_1_27' title='bbox 945 406 1217 459; x_wconf 83' lang='lat' dir='ltr'>mancipium.</span> <span class='ocrx_word' id='word_1_28' title='bbox 1249 405 1371 454; x_wconf 80' lang='lat' dir='ltr'>Quod</span> <span class='ocrx_word' id='word_1_29' title='bbox 1401 404 1666 458; x_wconf 79' lang='lat' dir='ltr'>paradoxum</span> 
     </span>
     <span class='ocr_line' id='line_1_5' title="bbox 105 476 1668 529; baseline -0.002 -10"><span class='ocrx_word' id='word_1_30' title='bbox 105 478 149 519; x_wconf 92' lang='lat' dir='ltr'>in</span> <span class='ocrx_word' id='word_1_31' title='bbox 199 478 391 521; x_wconf 78' lang='lat' dir='ltr'>Ecclesia</span> <span class='ocrx_word' id='word_1_32' title='bbox 443 480 754 522; x_wconf 85' lang='lat' dir='ltr'>sanctificatum</span> <span class='ocrx_word' id='word_1_33' title='bbox 808 480 922 521; x_wconf 90' lang='lat' dir='ltr'>dedit</span> <span class='ocrx_word' id='word_1_34' title='bbox 966 479 1032 520; x_wconf 88' lang='lat' dir='ltr'>his</span> <span class='ocrx_word' id='word_1_35' title='bbox 1075 478 1214 520; x_wconf 85' lang='lat' dir='ltr'>verbis</span> <span class='ocrx_word' id='word_1_36' title='bbox 1258 476 1440 529; x_wconf 82' lang='lat' dir='ltr'>August.</span> <span class='ocrx_word' id='word_1_37' title='bbox 1484 476 1668 517; x_wconf 86' lang='lat' dir='ltr'>Bonus</span> 
     </span>
     <span class='ocr_line' id='line_1_6' title="bbox 107 543 1666 603; baseline -0.001 -13"><span class='ocrx_word' id='word_1_38' title='bbox 107 549 326 591; x_wconf 82' lang='lat' dir='ltr'>etiamsi</span> <span class='ocrx_word' id='word_1_39' title='bbox 368 551 594 603; x_wconf 73' lang='lat' dir='ltr'>serviat,</span> <span class='ocrx_word' id='word_1_40' title='bbox 637 551 781 593; x_wconf 88' lang='lat' dir='ltr'>liber</span> <span class='ocrx_word' id='word_1_41' title='bbox 829 543 930 602; x_wconf 76' lang='lat' dir='ltr'>est⁷</span> <span class='ocrx_word' id='word_1_42' title='bbox 973 550 1142 591; x_wconf 89' lang='lat' dir='ltr'>malus</span> <span class='ocrx_word' id='word_1_43' title='bbox 1186 548 1406 590; x_wconf 88' lang='lat' dir='ltr'>etiamsi</span> <span class='ocrx_word' id='word_1_44' title='bbox 1449 549 1666 600; x_wconf 81' lang='lat' dir='ltr'>regnet,</span> 
     </span>
     <span class='ocr_line' id='line_1_7' title="bbox 107 618 1666 674; baseline -0.002 -12"><span class='ocrx_word' id='word_1_45' title='bbox 107 636 296 663; x_wconf 83' lang='lat' dir='ltr'>servus</span> <span class='ocrx_word' id='word_1_46' title='bbox 340 624 439 674; x_wconf 79' lang='lat' dir='ltr'>est,</span> <span class='ocrx_word' id='word_1_47' title='bbox 483 638 578 664; x_wconf 90' lang='lat' dir='ltr'>nec</span> <span class='ocrx_word' id='word_1_48' title='bbox 622 623 778 664; x_wconf 85' lang='lat' dir='ltr'>unius</span> <span class='ocrx_word' id='word_1_49' title='bbox 822 622 1082 673; x_wconf 82' lang='lat' dir='ltr'>hominis,</span> <span class='ocrx_word' id='word_1_50' title='bbox 1127 620 1216 662; x_wconf 89' lang='lat' dir='ltr'>sed</span> <span class='ocrx_word' id='word_1_51' title='bbox 1258 620 1402 672; x_wconf 84' lang='lat' dir='ltr'>quod</span> <span class='ocrx_word' id='word_1_52' title='bbox 1445 618 1666 672; x_wconf 81' lang='lat' dir='ltr'>gravius</span> 
     </span>
     <span class='ocr_line' id='line_1_8' title="bbox 107 689 1664 747; baseline -0.002 -13"><span class='ocrx_word' id='word_1_53' title='bbox 107 695 207 744; x_wconf 82' lang='lat' dir='ltr'>est,</span> <span class='ocrx_word' id='word_1_54' title='bbox 232 695 318 735; x_wconf 88' lang='lat' dir='ltr'>tot</span> <span class='ocrx_word' id='word_1_55' title='bbox 344 693 680 736; x_wconf 87' lang='lat' dir='ltr'>dominorum</span> <span class='ocrx_word' id='word_1_56' title='bbox 705 697 837 747; x_wconf 90' lang='lat' dir='ltr'>quot</span> <span class='ocrx_word' id='word_1_57' title='bbox 860 693 1142 744; x_wconf 84' lang='lat' dir='ltr'>vitiorum,</span> <span class='ocrx_word' id='word_1_58' title='bbox 1167 691 1232 733; x_wconf 86' lang='lat' dir='ltr'>De</span> <span class='ocrx_word' id='word_1_59' title='bbox 1257 691 1369 732; x_wconf 85' lang='lat' dir='ltr'>civit.</span> <span class='ocrx_word' id='word_1_60' title='bbox 1395 690 1489 742; x_wconf 87' lang='lat' dir='ltr'>Dei,</span> <span class='ocrx_word' id='word_1_61' title='bbox 1513 689 1602 731; x_wconf 86' lang='lat' dir='ltr'>Lib.</span> <span class='ocrx_word' id='word_1_62' title='bbox 1627 690 1664 731; x_wconf 75' lang='lat'>4.</span> 
     </span>
     <span class='ocr_line' id='line_1_9' title="bbox 107 765 264 817; baseline 0 -12"><span class='ocrx_word' id='word_1_63' title='bbox 107 778 197 817; x_wconf 87' lang='lat' dir='ltr'>cap.</span> <span class='ocrx_word' id='word_1_64' title='bbox 226 765 264 805; x_wconf 85' lang='lat'>3.</span> 
     </span>
    </p>

    <p class='ocr_par' dir='ltr' id='par_1_3' title="bbox 103 832 1667 1660">
     <span class='ocr_line' id='line_1_10' title="bbox 158 832 1665 887; baseline -0.003 -11"><span class='ocrx_word' id='word_1_65' title='bbox 158 834 306 876; x_wconf 87' lang='lat' dir='ltr'>XLIX.</span> <span class='ocrx_word' id='word_1_66' title='bbox 345 834 427 877; x_wconf 83' lang='lat' dir='ltr'>Sed</span> <span class='ocrx_word' id='word_1_67' title='bbox 464 836 508 877; x_wconf 92' lang='lat' dir='ltr'>in</span> <span class='ocrx_word' id='word_1_68' title='bbox 546 836 843 878; x_wconf 80' lang='lat' dir='ltr'>suavissimam</span> <span class='ocrx_word' id='word_1_69' title='bbox 873 836 990 877; x_wconf 89' lang='lat' dir='ltr'>illam</span> <span class='ocrx_word' id='word_1_70' title='bbox 1030 835 1268 876; x_wconf 86' lang='lat' dir='ltr'>doctrinam</span> <span class='ocrx_word' id='word_1_71' title='bbox 1308 832 1665 887; x_wconf 80' lang='lat' dir='ltr'>periculosissime</span> 
     </span>
     <span class='ocr_line' id='line_1_11' title="bbox 107 903 1666 961; baseline -0.003 -14"><span class='ocrx_word' id='word_1_72' title='bbox 107 905 296 947; x_wconf 86' lang='lat' dir='ltr'>omnium</span> <span class='ocrx_word' id='word_1_73' title='bbox 333 906 552 949; x_wconf 89' lang='lat' dir='ltr'>Pontificii</span> <span class='ocrx_word' id='word_1_74' title='bbox 587 907 847 961; x_wconf 82' lang='lat' dir='ltr'>impingunt,</span> <span class='ocrx_word' id='word_1_75' title='bbox 887 909 928 948; x_wconf 90' lang='lat' dir='ltr'>et</span> <span class='ocrx_word' id='word_1_76' title='bbox 968 906 1039 959; x_wconf 87' lang='lat' dir='ltr'>qui</span> <span class='ocrx_word' id='word_1_77' title='bbox 1079 921 1173 947; x_wconf 86' lang='lat' dir='ltr'>cum</span> <span class='ocrx_word' id='word_1_78' title='bbox 1214 904 1452 947; x_wconf 89' lang='lat' dir='ltr'>Pontificiis</span> <span class='ocrx_word' id='word_1_79' title='bbox 1478 903 1666 945; x_wconf 86' lang='lat' dir='ltr'>sentiunt</span> 
     </span>
     <span class='ocr_line' id='line_1_12' title="bbox 105 975 1665 1031; baseline -0.002 -13"><span class='ocrx_word' id='word_1_80' title='bbox 105 975 332 1029; x_wconf 83' lang='lat' dir='ltr'>Sociniani‚</span> <span class='ocrx_word' id='word_1_81' title='bbox 371 979 412 1019; x_wconf 93' lang='lat' dir='ltr'>et</span> <span class='ocrx_word' id='word_1_82' title='bbox 450 977 522 1019; x_wconf 85' lang='lat' dir='ltr'>alii</span> <span class='ocrx_word' id='word_1_83' title='bbox 563 978 635 1030; x_wconf 90' lang='lat' dir='ltr'>qui</span> <span class='ocrx_word' id='word_1_84' title='bbox 672 993 818 1020; x_wconf 90' lang='lat' dir='ltr'>eorum</span> <span class='ocrx_word' id='word_1_85' title='bbox 857 978 1058 1031; x_wconf 82' lang='lat' dir='ltr'>dogmata</span> <span class='ocrx_word' id='word_1_86' title='bbox 1086 976 1362 1030; x_wconf 80' lang='lat' dir='ltr'>interpolant,</span> <span class='ocrx_word' id='word_1_87' title='bbox 1395 990 1489 1017; x_wconf 86' lang='lat' dir='ltr'>cum</span> <span class='ocrx_word' id='word_1_88' title='bbox 1518 975 1665 1016; x_wconf 87' lang='lat' dir='ltr'>usibus</span> 
     </span>
     <span class='ocr_line' id='line_1_13' title="bbox 103 1046 1667 1101; baseline -0.001 -13"><span class='ocrx_word' id='word_1_89' title='bbox 103 1047 225 1101; x_wconf 82' lang='lat' dir='ltr'>legis,</span> <span class='ocrx_word' id='word_1_90' title='bbox 263 1049 312 1090; x_wconf 90' lang='lat' dir='ltr'>de</span> <span class='ocrx_word' id='word_1_91' title='bbox 351 1048 504 1101; x_wconf 89' lang='lat' dir='ltr'>quibus</span> <span class='ocrx_word' id='word_1_92' title='bbox 541 1051 665 1090; x_wconf 85' lang='lat' dir='ltr'>antea</span> <span class='ocrx_word' id='word_1_93' title='bbox 702 1049 863 1090; x_wconf 87' lang='lat' dir='ltr'>dictum</span> <span class='ocrx_word' id='word_1_94' title='bbox 901 1051 976 1100; x_wconf 79' lang='lat' dir='ltr'>est,</span> <span class='ocrx_word' id='word_1_95' title='bbox 1014 1063 1099 1089; x_wconf 88' lang='lat' dir='ltr'>non</span> <span class='ocrx_word' id='word_1_96' title='bbox 1143 1047 1345 1098; x_wconf 82' lang='lat' dir='ltr'>contenti,</span> <span class='ocrx_word' id='word_1_97' title='bbox 1383 1046 1667 1099; x_wconf 81' lang='lat' dir='ltr'>Evangelium</span> 
     </span>
     <span class='ocr_line' id='line_1_14' title="bbox 104 1116 1667 1174; baseline -0.001 -14"><span class='ocrx_word' id='word_1_98' title='bbox 104 1118 228 1160; x_wconf 88' lang='lat' dir='ltr'>nobis</span> <span class='ocrx_word' id='word_1_99' title='bbox 265 1119 309 1160; x_wconf 91' lang='lat' dir='ltr'>in</span> <span class='ocrx_word' id='word_1_100' title='bbox 346 1119 486 1173; x_wconf 85' lang='lat' dir='ltr'>legem</span> <span class='ocrx_word' id='word_1_101' title='bbox 525 1120 766 1174; x_wconf 73' lang='lat' dir='ltr'>exigentem</span> <span class='ocrx_word' id='word_1_102' title='bbox 802 1120 1124 1170; x_wconf 79' lang='lat' dir='ltr'>transformant,</span> <span class='ocrx_word' id='word_1_103' title='bbox 1155 1117 1373 1160; x_wconf 86' lang='lat' dir='ltr'>Christum</span> <span class='ocrx_word' id='word_1_104' title='bbox 1402 1133 1561 1159; x_wconf 85' lang='lat' dir='ltr'>novum</span> <span class='ocrx_word' id='word_1_105' title='bbox 1590 1116 1667 1158; x_wconf 89' lang='lat' dir='ltr'>Le-</span> 
     </span>
     <span class='ocr_line' id='line_1_15' title="bbox 104 1190 1665 1245; baseline -0.001 -14"><span class='ocrx_word' id='word_1_106' title='bbox 104 1190 352 1243; x_wconf 79' lang='lat' dir='ltr'>gislatorem</span> <span class='ocrx_word' id='word_1_107' title='bbox 395 1194 656 1245; x_wconf 83' lang='lat' dir='ltr'>proponunt,</span> <span class='ocrx_word' id='word_1_108' title='bbox 699 1191 838 1245; x_wconf 82' lang='lat' dir='ltr'>legem</span> <span class='ocrx_word' id='word_1_109' title='bbox 881 1190 1013 1233; x_wconf 89' lang='lat' dir='ltr'>Mosis</span> <span class='ocrx_word' id='word_1_110' title='bbox 1055 1205 1141 1233; x_wconf 88' lang='lat' dir='ltr'>non</span> <span class='ocrx_word' id='word_1_111' title='bbox 1183 1192 1273 1231; x_wconf 89' lang='lat' dir='ltr'>tam</span> <span class='ocrx_word' id='word_1_112' title='bbox 1318 1190 1560 1231; x_wconf 85' lang='lat' dir='ltr'>obedientia</span> <span class='ocrx_word' id='word_1_113' title='bbox 1590 1203 1665 1230; x_wconf 86' lang='lat' dir='ltr'>sua</span> 
     </span>
     <span class='ocr_line' id='line_1_16' title="bbox 105 1261 1667 1317; baseline -0.001 -15"><span class='ocrx_word' id='word_1_114' title='bbox 105 1261 420 1315; x_wconf 71' lang='lat' dir='ltr'>adimplentem,</span> <span class='ocrx_word' id='word_1_115' title='bbox 462 1278 589 1315; x_wconf 87' lang='lat' dir='ltr'>quam</span> <span class='ocrx_word' id='word_1_116' title='bbox 627 1278 737 1304; x_wconf 85' lang='lat' dir='ltr'>nova</span> <span class='ocrx_word' id='word_1_117' title='bbox 773 1265 1003 1317; x_wconf 86' lang='lat' dir='ltr'>praecepta</span> <span class='ocrx_word' id='word_1_118' title='bbox 1043 1261 1235 1304; x_wconf 82' lang='lat' dir='ltr'>addendo</span> <span class='ocrx_word' id='word_1_119' title='bbox 1273 1261 1583 1315; x_wconf 83' lang='lat' dir='ltr'>perficientem3</span> <span class='ocrx_word' id='word_1_120' title='bbox 1620 1263 1667 1301; x_wconf 87' lang='lat' dir='ltr'>ut</span> 
     </span>
     <span class='ocr_line' id='line_1_17' title="bbox 104 1332 1667 1387; baseline -0.001 -14"><span class='ocrx_word' id='word_1_121' title='bbox 104 1332 148 1373; x_wconf 92' lang='lat' dir='ltr'>in</span> <span class='ocrx_word' id='word_1_122' title='bbox 180 1332 287 1386; x_wconf 84' lang='lat' dir='ltr'>legis</span> <span class='ocrx_word' id='word_1_123' title='bbox 319 1333 615 1375; x_wconf 86' lang='lat' dir='ltr'>observatione</span> <span class='ocrx_word' id='word_1_124' title='bbox 640 1334 866 1387; x_wconf 75' lang='lat' dir='ltr'>justitiam,</span> <span class='ocrx_word' id='word_1_125' title='bbox 899 1334 1116 1376; x_wconf 85' lang='lat' dir='ltr'>credentes</span> <span class='ocrx_word' id='word_1_126' title='bbox 1147 1335 1367 1386; x_wconf 79' lang='lat' dir='ltr'>quaerant,</span> <span class='ocrx_word' id='word_1_127' title='bbox 1398 1335 1440 1374; x_wconf 87' lang='lat' dir='ltr'>et</span> <span class='ocrx_word' id='word_1_128' title='bbox 1469 1348 1546 1386; x_wconf 88' lang='lat' dir='ltr'>per</span> <span class='ocrx_word' id='word_1_129' title='bbox 1575 1347 1667 1373; x_wconf 89' lang='lat' dir='ltr'>eam</span> 
     </span>
     <span class='ocr_line' id='line_1_18' title="bbox 103 1402 1666 1459; baseline 0 -14"><span class='ocrx_word' id='word_1_130' title='bbox 103 1404 234 1445; x_wconf 84' lang='lat' dir='ltr'>vitam</span> <span class='ocrx_word' id='word_1_131' title='bbox 271 1407 486 1446; x_wconf 84' lang='lat' dir='ltr'>aeternam</span> <span class='ocrx_word' id='word_1_132' title='bbox 525 1408 785 1459; x_wconf 85' lang='lat' dir='ltr'>exspectent.</span> <span class='ocrx_word' id='word_1_133' title='bbox 828 1405 920 1455; x_wconf 82' lang='lat' dir='ltr'>Qua</span> <span class='ocrx_word' id='word_1_134' title='bbox 949 1405 1142 1447; x_wconf 84' lang='lat' dir='ltr'>doctrina</span> <span class='ocrx_word' id='word_1_135' title='bbox 1170 1405 1430 1458; x_wconf 85' lang='lat' dir='ltr'>pervertitur</span> <span class='ocrx_word' id='word_1_136' title='bbox 1460 1402 1666 1446; x_wconf 79' lang='lat' dir='ltr'>Christia-</span> 
     </span>
     <span class='ocr_line' id='line_1_19' title="bbox 104 1475 1666 1530; baseline 0 -14"><span class='ocrx_word' id='word_1_137' title='bbox 104 1475 277 1527; x_wconf 75' lang='lat' dir='ltr'>nismus,</span> <span class='ocrx_word' id='word_1_138' title='bbox 308 1475 408 1517; x_wconf 91' lang='lat' dir='ltr'>dum</span> <span class='ocrx_word' id='word_1_139' title='bbox 436 1475 593 1517; x_wconf 84' lang='lat' dir='ltr'>Christi</span> <span class='ocrx_word' id='word_1_140' title='bbox 623 1476 810 1519; x_wconf 88' lang='lat' dir='ltr'>officium</span> <span class='ocrx_word' id='word_1_141' title='bbox 843 1477 1108 1529; x_wconf 79' lang='lat' dir='ltr'>obscuratur,</span> <span class='ocrx_word' id='word_1_142' title='bbox 1134 1479 1176 1518; x_wconf 91' lang='lat' dir='ltr'>et</span> <span class='ocrx_word' id='word_1_143' title='bbox 1191 1476 1471 1530; x_wconf 86' lang='lat' dir='ltr'>praecipuum</span> <span class='ocrx_word' id='word_1_144' title='bbox 1489 1477 1577 1527; x_wconf 82' lang='lat' dir='ltr'>ejus</span> <span class='ocrx_word' id='word_1_145' title='bbox 1593 1475 1666 1516; x_wconf 91' lang='lat' dir='ltr'>be-</span> 
     </span>
     <span class='ocr_line' id='line_1_20' title="bbox 103 1546 1667 1600; baseline -0.001 -12"><span class='ocrx_word' id='word_1_146' title='bbox 103 1546 300 1588; x_wconf 87' lang='lat' dir='ltr'>neficium</span> <span class='ocrx_word' id='word_1_147' title='bbox 327 1547 506 1600; x_wconf 86' lang='lat' dir='ltr'>tollitur,</span> <span class='ocrx_word' id='word_1_148' title='bbox 537 1550 579 1589; x_wconf 92' lang='lat' dir='ltr'>et</span> <span class='ocrx_word' id='word_1_149' title='bbox 609 1548 722 1590; x_wconf 87' lang='lat' dir='ltr'>salus</span> <span class='ocrx_word' id='word_1_150' title='bbox 752 1550 794 1590; x_wconf 90' lang='lat' dir='ltr'>et</span> <span class='ocrx_word' id='word_1_151' title='bbox 823 1548 1058 1590; x_wconf 87' lang='lat' dir='ltr'>consolatio</span> <span class='ocrx_word' id='word_1_152' title='bbox 1090 1547 1447 1590; x_wconf 85' lang='lat' dir='ltr'>conscientiarum</span> <span class='ocrx_word' id='word_1_153' title='bbox 1474 1546 1667 1588; x_wconf 81' lang='lat' dir='ltr'>funditus</span> 
     </span>
     <span class='ocr_line' id='line_1_21' title="bbox 104 1617 318 1660; baseline 0 -1"><span class='ocrx_word' id='word_1_154' title='bbox 104 1617 318 1660; x_wconf 83' lang='lat' dir='ltr'>evertitur.</span> 
     </span>
    </p>
   </div>
   <div class='ocr_carea' id='block_1_3' title="bbox 208 1980 1569 2034">
    <p class='ocr_par' dir='ltr' id='par_1_4' title="bbox 208 1980 1569 2034">
     <span class='ocr_line' id='line_1_22' title="bbox 208 1980 1569 2034; baseline 0.001 -12"><span class='ocrx_word' id='word_1_155' title='bbox 208 1980 390 2034; x_wconf 83' lang='lat' dir='ltr'>August.</span> <span class='ocrx_word' id='word_1_156' title='bbox 420 1981 540 2024; x_wconf 86' lang='lat' dir='ltr'>Tom.</span> <span class='ocrx_word' id='word_1_157' title='bbox 568 1982 605 2025; x_wconf 88' lang='grc'>4.</span> <span class='ocrx_word' id='word_1_158' title='bbox 632 1982 802 2032; x_wconf 80' lang='lat' dir='ltr'>Quaest.</span> <span class='ocrx_word' id='word_1_159' title='bbox 832 1982 1001 2026; x_wconf 86' lang='lat' dir='ltr'>Veteris</span> <span class='ocrx_word' id='word_1_160' title='bbox 1033 1985 1075 2025; x_wconf 91' lang='lat' dir='ltr'>et</span> <span class='ocrx_word' id='word_1_161' title='bbox 1103 1981 1218 2025; x_wconf 84' lang='lat' dir='ltr'>Novi</span> <span class='ocrx_word' id='word_1_162' title='bbox 1247 1980 1431 2024; x_wconf 86' lang='lat' dir='ltr'>Testam.</span> <span class='ocrx_word' id='word_1_163' title='bbox 1461 1981 1569 2024; x_wconf 87' lang='lat' dir='ltr'>LXI.</span> 
     </span>
    </p>
   </div>
   <div class='ocr_carea' id='block_1_4' title="bbox 103 2123 1668 2535">
    <p class='ocr_par' dir='ltr' id='par_1_5' title="bbox 103 2123 1668 2535">
     <span class='ocr_line' id='line_1_23' title="bbox 157 2123 1668 2178; baseline 0 -13"><span class='ocrx_word' id='word_1_164' title='bbox 157 2123 300 2166; x_wconf 85' lang='lat' dir='ltr'>Haec</span> <span class='ocrx_word' id='word_1_165' title='bbox 329 2139 462 2178; x_wconf 84' lang='lat' dir='ltr'>quae</span> <span class='ocrx_word' id='word_1_166' title='bbox 490 2124 803 2178; x_wconf 87' lang='lat' dir='ltr'>periculosa</span> <span class='ocrx_word' id='word_1_167' title='bbox 831 2140 934 2167; x_wconf 89' lang='lat' dir='ltr'>non</span> <span class='ocrx_word' id='word_1_168' title='bbox 964 2127 1108 2178; x_wconf 89' lang='lat' dir='ltr'>sunt,</span> <span class='ocrx_word' id='word_1_169' title='bbox 1139 2125 1215 2167; x_wconf 90' lang='lat' dir='ltr'>sic</span> <span class='ocrx_word' id='word_1_170' title='bbox 1240 2125 1506 2166; x_wconf 86' lang='lat' dir='ltr'>servanda</span> <span class='ocrx_word' id='word_1_171' title='bbox 1531 2140 1668 2166; x_wconf 87' lang='lat' dir='ltr'>man·-</span> 
     </span>
     <span class='ocr_line' id='line_1_24' title="bbox 105 2194 1667 2249; baseline 0 -13"><span class='ocrx_word' id='word_1_172' title='bbox 105 2194 230 2237; x_wconf 87' lang='lat' dir='ltr'>data</span> <span class='ocrx_word' id='word_1_173' title='bbox 267 2198 411 2248; x_wconf 71' lang='lat' dir='ltr'>sunt,</span> <span class='ocrx_word' id='word_1_174' title='bbox 451 2198 507 2237; x_wconf 93' lang='lat' dir='ltr'>ut</span> <span class='ocrx_word' id='word_1_175' title='bbox 544 2211 648 2239; x_wconf 92' lang='lat' dir='ltr'>non</span> <span class='ocrx_word' id='word_1_176' title='bbox 685 2196 893 2249; x_wconf 84' lang='lat' dir='ltr'>obsint,</span> <span class='ocrx_word' id='word_1_177' title='bbox 924 2197 968 2238; x_wconf 92' lang='lat' dir='ltr'>si</span> <span class='ocrx_word' id='word_1_178' title='bbox 998 2211 1057 2238; x_wconf 83' lang='lat' dir='ltr'>ex</span> <span class='ocrx_word' id='word_1_179' title='bbox 1086 2196 1427 2238; x_wconf 86' lang='lat' dir='ltr'>necessitate</span> <span class='ocrx_word' id='word_1_180' title='bbox 1457 2195 1667 2237; x_wconf 86' lang='lat' dir='ltr'>fuerint</span> 
     </span>
     <span class='ocr_line' id='line_1_25' title="bbox 105 2266 1666 2320; baseline 0.001 -13"><span class='ocrx_word' id='word_1_181' title='bbox 105 2266 358 2319; x_wconf 75' lang='lat' dir='ltr'>admissa,</span> <span class='ocrx_word' id='word_1_182' title='bbox 398 2267 522 2320; x_wconf 85' lang='lat' dir='ltr'>quia</span> <span class='ocrx_word' id='word_1_183' title='bbox 562 2282 665 2309; x_wconf 88' lang='lat' dir='ltr'>non</span> <span class='ocrx_word' id='word_1_184' title='bbox 703 2268 765 2309; x_wconf 90' lang='lat' dir='ltr'>ad</span> <span class='ocrx_word' id='word_1_185' title='bbox 802 2267 1057 2320; x_wconf 75' lang='lat' dir='ltr'>salutem,</span> <span class='ocrx_word' id='word_1_186' title='bbox 1089 2268 1178 2310; x_wconf 90' lang='lat' dir='ltr'>sed</span> <span class='ocrx_word' id='word_1_187' title='bbox 1207 2268 1270 2309; x_wconf 90' lang='lat' dir='ltr'>ad</span> <span class='ocrx_word' id='word_1_188' title='bbox 1298 2267 1666 2310; x_wconf 82' lang='lat' dir='ltr'>reverentiam</span> 
     </span>
     <span class='ocr_line' id='line_1_26' title="bbox 104 2337 1666 2393; baseline 0.001 -15"><span class='ocrx_word' id='word_1_189' title='bbox 104 2338 356 2379; x_wconf 83' lang='lat' dir='ltr'>mandata</span> <span class='ocrx_word' id='word_1_190' title='bbox 394 2341 528 2380; x_wconf 90' lang='lat' dir='ltr'>sunt.</span> <span class='ocrx_word' id='word_1_191' title='bbox 565 2337 709 2381; x_wconf 88' lang='lat' dir='ltr'>Illud</span> <span class='ocrx_word' id='word_1_192' title='bbox 749 2342 925 2382; x_wconf 88' lang='lat' dir='ltr'>autem</span> <span class='ocrx_word' id='word_1_193' title='bbox 955 2340 1096 2393; x_wconf 89' lang='lat' dir='ltr'>quod</span> <span class='ocrx_word' id='word_1_194' title='bbox 1127 2340 1344 2382; x_wconf 88' lang='lat' dir='ltr'>omnino</span> <span class='ocrx_word' id='word_1_195' title='bbox 1375 2355 1478 2381; x_wconf 91' lang='lat' dir='ltr'>non</span> <span class='ocrx_word' id='word_1_196' title='bbox 1507 2339 1666 2390; x_wconf 80' lang='lat' dir='ltr'>licet,</span> 
     </span>
     <span class='ocr_line' id='line_1_27' title="bbox 103 2409 1666 2465; baseline 0 -15"><span class='ocrx_word' id='word_1_197' title='bbox 103 2423 198 2451; x_wconf 89' lang='lat' dir='ltr'>nec</span> <span class='ocrx_word' id='word_1_198' title='bbox 227 2409 413 2463; x_wconf 88' lang='lat' dir='ltr'>aliqua</span> <span class='ocrx_word' id='word_1_199' title='bbox 442 2410 780 2452; x_wconf 87' lang='lat' dir='ltr'>necessitate</span> <span class='ocrx_word' id='word_1_200' title='bbox 807 2411 1122 2465; x_wconf 76' lang='lat' dir='ltr'>mitigatur,</span> <span class='ocrx_word' id='word_1_201' title='bbox 1153 2413 1209 2452; x_wconf 88' lang='lat' dir='ltr'>ut</span> <span class='ocrx_word' id='word_1_202' title='bbox 1238 2411 1534 2454; x_wconf 86' lang='lat' dir='ltr'>admissum</span> <span class='ocrx_word' id='word_1_203' title='bbox 1563 2425 1666 2451; x_wconf 88' lang='lat' dir='ltr'>non</span> 
     </span>
     <span class='ocr_line' id='line_1_28' title="bbox 106 2479 934 2535; baseline 0.005 -15"><span class='ocrx_word' id='word_1_204' title='bbox 106 2479 272 2533; x_wconf 77' lang='lat' dir='ltr'>obsit,</span> <span class='ocrx_word' id='word_1_205' title='bbox 304 2482 385 2523; x_wconf 87' lang='lat' dir='ltr'>est</span> <span class='ocrx_word' id='word_1_206' title='bbox 414 2495 622 2535; x_wconf 84' lang='lat' dir='ltr'>semper</span> <span class='ocrx_word' id='word_1_207' title='bbox 651 2481 934 2524; x_wconf 89' lang='lat' dir='ltr'>illicitum.</span> 
     </span>
    </p>
   </div>
   <div class='ocr_carea' id='block_1_5' title="bbox 318 2633 1449 2685">
    <p class='ocr_par' dir='ltr' id='par_1_6' title="bbox 318 2633 1449 2685">
     <span class='ocr_line' id='line_1_29' title="bbox 318 2633 1449 2685; baseline 0 -2"><span class='ocrx_word' id='word_1_208' title='bbox 318 2640 522 2684; x_wconf 88' lang='lat' dir='ltr'>Bernard.</span> <span class='ocrx_word' id='word_1_209' title='bbox 550 2640 735 2683; x_wconf 86' lang='lat' dir='ltr'>Tractat.</span> <span class='ocrx_word' id='word_1_210' title='bbox 767 2641 817 2684; x_wconf 90' lang='lat' dir='ltr'>de</span> <span class='ocrx_word' id='word_1_211' title='bbox 846 2641 961 2685; x_wconf 79' lang='lat' dir='ltr'>Grat.</span> <span class='ocrx_word' id='word_1_212' title='bbox 993 2644 1034 2684; x_wconf 89' lang='lat' dir='ltr'>et</span> <span class='ocrx_word' id='word_1_213' title='bbox 1063 2633 1214 2685; x_wconf 81' lang='lat' dir='ltr'>Libero</span> <span class='ocrx_word' id='word_1_214' title='bbox 1244 2642 1449 2685; x_wconf 86' lang='lat' dir='ltr'>Arbitrio.</span> 
     </span>
    </p>
   </div>
   <div class='ocr_carea' id='block_1_6' title="bbox 104 2766 1665 3036">
    <p class='ocr_par' dir='ltr' id='par_1_7' title="bbox 104 2766 1665 3036">
     <span class='ocr_line' id='line_1_30' title="bbox 158 2766 1665 2822; baseline 0 -13"><span class='ocrx_word' id='word_1_215' title='bbox 158 2766 279 2809; x_wconf 82' lang='lat' dir='ltr'>Cum</span> <span class='ocrx_word' id='word_1_216' title='bbox 302 2767 674 2820; x_wconf 85' lang='lat' dir='ltr'>nobistriplex</span> <span class='ocrx_word' id='word_1_217' title='bbox 693 2767 980 2820; x_wconf 90' lang='lat' dir='ltr'>proposita</span> <span class='ocrx_word' id='word_1_218' title='bbox 1004 2767 1665 2822; x_wconf 80' lang='lat' dir='ltr'>sitlibertas‚apeccat0‚</span> 
     </span>
     <span class='ocr_line' id='line_1_31' title="bbox 107 2837 1665 2892; baseline 0.001 -13"><span class='ocrx_word' id='word_1_219' title='bbox 107 2854 131 2880; x_wconf 88' lang='lat' dir='ltr'>a</span> <span class='ocrx_word' id='word_1_220' title='bbox 167 2838 412 2891; x_wconf 87' lang='lat' dir='ltr'>miseria,</span> <span class='ocrx_word' id='word_1_221' title='bbox 445 2853 468 2879; x_wconf 90' lang='lat' dir='ltr'>a</span> <span class='ocrx_word' id='word_1_222' title='bbox 497 2837 856 2888; x_wconf 83' lang='lat' dir='ltr'>necessitate3</span> <span class='ocrx_word' id='word_1_223' title='bbox 885 2837 1022 2880; x_wconf 85' lang='lat' dir='ltr'>hanc</span> <span class='ocrx_word' id='word_1_224' title='bbox 1052 2838 1247 2880; x_wconf 86' lang='lat' dir='ltr'>ultimo</span> <span class='ocrx_word' id='word_1_225' title='bbox 1277 2838 1393 2880; x_wconf 92' lang='lat' dir='ltr'>loco</span> <span class='ocrx_word' id='word_1_226' title='bbox 1423 2839 1665 2892; x_wconf 83' lang='lat' dir='ltr'>positam</span> 
     </span>
     <span class='ocr_line' id='line_1_32' title="bbox 105 2908 1665 2962; baseline -0.001 -10"><span class='ocrx_word' id='word_1_227' title='bbox 105 2910 347 2952; x_wconf 88' lang='lat' dir='ltr'>contulit</span> <span class='ocrx_word' id='word_1_228' title='bbox 386 2909 549 2952; x_wconf 89' lang='lat' dir='ltr'>nobis</span> <span class='ocrx_word' id='word_1_229' title='bbox 587 2909 640 2950; x_wconf 89' lang='lat' dir='ltr'>in</span> <span class='ocrx_word' id='word_1_230' title='bbox 678 2908 998 2950; x_wconf 85' lang='lat' dir='ltr'>conditione</span> <span class='ocrx_word' id='word_1_231' title='bbox 1036 2911 1254 2950; x_wconf 87' lang='lat' dir='ltr'>natura:</span> <span class='ocrx_word' id='word_1_232' title='bbox 1293 2910 1347 2950; x_wconf 89' lang='lat' dir='ltr'>in</span> <span class='ocrx_word' id='word_1_233' title='bbox 1383 2910 1556 2962; x_wconf 85' lang='lat' dir='ltr'>prima</span> <span class='ocrx_word' id='word_1_234' title='bbox 1590 2924 1665 2951; x_wconf 87' lang='lat' dir='ltr'>re-</span> 
     </span>
     <span class='ocr_line' id='line_1_33' title="bbox 104 2980 1664 3036; baseline 0 -13"><span class='ocrx_word' id='word_1_235' title='bbox 104 2985 396 3024; x_wconf 87' lang='lat' dir='ltr'>stauramur</span> <span class='ocrx_word' id='word_1_236' title='bbox 417 2997 440 3023; x_wconf 88' lang='lat' dir='ltr'>a</span> <span class='ocrx_word' id='word_1_237' title='bbox 465 2980 655 3034; x_wconf 83' lang='lat' dir='ltr'>gratia,</span> <span class='ocrx_word' id='word_1_238' title='bbox 679 2980 849 3022; x_wconf 85' lang='lat' dir='ltr'>media</span> <span class='ocrx_word' id='word_1_239' title='bbox 873 2982 1189 3022; x_wconf 85' lang='lat' dir='ltr'>reservatur</span> <span class='ocrx_word' id='word_1_240' title='bbox 1212 2980 1370 3022; x_wconf 83' lang='lat' dir='ltr'>nobis</span> <span class='ocrx_word' id='word_1_241' title='bbox 1394 2980 1447 3022; x_wconf 89' lang='lat' dir='ltr'>in</span> <span class='ocrx_word' id='word_1_242' title='bbox 1470 2982 1664 3036; x_wconf 87' lang='lat' dir='ltr'>patria.</span> 
     </span>
    </p>
   </div>
  </div>
 </body>
</html>
