1931 3224
253 105 332 145 488
816 101 1055 142 DisPUTArlo
1084 98 1236 143 XLIII.

306 228 503 272 XXXIX.
532 227 650 283 Ergo
677 225 960 268 Sacramentis
985 239 1009 266 a
1025 223 1117 266 Deo
1135 224 1345 266 institutis
1360 223 1498 266 nostri
1514 239 1652 278 causa,
1670 225 1817 268 crebro

255 316 304 342 ac
330 302 570 342 reverenter
594 299 639 339 in
670 312 766 339 vera
790 295 1054 350 poenitentia
1079 311 1127 337 ac
1155 296 1238 337 fide
1263 295 1480 348 utendum,
1505 298 1554 337 ut
1580 297 1632 338 ad
1648 312 1696 339 ea
1712 312 1820 350 quae

255 372 379 413 nobis
411 369 727 424 promittuntur
751 368 968 419 credenda,
996 368 1290 409 vehementius
1317 382 1575 420 moveamur,
1604 383 1656 410 ne
1672 368 1821 411 Sacra-

257 444 499 484 mentorum
539 441 601 481 vis
641 442 898 493 contempta,
924 440 1153 493 sacrilegos
1177 439 1327 489 faciat3
1355 441 1428 481 aut
1453 440 1635 494 pignore
1664 455 1748 493 quo
1779 456 1824 483 se

257 513 372 554 Deus
392 514 546 565 sponte
563 512 784 565 obligavit,
799 512 1008 564 neglecto,
1025 526 1050 552 a
1064 511 1274 565 promissa
1289 511 1553 553 haereditate
1570 512 1822 554 excidamus.

309 582 394 624 XL.
433 582 522 635 Ipsi
561 598 663 636 ergo
703 583 869 624 debitas
907 597 985 636 pro
1025 582 1398 625 Sacramentorum
1425 583 1696 625 institutione
1724 598 1820 638 per-

256 657 387 708 petuo
425 654 586 707 gratias
616 656 804 707 agentes,
835 656 876 695 et
906 668 1115 696 memores
1144 654 1372 707 juramenti
1401 654 1631 706 fidelitatiS,
1666 669 1749 707 quo
1781 655 1825 696 in

257 727 630 768 Sacramentorum
668 725 942 778 perceptione
981 725 1301 778 obstringimur,
1330 725 1445 767 velut
1474 725 1717 778 spirituales
1745 726 1824 767 mi-

256 797 352 838 lites
381 796 578 838 adversus
608 795 821 845 Satanam,
847 810 1016 837 carnem
1042 798 1083 837 et
1107 795 1323 848 mundum,
1350 799 1603 849 perpetuam
1627 797 1825 839 militiam

259 882 547 919 exerceamus3
576 868 620 908 in
651 882 734 919 qua
762 866 829 908 his
858 867 1123 909 adminiculis
1154 867 1300 920 adjuti,
1329 867 1498 909 tandem
1530 883 1578 910 eo
1605 869 1826 922 pervenia-

256 954 362 991 mus,
401 938 473 980 ubi
512 938 775 980 cessantibus
815 938 960 992 signis,
1000 953 1089 980 rem
1116 938 1255 992 ipsam
1285 938 1412 980 beata
1440 939 1604 982 visione
1633 943 1821 983 contem-

258 1009 487 1063 plabimur,
527 1012 569 1051 et
606 1011 780 1051 aeterna
818 1009 1022 1051 fruitione
1050 1009 1373 1063 possidebimus,
1404 1011 1527 1052 finito
1558 1011 1673 1052 omni
1701 1010 1826 1063 bello,

260 1082 305 1122 in
342 1082 551 1134 perpetua
589 1095 692 1134 pace
730 1081 944 1134 degentes,
980 1095 1076 1123 cum
1115 1080 1315 1134 Principe
1353 1081 1471 1135 pacis
1501 1081 1604 1123 Jesu
1634 1080 1828 1124 Christo:

263 1151 329 1193 cui
358 1152 496 1206 gloria
523 1151 568 1193 in
597 1154 829 1194 aeternum.

793 1385 1302 1433 OOROLLARIA.

316 1520 348 1561 I.
393 1520 523 1561 Post
567 1518 936 1561 constitutum
978 1517 1248 1560 Canonem
1291 1517 1432 1560 Novi
1469 1518 1831 1570 Testamenti,

262 1591 471 1633 nullum
522 1590 744 1632 verbum
792 1588 1182 1632 institutionis
1235 1592 1327 1631 aut
1369 1588 1613 1632 mandati
1656 1588 1833 1631 divini

265 1663 489 1717 agnosci
530 1662 709 1714 debet,
749 1661 890 1714 quod
928 1661 1190 1703 accedens
1218 1661 1279 1702 ad
1308 1661 1633 1703 elementum
1660 1660 1833 1702 faciat

265 1726 696 1786 Sacramentum,
737 1733 781 1774 si
819 1733 872 1774 in
901 1732 1302 1786 Apostolorum
1330 1734 1421 1774 aut
1451 1731 1833 1785 Evangelista-

265 1822 379 1848 rum
407 1805 640 1859 scriptis
669 1819 773 1846 non
804 1804 876 1845 sit
907 1819 1236 1858 expressum.

318 1877 371 1920 II.
418 1876 584 1920 Nulla
628 1875 982 1919 Sacramenta
1024 1877 1150 1917 sunt
1194 1874 1455 1916 absolute
1497 1874 1559 1915 ad
1601 1873 1834 1915 salutem

265 1948 593 1991 necessaria.

319 2020 396 2062 III.
435 2020 601 2062 Nulla
639 2020 804 2062 etiam
842 2021 967 2061 sunt
1005 2033 1064 2060 ex
1102 2017 1406 2072 hypothesi
1442 2016 1734 2071 praece-pti
1763 2015 1835 2058 di-

266 2091 399 2144 vini,
425 2091 504 2133 ita
527 2090 862 2141 necessaria,
887 2089 1224 2131 necessitate
1248 2088 1432 2140 medii,
1457 2090 1514 2129 ut
1540 2088 1585 2129 si
1605 2090 1836 2130 contem-

269 2166 396 2217 ptus
434 2162 700 2214 abfuerit,
741 2164 790 2203 et
827 2160 1263 2214 impossibilitas
1301 2159 1644 2214 privationis
1675 2173 1836 2201 causa

268 2234 464 2286 fuerit,
502 2233 683 2287 possit
720 2235 811 2274 aut
849 2232 1049 2274 debeat
1088 2247 1112 2273 a
1149 2222 1597 2286 participatione
1635 2230 1836 2273 salutis

270 2305 469 2357 arceri,
500 2305 591 2358 qui
618 2304 842 2346 visibili
872 2304 1142 2346 elemento
1169 2319 1274 2346 non
1303 2303 1491 2357 potuit
1519 2302 1613 2344 uti.

323 2376 396 2418 lV.
427 2376 792 2430 Septenarius
823 2376 1302 2418 Sacramentorum
1330 2390 1606 2427 numerus,
1635 2389 1739 2416 non
1768 2389 1837 2416 so-

269 2449 378 2490 lum
414 2449 468 2490 in
505 2447 792 2502 Scriptura
830 2447 1039 2489 nullum
1075 2447 1242 2489 habet
1277 2447 1709 2489 fundamentum:
1748 2447 1837 2488 sed

270 2533 364 2561 nec
407 2519 551 2573 apud
589 2518 826 2571 aliquem
863 2517 1203 2572 Scriptorem
1242 2518 1709 2560 Ecclesiasticum
1746 2519 1837 2571 qui

270 2591 464 2645 primis
531 2591 710 2633 decem
767 2581 971 2632 seculis
1027 2590 1253 2643 vixerit,
1310 2591 1562 2644 praecise
1618 2589 1836 2632 ostendi

270 2665 476 2717 potest

328 2734 378 2776 V.
415 2729 589 2776 Nihil'
613 2735 780 2777 habet
817 2735 1092 2777 rationem
1131 2734 1474 2777 Sacramenti
1504 2736 1659 2776 extra
1687 2748 1837 2775 usum

274 2821 298 2847 a
326 2800 435 2848 Deo
464 2806 801 2848 institutum.

328 2876 402 2919 VI.
439 2876 639 2919 Nullus
668 2877 922 2920 infidelis
952 2877 1023 2919 fit
1052 2877 1337 2931 particeps
1365 2877 1444 2920 rei
1473 2875 1837 2930 significatae

275 2949 327 2989 in
357 2948 720 2990 Sacramento.
