1931 3224
242 168 319 208 130
851 166 1095 208 DISPUTATIO
1123 163 1218 206 XV.

242 290 428 332 Thomas
467 290 500 339 1,
538 290 574 330 2.
615 305 653 342 q.
688 290 751 331 82.
784 292 859 331 art.
892 290 926 331 1.
955 289 1013 330 Et
1043 286 1453 343 Cajetanusibidem
1482 285 1680 337 affirmat,
1711 286 1800 338 pri-

242 362 456 402 vationem
484 375 634 414 puram
663 361 760 402 dare
789 361 922 402 solam
950 360 1226 413 negationem
1253 359 1298 399 in
1327 358 1517 410 subjecto
1544 359 1648 410 apto
1672 359 1798 407 nat03

242 433 559 486 corruptionem
600 446 712 483 vero,
757 431 907 472 addere
952 430 1123 483 aliquod
1164 429 1400 483 positivum
1445 429 1718 481 contrarium,
1755 428 1800 470 in

244 520 325 557 quo
356 504 538 557 privatio
569 503 782 545 fundatur.

294 575 427 618 XXX.
479 576 604 617 Hunc
648 577 894 627 corruptum
934 573 1130 615 habitum
1172 573 1245 625 qui
1290 571 1800 625 concupiscentiam

241 647 445 697 dixerunt,
486 647 569 687 late
609 649 778 699 sumpto
816 645 1023 687 vocabulo
1058 646 1102 687 in
1133 644 1322 699 generali
1351 645 1674 699 significatione,
1705 659 1800 686 cum

240 718 460 770 Scriptura
512 717 643 758 locuti
687 718 804 767 sunt3
850 731 956 769 quae
1003 717 1183 758 carnis
1227 719 1268 758 et
1312 716 1799 770 concupiscentiae

237 789 418 838 nomine,
459 802 584 840 quam
622 790 669 828 ut
707 787 861 830 malam
899 790 941 829 et
978 788 1179 830 vitiosam
1206 788 1450 840 insectatur,
1479 803 1566 830 non
1594 786 1800 840 intelligit

238 859 478 912 appetitum
506 859 550 899 in
579 873 745 911 genere,
774 861 822 899 ut
849 858 1060 900 rationem
1089 859 1214 901 simul
1244 861 1286 901 et
1311 859 1562 902 sensitivum
1588 859 1800 912 complec-

236 929 353 980 titur,
392 944 527 981 neque
565 930 814 971 sensitivum
851 930 895 971 in
934 931 1087 983 specie,
1125 945 1263 983 neque
1302 946 1398 973 eum
1428 931 1501 984 qui
1527 930 1800 983 peculiariter

237 1001 575 1054 concupiscibilis
606 1002 858 1055 appellatur,
888 1017 1024 1055 neque
1054 1003 1227 1045 omnino
1256 1003 1496 1045 naturalem
1525 1003 1713 1056 aliquam
1735 1001 1799 1043 fa-

237 1072 447 1125 cultatem,
484 1076 556 1114 aut
586 1074 870 1116 conditionem
898 1074 1110 1116 humanae
1138 1077 1315 1117 naturae
1343 1089 1420 1129 per
1449 1090 1505 1117 se.
1537 1073 1656 1116 Haec
1686 1074 1800 1116 enim

235 1144 279 1185 in
304 1144 442 1186 Adam
465 1144 635 1186 fuerunt
658 1146 781 1187 initio
811 1146 1049 1199 creationis,
1077 1149 1118 1189 et
1143 1162 1166 1188 a
1193 1145 1365 1188 Christo
1390 1161 1475 1188 una
1501 1161 1597 1188 cum
1620 1148 1798 1188 naturae

236 1216 443 1258 humanae
473 1218 652 1259 veritate
681 1220 900 1271 assumpta
929 1220 1038 1259 sunt.
1070 1217 1153 1260 Sed
1181 1218 1335 1260 vitium
1363 1220 1553 1270 naturae,
1585 1217 1698 1271 quod
1722 1231 1799 1271 per

237 1291 457 1341 peccatum
497 1289 541 1329 in
585 1304 677 1330 eam
719 1289 985 1342 subintravit,
1030 1292 1072 1331 et
1116 1289 1388 1344 culpabiliter
1428 1289 1493 1343 (ut
1530 1290 1592 1331 ita
1628 1287 1797 1342 loquar)

236 1359 394 1401 infecit.

287 1429 442 1472 XXXI.
480 1429 685 1473 Versatur
710 1434 863 1474 autem
902 1432 1013 1474 circa
1042 1447 1090 1475 ea
1121 1433 1263 1475 omnia
1294 1447 1402 1486 quae
1429 1432 1539 1474 male
1569 1434 1610 1474 et
1637 1431 1797 1474 inordi-

236 1504 334 1542 nate
359 1501 410 1542 ab
434 1501 606 1544 homine
631 1504 773 1557 expeti
788 1507 980 1557 possunt.
997 1503 1121 1547 Unde
1139 1519 1233 1546 cum
1249 1504 1427 1546 dixisset
1440 1504 1689 1558 Apostolus,
1707 1503 1797 1546 Gal.

234 1572 270 1623 5,
317 1573 378 1613 17.
423 1572 643 1615 Carnem
687 1576 1087 1628 concupiscere
1133 1576 1394 1618 adversus
1432 1576 1713 1630 spiritum,
1750 1577 1799 1616 ut

236 1643 475 1685 ostenderet
513 1660 639 1696 quam
666 1646 750 1688 late
778 1649 926 1700 pateat
954 1647 1053 1689 talis
1084 1648 1442 1702 concupiscentia,
1473 1648 1653 1701 subjecit
1681 1650 1798 1689 cata-

233 1714 378 1767 logum
417 1715 581 1768 aliquot
619 1731 797 1770 operum
836 1719 986 1771 carnis,
1023 1719 1136 1761 inter
1167 1734 1275 1772 quae
1301 1734 1388 1761 non
1415 1721 1584 1761 tantum
1612 1718 1797 1761 fornica-

234 1785 405 1837 tionem,
448 1787 755 1831 immunditiam
802 1792 880 1832 etc.
919 1793 1150 1843 enumerat,
1192 1806 1299 1844 quae
1327 1806 1403 1844 per
1432 1791 1675 1845 appetitum
1702 1804 1796 1832 sen-

235 1857 407 1899 sitivum
437 1859 772 1913 committuntur,
804 1864 846 1903 et
869 1862 1141 1915 peculiariter
1166 1863 1352 1904 carnalia
1374 1865 1552 1917 peccata
1577 1862 1794 1913 dicuntur;

233 1943 378 1970 verum
407 1929 535 1971 etiam
565 1932 776 1984 veneficia,
808 1933 1066 1986 inimicitias,
1099 1935 1405 1987 contentiones,
1435 1933 1680 1986 homicidia,
1706 1947 1794 1975 sec-

234 2001 298 2040 tas
337 2015 409 2041 seu
446 2000 639 2044 haereses
679 2006 720 2044 et
760 2005 977 2057 ejusmodi,
1018 2020 1125 2058 quae
1160 2005 1297 2047 solent
1327 2004 1651 2059 spiritualia
1679 2018 1794 2058 pec-

236 2074 355 2113 cata
394 2072 613 2126 appellari.
653 2073 799 2116 Carnis
839 2091 940 2129 ergo
981 2078 1023 2118 et
1063 2077 1435 2130 concupiscentiae
1473 2076 1646 2118 nomine
1675 2075 1796 2129 Apo-

234 2143 366 2184 stolus
396 2144 650 2196 significavit
678 2146 831 2188 vitium
854 2148 1037 2190 incitans
1062 2148 1115 2190 ad
1141 2163 1265 2190 omne
1289 2150 1525 2202 peccatum,
1540 2147 1650 2189 unde
1665 2147 1795 2188 etiam

233 2212 474 2256 Corinthios
513 2217 699 2258 carnales
738 2232 828 2260 esse
866 2220 1035 2272 probat,
1076 2235 1127 2262 ex
1157 2235 1205 2263 eo
1249 2220 1363 2273 quod
1402 2218 1793 2262 contentiones

234 2287 283 2325 et
326 2286 721 2330 aemulationes
764 2293 947 2332 essent
988 2292 1135 2333 inter
1175 2292 1350 2346 ipSOS,
1393 2291 1416 2332 1
1455 2289 1549 2333 Cor.
1585 2291 1622 2342 3,
1661 2290 1698 2331 3.
1735 2288 1794 2331 Et

234 2370 356 2397 omne
385 2371 516 2409 genus
544 2360 709 2411 peccati
738 2375 762 2402 a
792 2362 1138 2415 concupiscentia
1166 2363 1407 2416 procedere,
1438 2362 1546 2404 satis
1574 2361 1687 2404 idem
1711 2361 1794 2415 sig-

232 2427 387 2479 nificat,
427 2443 521 2471 cum
558 2430 608 2472 de
647 2446 694 2472 ea
726 2432 821 2485 ipsa
849 2433 1040 2485 loquens,
1071 2434 1152 2476 ait:
1184 2434 1477 2476 Peccatum
1507 2435 1793 2486 operatum

234 2513 347 2540 esse
383 2499 436 2540 in
475 2515 526 2542 se
560 2516 653 2553 per
681 2503 987 2545 mandatum
1017 2519 1225 2547 omnem
1254 2503 1790 2558 concupiscentiam,

233 2568 352 2611 Rom.
392 2571 427 2622 7,
463 2571 498 2613 8.
528 2575 575 2613 ut
602 2573 893 2628 intelligamus
923 2590 1052 2628 quam
1078 2576 1165 2618 late
1193 2577 1442 2619 mandatum
1471 2577 1592 2629 patet
1617 2575 1663 2617 in
1690 2589 1792 2629 pro-

232 2639 427 2693 hibendo,
458 2645 545 2684 tam
574 2640 659 2686 late
688 2648 835 2698 patere
865 2648 1253 2701 concupiscentiam
1280 2649 1326 2690 in
1354 2647 1609 2702 appetendo.
1781 2703 1783 2705 ι

284 2710 459 2754 XXXII.
499 2713 622 2756 Hunc
661 2717 901 2769 generalem
939 2719 1136 2760 vocabuli
1174 2719 1668 2773 concupiscentiae
1698 2732 1791 2760 sen-

234 2796 335 2833 sum,
381 2786 554 2836 agnovit
599 2787 744 2829 multis
784 2789 829 2830 in
871 2789 975 2832 locis
1015 2790 1283 2845 Augustinus
1320 2791 1570 2846 praesertim
1598 2790 1656 2832 de
1685 2789 1790 2832 Civ.

232 2851 351 2904 Dei,
390 2853 498 2896 Lib.
537 2857 599 2898 14.
639 2873 746 2911 cap.
788 2860 824 2901 3.
856 2875 951 2902 611111
978 2862 1141 2904 videret
1169 2863 1274 2905 vitia
1304 2878 1412 2916 quae
1439 2863 1485 2904 in
1511 2861 1696 2904 Diabolo
1727 2863 1791 2904 te-

232 2926 334 2965 nent
367 2925 665 2980 principatum,
695 2928 955 2982 Apostolum
988 2933 1137 2975 carni
1166 2934 1353 2977 tribuere
1382 2948 1509 2987 quam
1537 2935 1699 2975 certum
1727 2934 1792 2975 est

231 2991 460 3035 Diabolum
500 3011 585 3038 non
621 2997 796 3051 habere3
837 3002 1081 3056 superbiam
1112 3006 1255 3047 tamen
1285 3019 1392 3058 quae
1422 3004 1610 3060 omnium
1638 3003 1791 3047 horum
