1931 3224
685 312 1159 362 DISPUTATIO
1201 312 1387 360 XXIII.

1012 420 1058 442 DE

502 496 721 564 Veteri
771 499 835 562 et
882 493 1071 564 Novo
1125 495 1562 567 Testamento.

626 640 825 683 Praeside
852 639 904 682 D.
933 639 1183 683 ANDREA
1211 640 1442 684 RIVETO.

678 732 954 781 Respondente
981 732 1221 772 DANIELE
1251 733 1395 773 PAIN.

903 836 1094 880 THESis
1137 837 1169 880 I.

409 942 583 975 osTQUAM
624 925 974 980 praecedentibus
1019 927 1384 981 disputationibus
1423 930 1566 971 actum
1602 932 1666 971 est
1702 943 1818 972 seor-

300 939 391 1045 P
409 1001 490 1042 sim
532 1000 581 1041 de
625 998 737 1053 Lege
776 1001 817 1040 et
856 998 906 1040 de
947 998 1197 1053 Evangelio,
1237 1002 1279 1041 et
1314 1000 1537 1054 utriusque
1564 1003 1718 1043 natura
1747 1001 1817 1043 de-

253 1073 412 1126 scripta
454 1074 537 1121 est;
582 1071 786 1124 sequitur,
824 1072 873 1112 ut
902 1071 1175 1113 conferantur
1205 1071 1334 1114 etiam
1360 1072 1473 1115 inter
1501 1088 1557 1125 se,
1588 1072 1818 1115 secundum

255 1143 591 1186 convenientiam
631 1145 673 1184 et
711 1142 1054 1195 discrepantiam,
1093 1157 1166 1185 seu
1205 1143 1498 1186 differentiam.
1528 1143 1586 1186 Et
1615 1144 1817 1197 quoniam

254 1215 424 1257 eaedem
450 1230 517 1257 res
545 1213 673 1256 variis
701 1213 945 1256 nominibus
977 1213 1406 1268 comprehenduntur,
1437 1214 1549 1257 inter
1576 1230 1697 1268 quae,
1723 1230 1818 1258 cum

254 1287 302 1329 de
333 1286 558 1329 collatione
585 1285 657 1327 illa
687 1285 843 1338 agitur,
874 1285 977 1327 satis
1005 1285 1247 1339 frequentia
1276 1288 1374 1328 sunt
1398 1287 1572 1329 nomina
1594 1286 1816 1329 Veteris
1896 1316 1899 1318 -

254 1362 303 1401 et
326 1357 468 1400 Novi
497 1358 860 1410 Testamenti,
888 1357 937 1399 de
967 1372 1113 1399 eorum
1142 1357 1454 1411 significatione
1483 1359 1706 1401 dicendum
1730 1360 1815 1410 est3

252 1445 335 1483 qua
371 1429 452 1471 nisi
484 1430 602 1483 prius
638 1429 850 1471 declarata
884 1430 925 1470 et
962 1428 1172 1480 restricta,
1202 1429 1312 1471 nihil
1338 1430 1570 1483 proclivius
1600 1432 1664 1472 est
1689 1444 1817 1483 quam

249 1501 496 1555 impingere,
538 1502 583 1543 in
620 1501 699 1543 hac
740 1501 790 1543 de
829 1514 914 1553 qua
951 1499 1106 1553 agitur,
1145 1500 1440 1542 convenientia
1477 1500 1743 1554 assignanda,
1774 1502 1816 1543 et

250 1573 491 1615 discrimine
517 1572 790 1626 designando,
822 1572 914 1613 aliis
945 1572 1062 1613 aliud
1090 1572 1443 1626 intelligentibus,
1471 1574 1512 1614 et
1540 1586 1619 1626 pro
1649 1571 1815 1614 ratione

249 1645 544 1698 acceptionum
574 1644 726 1698 quibus
755 1643 998 1693 adhaerent,
1023 1643 1191 1687 diversa
1216 1644 1361 1697 potius
1385 1643 1658 1697 loquentibus
1687 1658 1816 1698 quam

253 1715 545 1758 sentientibus.

302 1785 357 1828 II.
388 1785 556 1829 Nomen
584 1785 816 1828 Ebraicum
844 1787 985 1829 run:
1015 1787 1068 1829 ab
1100 1801 1148 1829 eo
1178 1786 1307 1829 verbo
1339 1787 1499 1829 dictum
1527 1786 1676 1829 volunt
1702 1786 1816 1841 quod

250 1872 435 1914 purgare
473 1860 514 1900 et
551 1858 755 1901 mundare
792 1856 1019 1912 significat,
1059 1858 1159 1911 quia
1195 1858 1240 1900 in
1268 1858 1437 1900 foedere
1465 1860 1539 1900 aut
1567 1860 1695 1912 pacto
1724 1857 1816 1900 sine

251 1928 364 1970 omni
403 1928 646 1984 Sophistica
681 1929 898 1983 utrimque
927 1929 1167 1972 declaretur
1197 1929 1517 1982 ratificeturque
1545 1928 1662 1981 fides,
1693 1928 1813 1971 adhi-

249 1999 339 2041 bita
381 2000 551 2052 publica
593 2000 844 2042 ceremonia.
882 2000 978 2043 Hoc
1017 2015 1171 2043 nomen
1210 2000 1361 2043 Graeci
1397 2000 1653 2055 interpretes
1681 1998 1735 2041 V.
1765 1998 1812 2041 T.

249 2072 405 2125 ubique
435 2088 510 2126 per
534 2072 729 2123 διαθήκην
759 2072 1042 2125 reddiderunt,
1072 2087 1157 2115 uno
1186 2072 1280 2114 loco
1311 2074 1490 2126 excepto
1525 2071 1651 2113 Deut.
1680 2072 1716 2123 9,
1749 2070 1812 2113 15.

248 2141 320 2184 ubi
362 2158 438 2196 per
477 2144 698 2199 μαρτύριον,
746 2144 1148 2197 testimonium,
1192 2145 1424 2187 verterunt.
1461 2142 1591 2198 Apud
1629 2141 1812 2185 Graecos

249 2217 391 2257 autem
422 2214 595 2264 διαθήκη
624 2218 673 2257 ut
700 2216 930 2270 plurimum
958 2215 1166 2269 accipitur
1187 2215 1232 2257 in
1257 2230 1305 2258 ea
1329 2213 1640 2268 significatione
1665 2214 1812 2268 singu-

247 2286 337 2338 lari,
380 2286 424 2328 in
469 2302 551 2340 qua
589 2287 702 2340 apud
738 2287 912 2330 Latinos
951 2285 1296 2329 Testamenti
1333 2300 1500 2339 nomen,
1533 2300 1640 2339 quae
1667 2287 1811 2328 tamen

249 2359 310 2399 est
339 2358 638 2411 interpretatio
669 2358 836 2412 speciei,
868 2358 1057 2411 alioquin
1085 2360 1134 2399 ut
1160 2372 1317 2399 nomen
1341 2356 1568 2410 Ebraeum,
1597 2357 1658 2399 sic
1682 2357 1811 2399 etiam

250 2427 454 2470 Graecum
498 2429 923 2484 dispositionem
967 2430 1090 2470 sonat
1132 2428 1177 2469 in
1220 2443 1385 2482 genere,
1425 2428 1497 2470 sed
1536 2443 1629 2470 eam
1666 2429 1810 2470 tamen

248 2499 572 2552 dispositionem
611 2501 676 2542 cui
714 2500 935 2554 implicata
963 2502 1026 2542 est
1054 2500 1293 2553 promissio,
1325 2500 1412 2542 sive
1441 2499 1497 2542 sit
1524 2500 1668 2554 pactio
1697 2500 1810 2542 inter

246 2570 448 2623 viventes,
478 2564 606 2624 quam
635 2571 828 2621 συνθήκην
857 2574 1024 2624 vocant,
1054 2571 1142 2613 sive
1174 2570 1494 2613 Testamentum
1522 2570 1694 2625 proprie
1723 2571 1808 2613 dic-

247 2644 349 2695 tum,
388 2658 635 2698 suprema
671 2658 859 2698 nempe
897 2642 1186 2685 morientis
1225 2642 1526 2696 dispositio
1561 2642 1620 2684 de
1648 2642 1806 2684 rebus

248 2713 486 2767 relictis,
516 2714 769 2768 legitime
797 2714 880 2757 vel
909 2713 1090 2757 verbis
1116 2715 1452 2768 nuncupata,
1483 2713 1569 2756 vel
1597 2713 1806 2757 tabulis

247 2784 588 2838 consignata.

300 2854 375 2896 III.
412 2856 534 2899 Hanc
569 2873 715 2901 vocem
744 2858 788 2900 in
814 2857 909 2910 hoc,
940 2858 990 2900 de
1020 2872 1103 2911 quo
1133 2857 1311 2912 agimus,
1342 2859 1592 2912 argumento
1619 2861 1689 2906 τῆς
1720 2871 1803 2900 πα-

249 2928 374 2974 λαιᾶς
404 2926 425 2974 ἢ
458 2934 590 2977 καινῆς
621 2929 830 2980 διαθήκης,
869 2930 1099 2983 Apostolus
1124 2930 1169 2972 in
1193 2930 1370 2984 propria
1393 2930 1473 2971 hac
1492 2927 1804 2982 significatione

250 2996 402 3050 accipit
439 2996 569 3040 Hebr.
603 3000 639 3052 9,
671 3001 732 3042 15.
763 3004 805 3043 et
834 3015 950 3056 seqq.
980 3015 1058 3055 pro
1087 3004 1344 3045 testamento
1373 3001 1414 3044 in
1447 3015 1531 3054 quo
1561 3014 1702 3043 mors
1730 2999 1804 3041 in-
