1931 3224
225 123 304 164 474
818 121 1061 163 DISPUTATIO
1091 121 1222 164 XLII.

230 249 273 288 et
302 246 577 289 diaconorum
604 246 767 287 iunctio
797 246 899 288 olim
927 246 1009 288 fuit
1036 250 1255 300 perpetua.
1283 247 1410 291 Nunc
1439 250 1539 302 quia
1566 252 1706 294 minor
1731 255 1794 294 est

228 319 273 360 in
314 318 485 370 nostris,
529 332 657 370 quam
698 317 781 358 fuit
823 318 926 359 olim
966 319 1010 360 in
1051 319 1313 372 Apostolicis
1352 320 1564 374 Ecclesiis,
1604 323 1792 366 virorum

231 390 321 432 zelo
351 390 499 431 domus
529 388 611 430 Dei
639 388 934 440 aedificandae,
964 389 1144 442 aliisque
1173 390 1294 432 donis
1320 391 1615 444 spiritualibus
1641 395 1794 436 eximie

232 464 480 504 ornatorum
517 475 729 512 numerus,
770 476 817 503 ac
854 461 994 503 minor
1031 461 1170 515 hujus,
1200 477 1328 515 quam
1358 463 1487 517 prisci
1516 465 1619 516 aevi,
1650 465 1694 506 in
1724 480 1794 507 eos

231 533 305 587 qui
343 532 558 574 Ecclesiae
597 530 756 573 Christi
792 532 1041 584 inserviunt,
1079 533 1381 585 munificentia,
1420 535 1515 576 ideo
1555 535 1796 578 admittitur

230 603 385 658 potius,
425 618 552 656 quam
594 603 792 657 culpatur
828 603 955 645 hodie
980 619 1004 645 a
1039 604 1163 645 nobis
1193 605 1418 647 continuae
1447 607 1796 660 presbyterorum

231 691 277 718 ac
306 676 583 717 diaconorum
610 675 843 717 functionis
871 676 915 717 in
942 676 1141 718 biennem
1169 677 1372 718 mutatio:
1402 668 1653 730 praesertim
1683 679 1796 732 quod

233 748 373 800 aliqua
410 762 459 788 ex
493 749 615 800 parte
646 746 803 788 similia
831 748 1081 801 λειτουργίαις
1117 748 1383 801 interruptae
1414 749 1606 803 exempla
1635 751 1795 804 reperi-

232 821 357 861 antur
393 819 436 860 in
474 817 774 860 Sacerdotibus
815 833 863 860 ac
897 818 1053 860 Levitis
1083 817 1251 860 Veteris
1281 819 1554 871 Testamenti,
1584 821 1605 861 1
1639 820 1793 863 Chron.

232 891 294 942 24,
324 891 361 931 4.
392 892 521 943 atque
549 891 593 931 in
622 889 828 932 Zacharia
856 892 979 943 patre
1008 889 1218 932 Johannis
1246 889 1480 943 Baptistae,
1510 890 1609 932 Luc.
1640 892 1676 942 1,
1706 891 1741 933 5.

285 960 476 1004 LXXIII.
506 961 564 1003 Et
593 962 787 1015 quamvis
815 961 1056 1015 presbyteri
1086 976 1134 1003 ac
1158 961 1325 1003 diaconi
1348 962 1543 1015 longiore
1567 963 1795 1005 intervallo

232 1049 355 1076 suum
390 1033 676 1075 ministerium
699 1033 826 1075 hodie
853 1033 1154 1085 intermittant,
1184 1048 1312 1086 quam
1341 1033 1443 1075 olim
1471 1033 1721 1077 Sacerdotes
1750 1051 1798 1078 ac

231 1106 414 1156 Levitae,
453 1105 525 1159 qui
563 1106 687 1148 certis
724 1105 1039 1148 hebdomadum
1073 1105 1233 1147 vicibus
1262 1120 1414 1147 munus
1445 1120 1569 1147 suum
1598 1106 1797 1157 obibant3

231 1179 276 1220 in
318 1193 366 1220 eo
404 1181 548 1220 tamen
584 1178 794 1220 laudanda
834 1179 897 1219 est
934 1177 1222 1219 Ecclesiarum
1251 1179 1496 1218 nostrarum
1526 1178 1797 1230 consuetudo,

234 1250 348 1304 quod
384 1250 591 1304 probatae
627 1249 725 1291 fidei
763 1251 892 1302 atque
930 1248 1191 1301 integritatis
1219 1248 1492 1301 presbyteros
1521 1263 1568 1289 ac
1598 1248 1799 1291 diaconos

234 1322 410 1364 decurso
452 1335 686 1375 paucorum
724 1335 933 1362 annorum
973 1320 1126 1374 spatio,
1156 1319 1200 1361 in
1228 1319 1468 1362 functiones
1499 1320 1799 1374 praecedentes

234 1394 476 1436 restituant.

286 1464 478 1507 LXXIV.
509 1464 791 1518 Temporibus
819 1463 1130 1517 Apostolorum
1158 1476 1243 1503 non
1267 1464 1435 1503 tantum
1460 1462 1713 1516 presbyteri,
1730 1463 1802 1504 sed

234 1537 364 1579 etiam
394 1535 562 1578 diaconi
587 1535 646 1577 sic
668 1535 884 1578 Ecclesiae
910 1534 991 1576 Dei
1017 1533 1119 1575 olim
1143 1533 1513 1584 consecrabantur,
1538 1535 1586 1574 ut
1611 1535 1802 1587 spectata

233 1608 425 1662 ipsorum
453 1606 671 1660 probitate
700 1609 828 1659 atque
857 1607 902 1648 in
929 1605 1145 1659 mysteriis
1174 1605 1275 1646 fidei
1304 1604 1564 1657 explicandis
1592 1604 1802 1646 industria

234 1679 286 1721 ad
323 1679 607 1720 ministerium
644 1678 859 1731 pastorale
897 1678 1261 1731 promoverentur,
1302 1676 1323 1718 1
1364 1675 1471 1717 Tim.
1510 1677 1546 1728 3,
1588 1676 1649 1717 13.
1679 1675 1802 1719 Unde

236 1751 489 1805 colligimus,
530 1750 582 1791 ab
622 1749 810 1802 antiquis
848 1749 891 1790 in
930 1748 1280 1802 presbyterorum
1314 1761 1362 1789 ac
1391 1747 1666 1789 diaconorum
1695 1747 1801 1789 elec-

233 1823 364 1874 tione,
401 1836 487 1864 non
524 1820 822 1863 tantummodo
851 1834 1004 1873 puram
1033 1820 1226 1873 ipsorum
1255 1818 1568 1870 conscientiam,
1598 1820 1728 1872 prout
1755 1818 1800 1859 in

234 1894 394 1936 nostris
424 1894 677 1947 plerumque
706 1892 755 1933 fit
785 1891 1080 1942 Consistoriis3
1111 1891 1183 1932 sed
1212 1890 1391 1932 solidam
1420 1905 1590 1943 quoque
1614 1890 1803 1944 ipsorum

237 1965 470 2017 scientiam,
501 1967 629 2017 atque
658 1964 710 2005 ad
740 1963 847 2006 alios
878 1963 949 2004 ubi
977 1978 1043 2005 res
1071 1964 1277 2016 posceret,
1309 1961 1558 2004 erudiendos
1588 1961 1801 2014 officiique

237 2035 690 2088 commonefaciendos‚
719 2034 973 2077 industriam
1001 2034 1132 2076 fuisse
1161 2033 1484 2075 consideratam.

288 2107 460 2150 LXXV.
489 2106 677 2148 Nomina
702 2108 830 2159 atque
855 2106 996 2148 officia
1021 2105 1317 2157 Ostiariorum,
1341 2105 1674 2158 Exorcistarum,
1699 2105 1801 2148 Lec-

236 2182 391 2230 torum,
428 2177 756 2229 Acoluthorum,
786 2179 827 2219 et
857 2176 1234 2228 Subdiaconorum,
1264 2191 1350 2218 non
1378 2177 1514 2230 magis
1543 2177 1587 2218 in
1615 2176 1801 2232 Aposto-

237 2250 329 2293 licis
357 2248 654 2291 Ministrorum
683 2248 1079 2291 Ecclesiasticorum
1104 2248 1460 2302 descriptionibus
1477 2263 1605 2302 supra
1619 2249 1801 2302 produc-

235 2323 291 2364 tis
343 2322 599 2375 comparent,
654 2335 782 2372 quani
834 2320 1025 2373 epitheta
1067 2335 1115 2361 ac
1163 2335 1339 2362 munera
1379 2319 1801 2371 Archidiaconorum,

238 2393 481 2444 Curionum,
519 2392 841 2443 Monachorum‚
880 2391 1113 2444 Abbatum,
1153 2393 1195 2433 et
1233 2394 1383 2441 cetera,
1424 2405 1532 2444 quae
1572 2391 1699 2433 Thes.
1737 2391 1800 2433 58.

237 2465 535 2507 recensuimus.

771 2765 1282 2816 COROLLARIA.

293 2901 325 2943 I.
363 2901 441 2944 An
478 2901 720 2943 ministri
757 2898 933 2942 futuri
971 2896 1255 2940 ordinatio
1297 2897 1351 2940 in
1392 2895 1637 2938 Ecclesia
1674 2909 1799 2937 sem-

240 2988 333 3027 per
361 2972 711 3025 requiratur?
