<?xml version="1.0" encoding="UTF-8"?>
<!DOCTYPE html PUBLIC "-//W3C//DTD XHTML 1.0 Transitional//EN"
    "http://www.w3.org/TR/xhtml1/DTD/xhtml1-transitional.dtd">
<html xmlns="http://www.w3.org/1999/xhtml" xml:lang="en" lang="en">
 <head>
  <title>
</title>
<meta http-equiv="Content-Type" content="text/html;charset=utf-8" />
  <meta name='ocr-system' content='tesseract 3.04.00' />
  <meta name='ocr-capabilities' content='ocr_page ocr_carea ocr_par ocr_line ocrx_word'/>
</head>
<body>
  <div class='ocr_page' id='page_1' title='image "./synopsispurioris00poly_0409.png"; bbox 0 0 1931 3224; ppageno 0'>
   <div class='ocr_carea' id='block_1_1' title="bbox 531 140 1641 190">
    <p class='ocr_par' dir='ltr' id='par_1_1' title="bbox 531 140 1641 190">
     <span class='ocr_line' id='line_1_1' title="bbox 531 140 1641 190; baseline -0.007 -2"><span class='ocrx_word' id='word_1_1' title='bbox 531 146 596 189; x_wconf 75' lang='lat' dir='ltr'>DE</span> <span class='ocrx_word' id='word_1_2' title='bbox 625 145 900 190; x_wconf 66' lang='lat' dir='ltr'>Emmsosms</span> <span class='ocrx_word' id='word_1_3' title='bbox 928 159 975 186; x_wconf 77' lang='lat' dir='ltr'>ET</span> <span class='ocrx_word' id='word_1_4' title='bbox 1003 143 1192 188; x_wconf 74' lang='lat' dir='ltr'>JEJUNHS.</span> <span class='ocrx_word' id='word_1_5' title='bbox 1565 140 1641 181; x_wconf 80' lang='lat'>387</span> 
     </span>
    </p>
   </div>
   <div class='ocr_carea' id='block_1_2' title="bbox 85 265 1664 3038">
    <p class='ocr_par' dir='ltr' id='par_1_2' title="bbox 85 265 1642 385">
     <span class='ocr_line' id='line_1_2' title="bbox 85 265 1642 325; baseline -0.006 -11"><span class='ocrx_word' id='word_1_6' title='bbox 85 272 284 314; x_wconf 89' lang='lat' dir='ltr'>nunciare</span> <span class='ocrx_word' id='word_1_7' title='bbox 307 272 575 325; x_wconf 87' lang='lat' dir='ltr'>profitentur.</span> <span class='ocrx_word' id='word_1_8' title='bbox 592 270 714 314; x_wconf 89' lang='lat' dir='ltr'>Unde</span> <span class='ocrx_word' id='word_1_9' title='bbox 730 271 844 323; x_wconf 90' lang='lat' dir='ltr'>illud,</span> <span class='ocrx_word' id='word_1_10' title='bbox 861 270 980 312; x_wconf 82' lang='lat' dir='ltr'>Mon</span> <span class='ocrx_word' id='word_1_11' title='bbox 994 268 1089 311; x_wconf 89' lang='lat' dir='ltr'>ach</span> <span class='ocrx_word' id='word_1_12' title='bbox 1102 284 1156 310; x_wconf 88' lang='lat' dir='ltr'>us</span> <span class='ocrx_word' id='word_1_13' title='bbox 1177 268 1381 310; x_wconf 88' lang='lat' dir='ltr'>habens</span> <span class='ocrx_word' id='word_1_14' title='bbox 1403 265 1464 307; x_wconf 87' lang='lat' dir='ltr'>ob</span> <span class='ocrx_word' id='word_1_15' title='bbox 1478 265 1642 315; x_wconf 85' lang='lat' dir='ltr'>ulum,</span> 
     </span>
     <span class='ocr_line' id='line_1_3' title="bbox 85 343 628 385; baseline -0.002 0"><span class='ocrx_word' id='word_1_16' title='bbox 85 357 189 385; x_wconf 94' lang='lat' dir='ltr'>non</span> <span class='ocrx_word' id='word_1_17' title='bbox 216 343 367 385; x_wconf 85' lang='lat' dir='ltr'>valet</span> <span class='ocrx_word' id='word_1_18' title='bbox 397 343 628 385; x_wconf 85' lang='lat' dir='ltr'>obulum.</span> 
     </span>
    </p>

    <p class='ocr_par' dir='ltr' id='par_1_3' title="bbox 85 409 1649 956">
     <span class='ocr_line' id='line_1_4' title="bbox 138 409 1643 459; baseline -0.006 -2"><span class='ocrx_word' id='word_1_19' title='bbox 138 414 214 457; x_wconf 85' lang='lat' dir='ltr'>IX.</span> <span class='ocrx_word' id='word_1_20' title='bbox 255 415 462 457; x_wconf 87' lang='lat' dir='ltr'>Attamen</span> <span class='ocrx_word' id='word_1_21' title='bbox 504 417 551 456; x_wconf 87' lang='lat' dir='ltr'>ut</span> <span class='ocrx_word' id='word_1_22' title='bbox 587 414 850 457; x_wconf 91' lang='lat' dir='ltr'>bonorum</span> <span class='ocrx_word' id='word_1_23' title='bbox 888 411 1191 455; x_wconf 85' lang='lat' dir='ltr'>communio</span> <span class='ocrx_word' id='word_1_24' title='bbox 1230 410 1340 452; x_wconf 90' lang='lat' dir='ltr'>inter</span> <span class='ocrx_word' id='word_1_25' title='bbox 1370 409 1643 459; x_wconf 88' lang='lat' dir='ltr'>Christianos</span> 
     </span>
     <span class='ocr_line' id='line_1_5' title="bbox 85 479 1646 540; baseline -0.006 -11"><span class='ocrx_word' id='word_1_26' title='bbox 85 502 172 529; x_wconf 89' lang='lat' dir='ltr'>non</span> <span class='ocrx_word' id='word_1_27' title='bbox 214 487 269 528; x_wconf 88' lang='lat' dir='ltr'>sit</span> <span class='ocrx_word' id='word_1_28' title='bbox 306 486 453 538; x_wconf 70' lang='grc' dir='ltr'>κτήσει,</span> <span class='ocrx_word' id='word_1_29' title='bbox 497 487 774 540; x_wconf 75' lang='lat' dir='ltr'>possessione,</span> <span class='ocrx_word' id='word_1_30' title='bbox 817 488 960 527; x_wconf 87' lang='lat' dir='ltr'>manet</span> <span class='ocrx_word' id='word_1_31' title='bbox 995 487 1138 526; x_wconf 87' lang='lat' dir='ltr'>tamen</span> <span class='ocrx_word' id='word_1_32' title='bbox 1183 482 1335 536; x_wconf 70' lang='grc' dir='ltr'>χρήσει,</span> <span class='ocrx_word' id='word_1_33' title='bbox 1377 496 1466 530; x_wconf 79' lang='lat' dir='ltr'>usn,</span> <span class='ocrx_word' id='word_1_34' title='bbox 1505 479 1646 521; x_wconf 86' lang='lat' dir='ltr'>divina</span> 
     </span>
     <span class='ocr_line' id='line_1_6' title="bbox 85 553 1644 612; baseline -0.006 -12"><span class='ocrx_word' id='word_1_35' title='bbox 85 560 179 612; x_wconf 88' lang='lat' dir='ltr'>lege</span> <span class='ocrx_word' id='word_1_36' title='bbox 215 559 259 599; x_wconf 91' lang='lat' dir='ltr'>in</span> <span class='ocrx_word' id='word_1_37' title='bbox 296 561 551 611; x_wconf 90' lang='lat' dir='ltr'>perpetuum</span> <span class='ocrx_word' id='word_1_38' title='bbox 588 558 685 610; x_wconf 86' lang='lat' dir='ltr'>fixa,</span> <span class='ocrx_word' id='word_1_39' title='bbox 723 557 849 599; x_wconf 90' lang='lat' dir='ltr'>Deut.</span> <span class='ocrx_word' id='word_1_40' title='bbox 889 558 950 598; x_wconf 82' lang='lat'>15.</span> <span class='ocrx_word' id='word_1_41' title='bbox 993 556 1119 597; x_wconf 87' lang='lat' dir='ltr'>Marc.</span> <span class='ocrx_word' id='word_1_42' title='bbox 1157 555 1221 606; x_wconf 85' lang='grc'>14,</span> <span class='ocrx_word' id='word_1_43' title='bbox 1251 555 1287 595; x_wconf 88' lang='grc'>7.</span> <span class='ocrx_word' id='word_1_44' title='bbox 1318 568 1424 606; x_wconf 89' lang='lat' dir='ltr'>quae</span> <span class='ocrx_word' id='word_1_45' title='bbox 1453 565 1539 593; x_wconf 88' lang='lat' dir='ltr'>non</span> <span class='ocrx_word' id='word_1_46' title='bbox 1569 553 1644 602; x_wconf 89' lang='lat' dir='ltr'>est,</span> 
     </span>
     <span class='ocr_line' id='line_1_7' title="bbox 87 622 1646 681; baseline -0.006 -10"><span class='ocrx_word' id='word_1_47' title='bbox 87 629 212 671; x_wconf 88' lang='lat' dir='ltr'>sicuti</span> <span class='ocrx_word' id='word_1_48' title='bbox 263 628 517 671; x_wconf 86' lang='lat' dir='ltr'>Scholastici</span> <span class='ocrx_word' id='word_1_49' title='bbox 570 628 742 681; x_wconf 87' lang='lat' dir='ltr'>quidam</span> <span class='ocrx_word' id='word_1_50' title='bbox 790 628 951 679; x_wconf 82' lang='lat' dir='ltr'>volunt,</span> <span class='ocrx_word' id='word_1_51' title='bbox 1002 627 1160 668; x_wconf 79' lang='lat' dir='ltr'>liberae</span> <span class='ocrx_word' id='word_1_52' title='bbox 1201 627 1371 667; x_wconf 89' lang='lat' dir='ltr'>tantum</span> <span class='ocrx_word' id='word_1_53' title='bbox 1412 622 1646 665; x_wconf 85' lang='lat' dir='ltr'>voluntatis</span> 
     </span>
     <span class='ocr_line' id='line_1_8' title="bbox 88 694 1647 754; baseline -0.006 -11"><span class='ocrx_word' id='word_1_54' title='bbox 88 702 289 754; x_wconf 88' lang='lat' dir='ltr'>cujusque</span> <span class='ocrx_word' id='word_1_55' title='bbox 326 699 451 751; x_wconf 88' lang='lat' dir='ltr'>actio,</span> <span class='ocrx_word' id='word_1_56' title='bbox 491 699 678 752; x_wconf 83' lang='lat' dir='ltr'>adeoque</span> <span class='ocrx_word' id='word_1_57' title='bbox 716 699 768 740; x_wconf 89' lang='lat' dir='ltr'>ad</span> <span class='ocrx_word' id='word_1_58' title='bbox 799 699 1019 740; x_wconf 85' lang='lat' dir='ltr'>caritatem</span> <span class='ocrx_word' id='word_1_59' title='bbox 1056 697 1166 739; x_wconf 89' lang='lat' dir='ltr'>hanc</span> <span class='ocrx_word' id='word_1_60' title='bbox 1194 699 1362 738; x_wconf 88' lang='lat' dir='ltr'>tantum</span> <span class='ocrx_word' id='word_1_61' title='bbox 1390 694 1647 746; x_wconf 68' lang='lat' dir='ltr'>cohortatio,</span> 
     </span>
     <span class='ocr_line' id='line_1_9' title="bbox 88 766 1648 825; baseline -0.005 -11"><span class='ocrx_word' id='word_1_62' title='bbox 88 772 160 814; x_wconf 92' lang='lat' dir='ltr'>sed</span> <span class='ocrx_word' id='word_1_63' title='bbox 196 771 414 825; x_wconf 73' lang='lat' dir='ltr'>praecepti</span> <span class='ocrx_word' id='word_1_64' title='bbox 453 785 526 812; x_wconf 87' lang='lat' dir='ltr'>seu</span> <span class='ocrx_word' id='word_1_65' title='bbox 560 770 669 825; x_wconf 89' lang='lat' dir='ltr'>legis</span> <span class='ocrx_word' id='word_1_66' title='bbox 709 770 875 811; x_wconf 85' lang='lat' dir='ltr'>divinae</span> <span class='ocrx_word' id='word_1_67' title='bbox 905 769 1080 821; x_wconf 88' lang='lat' dir='ltr'>sanctio,</span> <span class='ocrx_word' id='word_1_68' title='bbox 1111 767 1414 810; x_wconf 84' lang='lat' dir='ltr'>conscientiam</span> <span class='ocrx_word' id='word_1_69' title='bbox 1446 766 1523 808; x_wconf 89' lang='lat' dir='ltr'>sub</span> <span class='ocrx_word' id='word_1_70' title='bbox 1549 779 1648 818; x_wconf 87' lang='lat' dir='ltr'>pec-</span> 
     </span>
     <span class='ocr_line' id='line_1_10' title="bbox 89 839 1649 896; baseline -0.004 -11"><span class='ocrx_word' id='word_1_71' title='bbox 89 846 183 885; x_wconf 89' lang='lat' dir='ltr'>cato</span> <span class='ocrx_word' id='word_1_72' title='bbox 236 842 442 896; x_wconf 86' lang='lat' dir='ltr'>obligans,</span> <span class='ocrx_word' id='word_1_73' title='bbox 494 856 541 882; x_wconf 88' lang='lat' dir='ltr'>ac</span> <span class='ocrx_word' id='word_1_74' title='bbox 592 841 732 893; x_wconf 89' lang='lat' dir='ltr'>quoad</span> <span class='ocrx_word' id='word_1_75' title='bbox 784 843 919 882; x_wconf 88' lang='lat' dir='ltr'>certas</span> <span class='ocrx_word' id='word_1_76' title='bbox 963 842 1052 893; x_wconf 88' lang='lat' dir='ltr'>ejus</span> <span class='ocrx_word' id='word_1_77' title='bbox 1098 839 1438 882; x_wconf 84' lang='lat' dir='ltr'>circumstantias</span> <span class='ocrx_word' id='word_1_78' title='bbox 1481 840 1649 879; x_wconf 87' lang='lat' dir='ltr'>tantum</span> 
     </span>
     <span class='ocr_line' id='line_1_11' title="bbox 88 914 233 956; baseline 0 0"><span class='ocrx_word' id='word_1_79' title='bbox 88 914 233 956; x_wconf 88' lang='lat' dir='ltr'>libera.</span> 
     </span>
    </p>

    <p class='ocr_par' dir='ltr' id='par_1_4' title="bbox 88 981 1657 2037">
     <span class='ocr_line' id='line_1_12' title="bbox 141 981 1650 1037; baseline -0.004 -10"><span class='ocrx_word' id='word_1_80' title='bbox 141 985 194 1027; x_wconf 91' lang='lat' dir='ltr'>X.</span> <span class='ocrx_word' id='word_1_81' title='bbox 232 985 296 1027; x_wconf 87' lang='lat' dir='ltr'>Ea</span> <span class='ocrx_word' id='word_1_82' title='bbox 325 987 468 1026; x_wconf 89' lang='lat' dir='ltr'>autem</span> <span class='ocrx_word' id='word_1_83' title='bbox 497 983 689 1037; x_wconf 85' lang='lat' dir='ltr'>sapiente</span> <span class='ocrx_word' id='word_1_84' title='bbox 720 983 801 1024; x_wconf 92' lang='lat' dir='ltr'>Dei</span> <span class='ocrx_word' id='word_1_85' title='bbox 830 983 1005 1024; x_wconf 86' lang='lat' dir='ltr'>consilio</span> <span class='ocrx_word' id='word_1_86' title='bbox 1037 997 1084 1024; x_wconf 89' lang='lat' dir='ltr'>ac</span> <span class='ocrx_word' id='word_1_87' title='bbox 1114 982 1335 1024; x_wconf 90' lang='lat' dir='ltr'>voluntate</span> <span class='ocrx_word' id='word_1_88' title='bbox 1363 981 1529 1032; x_wconf 84' lang='lat' dir='ltr'>nititur,</span> <span class='ocrx_word' id='word_1_89' title='bbox 1561 995 1650 1022; x_wconf 89' lang='lat' dir='ltr'>om-</span> 
     </span>
     <span class='ocr_line' id='line_1_13' title="bbox 88 1051 1651 1110; baseline -0.004 -12"><span class='ocrx_word' id='word_1_90' title='bbox 88 1057 160 1098; x_wconf 89' lang='lat' dir='ltr'>nia</span> <span class='ocrx_word' id='word_1_91' title='bbox 195 1056 256 1098; x_wconf 88' lang='lat' dir='ltr'>ita</span> <span class='ocrx_word' id='word_1_92' title='bbox 292 1055 569 1110; x_wconf 89' lang='lat' dir='ltr'>temperantis</span> <span class='ocrx_word' id='word_1_93' title='bbox 607 1070 655 1096; x_wconf 89' lang='lat' dir='ltr'>ac</span> <span class='ocrx_word' id='word_1_94' title='bbox 691 1054 806 1096; x_wconf 87' lang='lat' dir='ltr'>varie</span> <span class='ocrx_word' id='word_1_95' title='bbox 845 1054 1123 1107; x_wconf 87' lang='lat' dir='ltr'>disponentis,</span> <span class='ocrx_word' id='word_1_96' title='bbox 1162 1056 1208 1095; x_wconf 87' lang='lat' dir='ltr'>ut</span> <span class='ocrx_word' id='word_1_97' title='bbox 1246 1054 1320 1094; x_wconf 91' lang='lat' dir='ltr'>uni</span> <span class='ocrx_word' id='word_1_98' title='bbox 1358 1053 1493 1106; x_wconf 87' lang='lat' dir='ltr'>plura,</span> <span class='ocrx_word' id='word_1_99' title='bbox 1529 1051 1651 1093; x_wconf 87' lang='lat' dir='ltr'>alteri</span> 
     </span>
     <span class='ocr_line' id='line_1_14' title="bbox 89 1123 1651 1182; baseline -0.004 -12"><span class='ocrx_word' id='word_1_100' title='bbox 89 1127 292 1182; x_wconf 86' lang='lat' dir='ltr'>pauciora</span> <span class='ocrx_word' id='word_1_101' title='bbox 321 1127 577 1178; x_wconf 88' lang='lat' dir='ltr'>attribuerit,</span> <span class='ocrx_word' id='word_1_102' title='bbox 606 1141 921 1181; x_wconf 84' lang='lat' dir='ltr'>pauperemque</span> <span class='ocrx_word' id='word_1_103' title='bbox 947 1126 1071 1167; x_wconf 86' lang='lat' dir='ltr'>diviti</span> <span class='ocrx_word' id='word_1_104' title='bbox 1095 1125 1349 1177; x_wconf 81' lang='lat' dir='ltr'>adjunxerit,</span> <span class='ocrx_word' id='word_1_105' title='bbox 1373 1124 1499 1165; x_wconf 79' lang='lat' dir='ltr'>Prov.</span> <span class='ocrx_word' id='word_1_106' title='bbox 1524 1124 1588 1174; x_wconf 92' lang='grc'>22,</span> <span class='ocrx_word' id='word_1_107' title='bbox 1613 1123 1651 1164; x_wconf 89' lang='grc'><strong>2.</strong></span> 
     </span>
     <span class='ocr_line' id='line_1_15' title="bbox 91 1194 1653 1252; baseline -0.004 -11"><span class='ocrx_word' id='word_1_108' title='bbox 91 1214 197 1252; x_wconf 89' lang='lat' dir='ltr'>quos</span> <span class='ocrx_word' id='word_1_109' title='bbox 249 1201 478 1241; x_wconf 87' lang='lat' dir='ltr'>naturae</span> <span class='ocrx_word' id='word_1_110' title='bbox 530 1201 580 1240; x_wconf 89' lang='lat' dir='ltr'>et</span> <span class='ocrx_word' id='word_1_111' title='bbox 632 1198 925 1240; x_wconf 89' lang='lat' dir='ltr'>communis</span> <span class='ocrx_word' id='word_1_112' title='bbox 977 1196 1283 1250; x_wconf 71' lang='lat' dir='ltr'>sanguinis,</span> <span class='ocrx_word' id='word_1_113' title='bbox 1326 1198 1377 1237; x_wconf 92' lang='lat' dir='ltr'>et</span> <span class='ocrx_word' id='word_1_114' title='bbox 1419 1194 1653 1248; x_wconf 87' lang='lat' dir='ltr'>politias</span> 
     </span>
     <span class='ocr_line' id='line_1_16' title="bbox 90 1264 1652 1325; baseline -0.004 -12"><span class='ocrx_word' id='word_1_115' title='bbox 90 1271 335 1322; x_wconf 86' lang='lat' dir='ltr'>vinculo,</span> <span class='ocrx_word' id='word_1_116' title='bbox 390 1270 537 1325; x_wconf 85' lang='lat' dir='ltr'>(prout</span> <span class='ocrx_word' id='word_1_117' title='bbox 578 1270 707 1312; x_wconf 81' lang='lat' dir='ltr'>honio</span> <span class='ocrx_word' id='word_1_118' title='bbox 752 1270 909 1311; x_wconf 88' lang='lat' dir='ltr'>animal</span> <span class='ocrx_word' id='word_1_119' title='bbox 952 1271 1016 1310; x_wconf 88' lang='lat' dir='ltr'>est</span> <span class='ocrx_word' id='word_1_120' title='bbox 1056 1268 1255 1311; x_wconf 73' lang='grc' dir='ltr'><em>πολιτικὸν</em></span> <span class='ocrx_word' id='word_1_121' title='bbox 1303 1268 1370 1309; x_wconf 60' lang='grc' dir='ltr'>καὶ</span> <span class='ocrx_word' id='word_1_122' title='bbox 1419 1264 1652 1322; x_wconf 47' lang='lat' dir='ltr'>mmmmm)</span> 
     </span>
     <span class='ocr_line' id='line_1_17' title="bbox 92 1338 1653 1395; baseline -0.004 -11"><span class='ocrx_word' id='word_1_123' title='bbox 92 1343 323 1395; x_wconf 82' lang='lat' dir='ltr'>conjunxit,</span> <span class='ocrx_word' id='word_1_124' title='bbox 353 1345 400 1384; x_wconf 92' lang='lat' dir='ltr'>ut</span> <span class='ocrx_word' id='word_1_125' title='bbox 427 1357 535 1384; x_wconf 91' lang='lat' dir='ltr'>unus</span> <span class='ocrx_word' id='word_1_126' title='bbox 564 1342 686 1384; x_wconf 89' lang='lat' dir='ltr'>alteri</span> <span class='ocrx_word' id='word_1_127' title='bbox 714 1342 1001 1384; x_wconf 83' lang='lat' dir='ltr'>auxiliatrices</span> <span class='ocrx_word' id='word_1_128' title='bbox 1027 1355 1177 1382; x_wconf 88' lang='lat' dir='ltr'>manus</span> <span class='ocrx_word' id='word_1_129' title='bbox 1202 1339 1437 1393; x_wconf 87' lang='lat' dir='ltr'>praeberet,</span> <span class='ocrx_word' id='word_1_130' title='bbox 1465 1338 1653 1390; x_wconf 85' lang='lat' dir='ltr'>adeoque</span> 
     </span>
     <span class='ocr_line' id='line_1_18' title="bbox 91 1410 1653 1467; baseline -0.004 -11"><span class='ocrx_word' id='word_1_131' title='bbox 91 1416 215 1456; x_wconf 85' lang='lat' dir='ltr'>unius</span> <span class='ocrx_word' id='word_1_132' title='bbox 259 1414 529 1465; x_wconf 87' lang='lat' dir='ltr'>abundantia,</span> <span class='ocrx_word' id='word_1_133' title='bbox 574 1414 737 1455; x_wconf 90' lang='lat' dir='ltr'>alienae</span> <span class='ocrx_word' id='word_1_134' title='bbox 779 1413 1041 1467; x_wconf 83' lang='lat' dir='ltr'>indigentiae</span> <span class='ocrx_word' id='word_1_135' title='bbox 1085 1413 1361 1463; x_wconf 88' lang='lat' dir='ltr'>succurreret,</span> <span class='ocrx_word' id='word_1_136' title='bbox 1404 1410 1475 1451; x_wconf 81' lang='lat' dir='ltr'>Es</span> <span class='ocrx_word' id='word_1_137' title='bbox 1513 1410 1577 1461; x_wconf 81' lang='lat'>58,</span> <span class='ocrx_word' id='word_1_138' title='bbox 1618 1410 1653 1450; x_wconf 80' lang='lat'>7.</span> 
     </span>
     <span class='ocr_line' id='line_1_19' title="bbox 91 1483 1654 1538; baseline -0.003 -11"><span class='ocrx_word' id='word_1_139' title='bbox 91 1487 115 1526; x_wconf 85' lang='lat'><strong>2</strong></span> <span class='ocrx_word' id='word_1_140' title='bbox 144 1485 237 1527; x_wconf 90' lang='lat' dir='ltr'>Cor.</span> <span class='ocrx_word' id='word_1_141' title='bbox 266 1485 302 1537; x_wconf 80' lang='lat'>8,</span> <span class='ocrx_word' id='word_1_142' title='bbox 328 1486 391 1526; x_wconf 84' lang='lat'>13.</span> <span class='ocrx_word' id='word_1_143' title='bbox 415 1485 479 1526; x_wconf 85' lang='lat'>14.</span> <span class='ocrx_word' id='word_1_144' title='bbox 508 1485 636 1538; x_wconf 89' lang='lat' dir='ltr'>idque</span> <span class='ocrx_word' id='word_1_145' title='bbox 666 1500 715 1527; x_wconf 92' lang='lat' dir='ltr'>eo</span> <span class='ocrx_word' id='word_1_146' title='bbox 743 1485 893 1538; x_wconf 87' lang='lat' dir='ltr'>magis,</span> <span class='ocrx_word' id='word_1_147' title='bbox 926 1484 1039 1536; x_wconf 86' lang='lat' dir='ltr'>quod</span> <span class='ocrx_word' id='word_1_148' title='bbox 1068 1483 1182 1524; x_wconf 89' lang='lat' dir='ltr'>Deus</span> <span class='ocrx_word' id='word_1_149' title='bbox 1208 1483 1451 1524; x_wconf 87' lang='lat' dir='ltr'>absolutum</span> <span class='ocrx_word' id='word_1_150' title='bbox 1477 1484 1518 1523; x_wconf 92' lang='lat' dir='ltr'>et</span> <span class='ocrx_word' id='word_1_151' title='bbox 1541 1496 1654 1522; x_wconf 89' lang='lat' dir='ltr'>sum-</span> 
     </span>
     <span class='ocr_line' id='line_1_20' title="bbox 91 1552 1655 1606; baseline -0.003 -9"><span class='ocrx_word' id='word_1_152' title='bbox 91 1571 208 1597; x_wconf 89' lang='lat' dir='ltr'>mum</span> <span class='ocrx_word' id='word_1_153' title='bbox 246 1555 479 1597; x_wconf 88' lang='lat' dir='ltr'>dominium</span> <span class='ocrx_word' id='word_1_154' title='bbox 517 1556 598 1597; x_wconf 88' lang='lat' dir='ltr'>sibi</span> <span class='ocrx_word' id='word_1_155' title='bbox 637 1570 867 1606; x_wconf 84' lang='lat' dir='ltr'>reservans,</span> <span class='ocrx_word' id='word_1_156' title='bbox 906 1554 975 1596; x_wconf 88' lang='lat' dir='ltr'>Ps.</span> <span class='ocrx_word' id='word_1_157' title='bbox 1020 1555 1084 1606; x_wconf 79' lang='grc'>24,</span> <span class='ocrx_word' id='word_1_158' title='bbox 1128 1555 1163 1595; x_wconf 92' lang='grc'><strong>1.</strong></span> <span class='ocrx_word' id='word_1_159' title='bbox 1194 1555 1214 1595; x_wconf 93' lang='grc'><strong>1</strong></span> <span class='ocrx_word' id='word_1_160' title='bbox 1247 1553 1340 1595; x_wconf 91' lang='lat' dir='ltr'>Cor.</span> <span class='ocrx_word' id='word_1_161' title='bbox 1371 1554 1433 1605; x_wconf 85' lang='lat'>10,</span> <span class='ocrx_word' id='word_1_162' title='bbox 1463 1553 1526 1594; x_wconf 83' lang='grc'><strong>26.</strong></span> <span class='ocrx_word' id='word_1_163' title='bbox 1550 1552 1655 1593; x_wconf 91' lang='lat' dir='ltr'>utile</span> 
     </span>
     <span class='ocr_line' id='line_1_21' title="bbox 91 1625 1656 1678; baseline -0.003 -9"><span class='ocrx_word' id='word_1_164' title='bbox 91 1643 192 1670; x_wconf 86' lang='lat' dir='ltr'>vero</span> <span class='ocrx_word' id='word_1_165' title='bbox 241 1627 362 1669; x_wconf 85' lang='lat' dir='ltr'>diviti</span> <span class='ocrx_word' id='word_1_166' title='bbox 409 1627 653 1678; x_wconf 84' lang='lat' dir='ltr'>concedens,</span> <span class='ocrx_word' id='word_1_167' title='bbox 703 1627 909 1668; x_wconf 88' lang='lat' dir='ltr'>donorum</span> <span class='ocrx_word' id='word_1_168' title='bbox 952 1640 1126 1668; x_wconf 89' lang='lat' dir='ltr'>suorum</span> <span class='ocrx_word' id='word_1_169' title='bbox 1163 1625 1281 1666; x_wconf 87' lang='lat' dir='ltr'>illum</span> <span class='ocrx_word' id='word_1_170' title='bbox 1320 1625 1656 1678; x_wconf 87' lang='lat' dir='ltr'>dispensatorem</span> 
     </span>
     <span class='ocr_line' id='line_1_22' title="bbox 93 1694 1655 1751; baseline -0.003 -11"><span class='ocrx_word' id='word_1_171' title='bbox 93 1699 374 1751; x_wconf 87' lang='lat' dir='ltr'>constituerit,</span> <span class='ocrx_word' id='word_1_172' title='bbox 404 1701 453 1740; x_wconf 91' lang='lat' dir='ltr'>ut</span> <span class='ocrx_word' id='word_1_173' title='bbox 480 1699 662 1740; x_wconf 90' lang='lat' dir='ltr'>fideliter</span> <span class='ocrx_word' id='word_1_174' title='bbox 691 1713 739 1740; x_wconf 88' lang='lat' dir='ltr'>ea</span> <span class='ocrx_word' id='word_1_175' title='bbox 769 1713 938 1751; x_wconf 89' lang='lat' dir='ltr'>quoque</span> <span class='ocrx_word' id='word_1_176' title='bbox 968 1696 1229 1751; x_wconf 85' lang='lat' dir='ltr'>pauperibus</span> <span class='ocrx_word' id='word_1_177' title='bbox 1254 1696 1531 1749; x_wconf 88' lang='lat' dir='ltr'>dispensaret,</span> <span class='ocrx_word' id='word_1_178' title='bbox 1555 1694 1655 1736; x_wconf 89' lang='lat' dir='ltr'>Luc.</span> 
     </span>
     <span class='ocr_line' id='line_1_23' title="bbox 94 1767 1656 1823; baseline -0.003 -11"><span class='ocrx_word' id='word_1_179' title='bbox 94 1772 156 1823; x_wconf 86' lang='lat'>16,</span> <span class='ocrx_word' id='word_1_180' title='bbox 195 1771 258 1812; x_wconf 89' lang='grc'>10.</span> <span class='ocrx_word' id='word_1_181' title='bbox 297 1771 359 1812; x_wconf 92' lang='grc'><strong>11.</strong></span> <span class='ocrx_word' id='word_1_182' title='bbox 398 1771 461 1812; x_wconf 90' lang='grc'>12.</span> <span class='ocrx_word' id='word_1_183' title='bbox 502 1769 624 1819; x_wconf 81' lang='lat' dir='ltr'>Quod</span> <span class='ocrx_word' id='word_1_184' title='bbox 653 1770 845 1823; x_wconf 83' lang='lat' dir='ltr'>quamvis</span> <span class='ocrx_word' id='word_1_185' title='bbox 877 1769 1081 1821; x_wconf 89' lang='lat' dir='ltr'>debitum,</span> <span class='ocrx_word' id='word_1_186' title='bbox 1113 1770 1160 1809; x_wconf 93' lang='lat' dir='ltr'>ut</span> <span class='ocrx_word' id='word_1_187' title='bbox 1189 1770 1310 1809; x_wconf 89' lang='lat' dir='ltr'>tanto</span> <span class='ocrx_word' id='word_1_188' title='bbox 1339 1767 1504 1809; x_wconf 88' lang='lat' dir='ltr'>fidelius</span> <span class='ocrx_word' id='word_1_189' title='bbox 1533 1781 1656 1819; x_wconf 86' lang='lat' dir='ltr'>prae-</span> 
     </span>
     <span class='ocr_line' id='line_1_24' title="bbox 94 1838 1657 1895; baseline -0.003 -12"><span class='ocrx_word' id='word_1_190' title='bbox 94 1843 289 1894; x_wconf 85' lang='lat' dir='ltr'>staretur,</span> <span class='ocrx_word' id='word_1_191' title='bbox 328 1841 632 1895; x_wconf 88' lang='lat' dir='ltr'>promissiones</span> <span class='ocrx_word' id='word_1_192' title='bbox 670 1840 787 1882; x_wconf 79' lang='lat' dir='ltr'>Deus</span> <span class='ocrx_word' id='word_1_193' title='bbox 828 1840 991 1882; x_wconf 88' lang='lat' dir='ltr'>addidit</span> <span class='ocrx_word' id='word_1_194' title='bbox 1023 1840 1190 1893; x_wconf 88' lang='lat' dir='ltr'>amplae</span> <span class='ocrx_word' id='word_1_195' title='bbox 1219 1838 1586 1889; x_wconf 87' lang='lat' dir='ltr'>remunerationis,</span> <span class='ocrx_word' id='word_1_196' title='bbox 1616 1840 1657 1878; x_wconf 88' lang='lat' dir='ltr'>et</span> 
     </span>
     <span class='ocr_line' id='line_1_25' title="bbox 93 1909 1657 1964; baseline -0.004 -9"><span class='ocrx_word' id='word_1_197' title='bbox 93 1913 369 1955; x_wconf 85' lang='lat' dir='ltr'>fenerationis</span> <span class='ocrx_word' id='word_1_198' title='bbox 407 1927 430 1953; x_wconf 87' lang='lat' dir='ltr'>a</span> <span class='ocrx_word' id='word_1_199' title='bbox 467 1912 667 1963; x_wconf 91' lang='lat' dir='ltr'>Domino,</span> <span class='ocrx_word' id='word_1_200' title='bbox 707 1911 832 1954; x_wconf 88' lang='lat' dir='ltr'>Prov.</span> <span class='ocrx_word' id='word_1_201' title='bbox 874 1912 937 1964; x_wconf 77' lang='lat'>19,</span> <span class='ocrx_word' id='word_1_202' title='bbox 968 1912 1030 1953; x_wconf 84' lang='lat'>17.</span> <span class='ocrx_word' id='word_1_203' title='bbox 1062 1913 1104 1953; x_wconf 92' lang='lat' dir='ltr'>et</span> <span class='ocrx_word' id='word_1_204' title='bbox 1134 1910 1319 1964; x_wconf 82' lang='lat' dir='ltr'>neglecti</span> <span class='ocrx_word' id='word_1_205' title='bbox 1348 1909 1479 1951; x_wconf 84' lang='lat' dir='ltr'>officii</span> <span class='ocrx_word' id='word_1_206' title='bbox 1508 1923 1657 1962; x_wconf 84' lang='lat' dir='ltr'>graves</span> 
     </span>
     <span class='ocr_line' id='line_1_26' title="bbox 95 1984 798 2037; baseline 0 -11"><span class='ocrx_word' id='word_1_207' title='bbox 95 1985 457 2037; x_wconf 88' lang='lat' dir='ltr'>comminationes,</span> <span class='ocrx_word' id='word_1_208' title='bbox 487 1984 612 2026; x_wconf 89' lang='lat' dir='ltr'>Prov.</span> <span class='ocrx_word' id='word_1_209' title='bbox 642 1984 706 2036; x_wconf 90' lang='grc'>21,</span> <span class='ocrx_word' id='word_1_210' title='bbox 735 1984 798 2026; x_wconf 85' lang='grc'><strong>13.</strong></span> 
     </span>
    </p>

    <p class='ocr_par' dir='ltr' id='par_1_5' title="bbox 96 2052 1661 2679">
     <span class='ocr_line' id='line_1_27' title="bbox 148 2052 1658 2107; baseline -0.003 -10"><span class='ocrx_word' id='word_1_211' title='bbox 148 2055 220 2097; x_wconf 90' lang='grc' dir='ltr'><strong>ΧΙ.</strong></span> <span class='ocrx_word' id='word_1_212' title='bbox 271 2056 448 2098; x_wconf 86' lang='lat' dir='ltr'>Accedit</span> <span class='ocrx_word' id='word_1_213' title='bbox 491 2056 543 2097; x_wconf 91' lang='lat' dir='ltr'>ad</span> <span class='ocrx_word' id='word_1_214' title='bbox 584 2058 761 2097; x_wconf 88' lang='lat' dir='ltr'>naturae</span> <span class='ocrx_word' id='word_1_215' title='bbox 805 2057 848 2096; x_wconf 92' lang='lat' dir='ltr'>et</span> <span class='ocrx_word' id='word_1_216' title='bbox 891 2054 1064 2107; x_wconf 87' lang='lat' dir='ltr'>politias</span> <span class='ocrx_word' id='word_1_217' title='bbox 1107 2053 1333 2105; x_wconf 88' lang='lat' dir='ltr'>vinculum,</span> <span class='ocrx_word' id='word_1_218' title='bbox 1377 2052 1658 2105; x_wconf 82' lang='lat' dir='ltr'>singulare</span> 
     </span>
     <span class='ocr_line' id='line_1_28' title="bbox 97 2123 1658 2180; baseline -0.002 -13"><span class='ocrx_word' id='word_1_219' title='bbox 97 2126 574 2169; x_wconf 83' lang='lat' dir='ltr'>Christianitatis:</span> <span class='ocrx_word' id='word_1_220' title='bbox 613 2142 696 2180; x_wconf 87' lang='lat' dir='ltr'>quo</span> <span class='ocrx_word' id='word_1_221' title='bbox 733 2127 878 2168; x_wconf 89' lang='lat' dir='ltr'>fideles</span> <span class='ocrx_word' id='word_1_222' title='bbox 918 2126 1088 2179; x_wconf 84' lang='lat' dir='ltr'>mystici</span> <span class='ocrx_word' id='word_1_223' title='bbox 1128 2125 1319 2178; x_wconf 85' lang='lat' dir='ltr'>corporis</span> <span class='ocrx_word' id='word_1_224' title='bbox 1348 2123 1551 2177; x_wconf 88' lang='lat' dir='ltr'>membra,</span> <span class='ocrx_word' id='word_1_225' title='bbox 1582 2124 1658 2165; x_wconf 87' lang='lat' dir='ltr'>sub</span> 
     </span>
     <span class='ocr_line' id='line_1_29' title="bbox 97 2197 1659 2253; baseline -0.003 -13"><span class='ocrx_word' id='word_1_226' title='bbox 97 2199 237 2252; x_wconf 90' lang='lat' dir='ltr'>capite</span> <span class='ocrx_word' id='word_1_227' title='bbox 276 2198 444 2240; x_wconf 87' lang='lat' dir='ltr'>Christo</span> <span class='ocrx_word' id='word_1_228' title='bbox 482 2198 527 2239; x_wconf 90' lang='lat' dir='ltr'>in</span> <span class='ocrx_word' id='word_1_229' title='bbox 565 2214 697 2240; x_wconf 92' lang='lat' dir='ltr'>unum</span> <span class='ocrx_word' id='word_1_230' title='bbox 734 2213 886 2253; x_wconf 84' lang='lat' dir='ltr'>corpus</span> <span class='ocrx_word' id='word_1_231' title='bbox 925 2198 1085 2249; x_wconf 86' lang='lat' dir='ltr'>sociati,</span> <span class='ocrx_word' id='word_1_232' title='bbox 1118 2197 1258 2239; x_wconf 87' lang='lat' dir='ltr'>Deum</span> <span class='ocrx_word' id='word_1_233' title='bbox 1284 2197 1443 2238; x_wconf 87' lang='lat' dir='ltr'>habent</span> <span class='ocrx_word' id='word_1_234' title='bbox 1472 2210 1659 2238; x_wconf 89' lang='lat' dir='ltr'>commu-</span> 
     </span>
     <span class='ocr_line' id='line_1_30' title="bbox 96 2268 1660 2323; baseline -0.002 -12"><span class='ocrx_word' id='word_1_235' title='bbox 96 2284 194 2312; x_wconf 88' lang='lat' dir='ltr'>nem</span> <span class='ocrx_word' id='word_1_236' title='bbox 231 2273 409 2323; x_wconf 86' lang='lat' dir='ltr'>patrem,</span> <span class='ocrx_word' id='word_1_237' title='bbox 438 2268 655 2311; x_wconf 83' lang='lat' dir='ltr'>Christum</span> <span class='ocrx_word' id='word_1_238' title='bbox 683 2269 765 2312; x_wconf 89' lang='lat' dir='ltr'>Dei</span> <span class='ocrx_word' id='word_1_239' title='bbox 793 2269 950 2311; x_wconf 86' lang='lat' dir='ltr'>Filium</span> <span class='ocrx_word' id='word_1_240' title='bbox 978 2268 1312 2323; x_wconf 87' lang='lat' dir='ltr'>primogenitum</span> <span class='ocrx_word' id='word_1_241' title='bbox 1341 2268 1530 2319; x_wconf 85' lang='lat' dir='ltr'>fratrem,</span> <span class='ocrx_word' id='word_1_242' title='bbox 1560 2282 1607 2308; x_wconf 91' lang='lat' dir='ltr'>ac</span> <span class='ocrx_word' id='word_1_243' title='bbox 1637 2282 1660 2308; x_wconf 87' lang='lat' dir='ltr'>a</span> 
     </span>
     <span class='ocr_line' id='line_1_31' title="bbox 97 2338 1657 2394; baseline -0.002 -12"><span class='ocrx_word' id='word_1_244' title='bbox 97 2340 189 2382; x_wconf 90' lang='lat' dir='ltr'>Deo</span> <span class='ocrx_word' id='word_1_245' title='bbox 219 2341 413 2394; x_wconf 89' lang='lat' dir='ltr'>adoptati</span> <span class='ocrx_word' id='word_1_246' title='bbox 442 2341 486 2382; x_wconf 94' lang='lat' dir='ltr'>in</span> <span class='ocrx_word' id='word_1_247' title='bbox 514 2340 637 2393; x_wconf 86' lang='lat' dir='ltr'>filios,</span> <span class='ocrx_word' id='word_1_248' title='bbox 669 2341 907 2394; x_wconf 90' lang='lat' dir='ltr'>spirituque</span> <span class='ocrx_word' id='word_1_249' title='bbox 938 2341 1026 2393; x_wconf 88' lang='lat' dir='ltr'>ejus</span> <span class='ocrx_word' id='word_1_250' title='bbox 1056 2339 1249 2393; x_wconf 88' lang='lat' dir='ltr'>regeniti,</span> <span class='ocrx_word' id='word_1_251' title='bbox 1280 2340 1392 2381; x_wconf 91' lang='lat' dir='ltr'>inter</span> <span class='ocrx_word' id='word_1_252' title='bbox 1421 2353 1464 2380; x_wconf 86' lang='lat' dir='ltr'>se</span> <span class='ocrx_word' id='word_1_253' title='bbox 1493 2338 1657 2390; x_wconf 85' lang='lat' dir='ltr'>fratres,</span> 
     </span>
     <span class='ocr_line' id='line_1_32' title="bbox 99 2410 1660 2465; baseline -0.003 -11"><span class='ocrx_word' id='word_1_254' title='bbox 99 2428 148 2454; x_wconf 89' lang='lat' dir='ltr'>ac</span> <span class='ocrx_word' id='word_1_255' title='bbox 184 2412 471 2455; x_wconf 87' lang='lat' dir='ltr'>universitatis</span> <span class='ocrx_word' id='word_1_256' title='bbox 509 2427 585 2465; x_wconf 88' lang='lat' dir='ltr'>per</span> <span class='ocrx_word' id='word_1_257' title='bbox 623 2411 838 2454; x_wconf 82' lang='lat' dir='ltr'>Christum</span> <span class='ocrx_word' id='word_1_258' title='bbox 874 2411 1107 2453; x_wconf 90' lang='lat' dir='ltr'>redduntur</span> <span class='ocrx_word' id='word_1_259' title='bbox 1143 2411 1359 2462; x_wconf 86' lang='lat' dir='ltr'>haeredes,</span> <span class='ocrx_word' id='word_1_260' title='bbox 1390 2424 1473 2462; x_wconf 90' lang='lat' dir='ltr'>quo</span> <span class='ocrx_word' id='word_1_261' title='bbox 1504 2410 1660 2451; x_wconf 88' lang='lat' dir='ltr'>arctius</span> 
     </span>
     <span class='ocr_line' id='line_1_33' title="bbox 99 2480 1661 2538; baseline -0.003 -13"><span class='ocrx_word' id='word_1_262' title='bbox 99 2484 152 2526; x_wconf 89' lang='lat' dir='ltr'>ad</span> <span class='ocrx_word' id='word_1_263' title='bbox 202 2484 416 2538; x_wconf 87' lang='lat' dir='ltr'>singulare</span> <span class='ocrx_word' id='word_1_264' title='bbox 469 2483 765 2536; x_wconf 87' lang='lat' dir='ltr'>opitulationis</span> <span class='ocrx_word' id='word_1_265' title='bbox 818 2483 1008 2525; x_wconf 87' lang='lat' dir='ltr'>debitum</span> <span class='ocrx_word' id='word_1_266' title='bbox 1061 2482 1400 2536; x_wconf 85' lang='lat' dir='ltr'>obstringuntur.</span> <span class='ocrx_word' id='word_1_267' title='bbox 1454 2480 1577 2523; x_wconf 90' lang='lat' dir='ltr'>Unde</span> <span class='ocrx_word' id='word_1_268' title='bbox 1620 2484 1661 2522; x_wconf 89' lang='lat' dir='ltr'>et</span> 
     </span>
     <span class='ocr_line' id='line_1_34' title="bbox 100 2552 1660 2609; baseline -0.003 -11"><span class='ocrx_word' id='word_1_269' title='bbox 100 2556 291 2598; x_wconf 83' lang='lat' dir='ltr'>Christus</span> <span class='ocrx_word' id='word_1_270' title='bbox 320 2555 401 2597; x_wconf 89' lang='lat' dir='ltr'>sibi</span> <span class='ocrx_word' id='word_1_271' title='bbox 429 2556 694 2597; x_wconf 89' lang='lat' dir='ltr'>contestatur</span> <span class='ocrx_word' id='word_1_272' title='bbox 723 2554 816 2596; x_wconf 88' lang='lat' dir='ltr'>fieri</span> <span class='ocrx_word' id='word_1_273' title='bbox 846 2554 959 2607; x_wconf 91' lang='lat' dir='ltr'>quod</span> <span class='ocrx_word' id='word_1_274' title='bbox 986 2553 1245 2609; x_wconf 87' lang='lat' dir='ltr'>pauperibus</span> <span class='ocrx_word' id='word_1_275' title='bbox 1275 2553 1359 2594; x_wconf 90' lang='lat' dir='ltr'>suis</span> <span class='ocrx_word' id='word_1_276' title='bbox 1387 2552 1660 2605; x_wconf 87' lang='lat' dir='ltr'>impenditur,</span> 
     </span>
     <span class='ocr_line' id='line_1_35' title="bbox 99 2625 411 2679; baseline -0.003 -10"><span class='ocrx_word' id='word_1_277' title='bbox 99 2625 224 2669; x_wconf 88' lang='lat' dir='ltr'>Matt.</span> <span class='ocrx_word' id='word_1_278' title='bbox 253 2627 316 2679; x_wconf 83' lang='lat'>25,</span> <span class='ocrx_word' id='word_1_279' title='bbox 346 2627 411 2668; x_wconf 85' lang='lat'>40.</span> 
     </span>
    </p>

    <p class='ocr_par' dir='ltr' id='par_1_6' title="bbox 98 2696 1662 2967">
     <span class='ocr_line' id='line_1_36' title="bbox 153 2696 1661 2751; baseline -0.003 -11"><span class='ocrx_word' id='word_1_280' title='bbox 153 2697 250 2740; x_wconf 86' lang='lat' dir='ltr'>XII.</span> <span class='ocrx_word' id='word_1_281' title='bbox 278 2697 386 2741; x_wconf 82' lang='lat' dir='ltr'>Sunt</span> <span class='ocrx_word' id='word_1_282' title='bbox 413 2712 542 2751; x_wconf 90' lang='lat' dir='ltr'>porro</span> <span class='ocrx_word' id='word_1_283' title='bbox 570 2696 641 2739; x_wconf 90' lang='lat' dir='ltr'>hic</span> <span class='ocrx_word' id='word_1_284' title='bbox 668 2697 721 2738; x_wconf 89' lang='lat' dir='ltr'>ad</span> <span class='ocrx_word' id='word_1_285' title='bbox 749 2697 982 2750; x_wconf 90' lang='lat' dir='ltr'>pleniorem</span> <span class='ocrx_word' id='word_1_286' title='bbox 1009 2697 1319 2749; x_wconf 87' lang='lat' dir='ltr'>Eleemosynae</span> <span class='ocrx_word' id='word_1_287' title='bbox 1347 2696 1661 2747; x_wconf 87' lang='lat' dir='ltr'>tractationem,</span> 
     </span>
     <span class='ocr_line' id='line_1_37' title="bbox 103 2766 1662 2822; baseline -0.002 -11"><span class='ocrx_word' id='word_1_288' title='bbox 103 2770 418 2821; x_wconf 89' lang='lat' dir='ltr'>consideranda,</span> <span class='ocrx_word' id='word_1_289' title='bbox 449 2769 740 2821; x_wconf 88' lang='lat' dir='ltr'>Personae,</span> <span class='ocrx_word' id='word_1_290' title='bbox 772 2767 874 2817; x_wconf 83' lang='lat' dir='ltr'>Quis</span> <span class='ocrx_word' id='word_1_291' title='bbox 903 2771 945 2810; x_wconf 91' lang='lat' dir='ltr'>et</span> <span class='ocrx_word' id='word_1_292' title='bbox 974 2768 1148 2822; x_wconf 81' lang='lat' dir='ltr'>quibus3</span> <span class='ocrx_word' id='word_1_293' title='bbox 1178 2767 1301 2820; x_wconf 83' lang='lat' dir='ltr'>Res,</span> <span class='ocrx_word' id='word_1_294' title='bbox 1329 2766 1439 2815; x_wconf 80' lang='lat' dir='ltr'>Quid</span> <span class='ocrx_word' id='word_1_295' title='bbox 1463 2770 1504 2808; x_wconf 89' lang='lat' dir='ltr'>et</span> <span class='ocrx_word' id='word_1_296' title='bbox 1530 2782 1662 2819; x_wconf 88' lang='lat' dir='ltr'>quan-</span> 
     </span>
     <span class='ocr_line' id='line_1_38' title="bbox 101 2837 1662 2891; baseline -0.003 -8"><span class='ocrx_word' id='word_1_297' title='bbox 101 2843 196 2883; x_wconf 90' lang='lat' dir='ltr'>tum</span> <span class='ocrx_word' id='word_1_298' title='bbox 232 2841 288 2882; x_wconf 89' lang='lat' dir='ltr'>sit</span> <span class='ocrx_word' id='word_1_299' title='bbox 323 2839 739 2891; x_wconf 81' lang='lat' dir='ltr'>communicandum3</span> <span class='ocrx_word' id='word_1_300' title='bbox 778 2838 1087 2881; x_wconf 90' lang='lat' dir='ltr'>Communio</span> <span class='ocrx_word' id='word_1_301' title='bbox 1128 2839 1301 2891; x_wconf 86' lang='lat' dir='ltr'>ejusque</span> <span class='ocrx_word' id='word_1_302' title='bbox 1339 2837 1548 2891; x_wconf 89' lang='lat' dir='ltr'>Modus,</span> <span class='ocrx_word' id='word_1_303' title='bbox 1581 2839 1662 2880; x_wconf 89' lang='lat' dir='ltr'>ad-</span> 
     </span>
     <span class='ocr_line' id='line_1_39' title="bbox 98 2911 736 2967; baseline -0.005 -12"><span class='ocrx_word' id='word_1_304' title='bbox 98 2913 402 2966; x_wconf 86' lang='lat' dir='ltr'>junctaque</span> <span class='ocrx_word' id='word_1_305' title='bbox 428 2911 736 2967; x_wconf 88' lang='lat' dir='ltr'>promissio.</span> 
     </span>
    </p>

    <p class='ocr_par' dir='ltr' id='par_1_7' title="bbox 157 2980 1664 3038">
     <span class='ocr_line' id='line_1_40' title="bbox 157 2980 1664 3038; baseline -0.004 -11"><span class='ocrx_word' id='word_1_306' title='bbox 157 2984 272 3027; x_wconf 91' lang='lat' dir='ltr'>XIII.</span> <span class='ocrx_word' id='word_1_307' title='bbox 312 2984 460 3034; x_wconf 81' lang='lat' dir='ltr'>Quoad</span> <span class='ocrx_word' id='word_1_308' title='bbox 497 2983 783 3038; x_wconf 86' lang='lat' dir='ltr'>personam</span> <span class='ocrx_word' id='word_1_309' title='bbox 823 2984 1160 3036; x_wconf 86' lang='lat' dir='ltr'>erogantem,</span> <span class='ocrx_word' id='word_1_310' title='bbox 1203 2983 1267 3023; x_wconf 89' lang='lat' dir='ltr'>est</span> <span class='ocrx_word' id='word_1_311' title='bbox 1305 2980 1410 3023; x_wconf 88' lang='lat' dir='ltr'>haec</span> <span class='ocrx_word' id='word_1_312' title='bbox 1448 2981 1582 3023; x_wconf 84' lang='lat' dir='ltr'>virtus</span> <span class='ocrx_word' id='word_1_313' title='bbox 1623 2983 1664 3022; x_wconf 87' lang='lat' dir='ltr'>et</span> 
     </span>
    </p>
   </div>
  </div>
 </body>
</html>
