1931 3224
274 167 348 206 100
874 158 1114 201 D1sru‘rAT1o
1142 155 1237 197 XII.

271 292 408 329 tarum
438 299 576 326 rerum
605 285 752 325 saltem
781 282 1035 324 universales
1063 281 1177 323 ideas
1206 294 1229 320 a
1257 278 1349 319 Deo
1372 277 1564 330 ipsorum
1588 275 1823 316 intellectui

273 375 294 400 a
336 359 472 411 primo
511 359 606 398 ortu
643 355 769 396 fuisse
798 355 988 404 insertas,
1019 367 1068 394 ex
1099 365 1276 404 quarum
1305 349 1357 390 ad
1386 362 1452 389 res
1481 348 1718 401 singulares
1747 361 1822 400 ap-

271 430 510 483 plicatione,
544 427 854 469 individuorum
883 437 1052 476 quoque
1078 422 1246 473 notitia,
1275 422 1434 473 quanta
1461 420 1514 462 ad
1542 418 1727 461 muneris
1756 418 1823 460 cui

271 501 536 550 adhibentur,
568 498 878 541 exsecutionem
907 497 970 537 est
998 493 1243 544 necessaria,
1272 492 1316 533 in
1343 492 1395 533 iis
1426 491 1604 534 exsistit.

323 569 479 612 XVIII.
522 570 584 611 De
628 568 869 622 cognitione
907 580 1014 618 quae
1048 580 1123 620 per
1159 579 1304 606 sensus
1344 566 1418 605 aut
1453 563 1824 607 ratiocinationem

271 644 329 694 fit,
375 641 585 683 difficilior
627 644 689 682 est
733 639 936 692 quaestio.
980 637 1075 679 Etsi
1112 652 1211 678 vero
1250 651 1327 678 nec
1365 650 1510 678 sensus
1548 636 1713 678 externi
1748 650 1824 678 nec

270 714 537 755 ratiocinatio
576 712 747 766 proprie
784 712 895 752 dicta
934 709 1015 750 illis
1045 708 1278 760 conveniat,
1311 723 1405 749 cum
1435 707 1607 760 organis
1638 707 1824 749 externis

269 789 309 826 et
361 785 535 825 internis
578 784 758 833 careant,
802 796 888 823 non
932 783 994 822 est
1036 783 1178 822 tamen
1219 776 1472 832 negandum,
1518 778 1621 831 quin
1663 778 1823 832 species

269 871 409 896 rerum
446 855 673 895 multarum
703 853 961 894 extrinsecus
991 851 1043 892 ab
1073 851 1156 892 illis
1185 850 1457 903 recipiantur,
1489 865 1572 902 qua
1603 850 1824 891 scientiam

269 925 639 980 experimentalem
677 925 911 977 acquirant,
950 925 991 964 et
1030 937 1079 964 ex
1118 922 1252 978 signis
1291 924 1332 963 et
1370 920 1530 963 effectis
1561 936 1718 974 causas,
1749 924 1824 963 aut

271 1014 319 1040 ex
363 998 496 1039 causis
540 999 581 1038 et
623 996 755 1049 signis
797 997 955 1046 eventa,
1001 1009 1107 1047 quae
1150 995 1275 1035 antea
1313 993 1418 1047 ipsis
1454 993 1623 1035 fuerant
1659 993 1821 1047 ignota,

272 1069 537 1112 eminentiori
575 1067 673 1109 licet
710 1067 848 1118 modo,
879 1065 1103 1118 colligant3
1136 1064 1493 1117 quemadmodum
1522 1063 1681 1106 Paulus
1710 1064 1822 1118 Eph.

270 1142 305 1192 3,
338 1141 398 1181 10.
428 1142 622 1191 testatur,
651 1154 786 1180 nunc
815 1138 1167 1179 innotescere
1196 1136 1619 1190 Principatibus
1648 1151 1705 1178 ac
1733 1135 1823 1178 Po-

268 1212 575 1253 testatibus
614 1211 666 1252 in
702 1210 853 1251 coelo
892 1224 986 1262 per
1023 1208 1327 1251 Ecclesiam
1365 1207 1642 1251 πολυποίκιλον
1670 1207 1823 1249 illam

269 1283 366 1324 Dei
419 1282 773 1335 sapientiam3
827 1281 939 1334 quod
976 1281 1087 1322 idem
1126 1295 1175 1322 ex
1215 1279 1480 1334 Angelorum
1519 1280 1744 1333 colloquiis
1782 1281 1824 1322 et

270 1355 506 1396 actionibus
540 1355 645 1406 aliis,
676 1369 782 1407 quae
809 1354 931 1395 nobis
959 1353 1002 1394 111
1032 1352 1160 1396 Sacra
1189 1351 1408 1408 Scriptura
1436 1354 1822 1406 repraesentantur,

269 1426 432 1467 abunde
462 1440 628 1478 quoque
656 1426 802 1478 liquet.

320 1497 432 1538 XIX.
470 1497 534 1538 De
571 1497 695 1538 modo
734 1497 806 1538 illo
844 1496 1007 1548 ultimo,
1049 1496 1121 1548 qui
1151 1511 1228 1550 per
1255 1495 1634 1538 extraordinariam
1663 1495 1823 1537 revela-

268 1570 426 1611 tionem
463 1570 523 1621 fit,
554 1584 618 1610 res
647 1569 759 1610 clara
788 1570 850 1609 est
879 1567 923 1609 in
952 1567 1189 1622 prophetiis
1219 1567 1361 1609 sacris.
1390 1566 1522 1608 Nam
1549 1581 1699 1608 nemo
1727 1580 1822 1607 nec

268 1641 319 1681 in
362 1640 535 1691 coelo,
575 1654 669 1681 nec
706 1639 760 1680 in
797 1642 965 1691 terra,
1004 1654 1098 1680 nec
1136 1639 1325 1680 subter
1363 1641 1585 1691 terram,
1623 1638 1823 1680 librum

267 1712 421 1753 illum
458 1711 621 1752 divinae
659 1711 951 1764 providentiae
989 1713 1195 1764 septem
1233 1710 1445 1764 sigillis
1474 1711 1527 1752 ad
1554 1710 1661 1753 illud
1689 1725 1823 1763 usque

268 1786 435 1835 tempus
488 1782 856 1835 obsignatum,
902 1782 1117 1836 aperire
1163 1784 1254 1824 aut
1294 1781 1571 1836 inspicere
1612 1781 1820 1835 potuit,

269 1853 376 1894 nisi
416 1852 514 1894 Leo
552 1852 646 1894 ille
686 1868 744 1894 ex
771 1853 923 1894 tribu
960 1853 1152 1904 Judae3
1183 1869 1207 1895 a
1239 1868 1324 1906 quo
1355 1853 1504 1896 deinde
1532 1853 1724 1907 Angelus
1754 1852 1828 1894 illa

271 1925 433 1977 accepit
462 1926 503 1965 et
530 1923 609 1965 Dei
639 1924 767 1966 servis
796 1925 1008 1978 revelavit,
1039 1924 1175 1978 Apoc.
1208 1926 1243 1977 1,
1275 1926 1310 1967 1.
1341 1928 1383 1968 et
1411 1926 1448 1978 5,
1478 1925 1515 1967 5.

322 1995 414 2036 XX.
457 1996 524 2036 An
567 1997 708 2037 autem
747 1997 887 2038 omnia
926 2012 1032 2050 quae
1070 2000 1240 2049 norunt,
1279 2012 1444 2051 semper
1481 1999 1579 2039 actu
1615 1996 1702 2039 illis
1742 1997 1827 2038 sint

271 2066 519 2119 praesentia,
559 2081 612 2107 an
651 2081 747 2108 vero
787 2082 930 2109 eorum
967 2068 1208 2110 intellectus
1245 2068 1290 2109 in
1326 2067 1543 2110 nonnullis
1573 2082 1743 2121 quoque
1772 2068 1827 2109 sit

270 2137 313 2177 in
351 2137 555 2190 potentia,
596 2138 760 2180 curiosa
798 2140 939 2194 potius
978 2143 1040 2182 est
1079 2156 1208 2193 quam
1243 2141 1360 2182 utilis
1398 2141 1603 2194 quaestio.
1629 2139 1721 2183 Nos
1747 2139 1826 2181 soli

271 2208 360 2249 Deo
400 2209 479 2250 hoc
518 2210 786 2263 privilegium
822 2212 1082 2265 ascribimus,
1122 2213 1235 2266 quod
1264 2227 1397 2266 purus
1426 2213 1481 2254 sit
1511 2215 1652 2263 actus3
1680 2211 1827 2264 Ange-

270 2279 407 2321 lorum
452 2281 683 2322 intellectui
719 2284 862 2324 tamen
900 2298 1065 2338 semper
1103 2300 1150 2326 ea
1189 2287 1287 2326 actu
1324 2285 1567 2338 praesentia
1605 2283 1824 2336 credimus,

270 2352 314 2392 in
343 2351 493 2403 quibus
520 2352 711 2405 ipsorum
738 2353 957 2397 beatitudo
987 2371 1063 2408 per
1093 2371 1136 2398 se
1165 2357 1371 2409 consistit,
1402 2358 1476 2398 aut
1505 2370 1613 2409 quae
1640 2354 1826 2397 muneris

271 2437 294 2462 a
322 2421 412 2463 Deo
442 2422 545 2476 ipsis
575 2423 764 2476 impositi
793 2425 1002 2468 rationem
1031 2429 1237 2480 spectant.

322 2491 435 2533 XXI.
473 2493 538 2534 Ex
577 2494 729 2546 quibus
770 2496 964 2538 omnibus
1001 2497 1145 2550 liquet,
1184 2513 1385 2552 magnam
1424 2498 1594 2551 quidem
1624 2512 1713 2539 esse
1741 2496 1827 2538 An-

271 2563 462 2615 gelorum
509 2565 773 2617 sapientiam,
812 2581 897 2608 non
935 2570 1077 2610 tamen
1116 2569 1340 2623 infinitam,
1379 2570 1480 2623 quia
1517 2569 1638 2611 finita
1673 2570 1826 2610 natura

271 2634 423 2675 infiniti
453 2650 586 2688 capax
614 2651 699 2678 non
730 2639 814 2688 est3
845 2652 921 2680 nec
953 2654 1122 2692 quoque
1154 2641 1343 2684 omnium
1373 2656 1515 2683 rerum
1544 2642 1585 2682 et
1609 2639 1827 2681 actionum

272 2720 376 2755 quae
420 2706 463 2746 in
505 2708 659 2749 inundo
698 2708 962 2762 contingunt,
1003 2726 1132 2764 quum
1168 2712 1251 2755 hoc
1290 2713 1339 2755 de
1377 2712 1470 2755 Deo
1508 2715 1729 2765 tamquam
1764 2710 1827 2752 illi

272 2776 491 2828 proprium
529 2779 743 2830 praedicet
782 2779 1013 2834 Scriptura,
1053 2784 1194 2835 quod
1231 2785 1380 2826 nulla
1417 2799 1502 2826 res
1540 2785 1725 2825 creata
1754 2782 1827 2823 sit

274 2846 488 2888 occulta
526 2848 576 2889 111
618 2853 911 2905 conspectu
950 2853 1086 2905 ejus,
1125 2855 1198 2896 sed
1237 2856 1415 2897 omnia
1449 2855 1590 2897 nuda
1627 2854 1738 2896 sint
1776 2853 1827 2895 et

273 2919 460 2970 aperta
491 2933 664 2961 coram
695 2921 871 2963 oculis
901 2923 1038 2975 ejus,
1068 2923 1199 2966 Hebr.
1227 2925 1358 2977 4,13.

325 2987 458 3029 ΧΧΙΙ.
510 2988 647 3031 Multo
694 2992 832 3033 minus
875 2993 962 3035 illis
1004 2994 1232 3037 tribuimus
1273 2997 1473 3038 notitiam
1517 2996 1827 3050 cogitationum
