1931 3224
600 74 664 116 DE
693 73 953 118 SAORAMENTO
982 73 1189 116 Bimsm.
1585 75 1662 115 491

105 199 186 240 etsi
213 199 258 241 in
285 198 499 241 nonnullis
528 199 855 241 circumstantiis
884 198 1066 240 varietas
1096 199 1240 251 aliqua
1268 197 1485 240 observari
1514 197 1661 251 possit.

157 269 230 312 IX.
270 270 467 312 Varietas
505 271 722 312 observari
750 273 894 323 potest
923 271 968 311 in
997 285 1058 322 eo,
1090 270 1202 322 quod
1232 270 1381 311 stricta
1408 269 1482 310 illa
1509 268 1659 320 forma,

104 343 148 383 in
172 342 342 384 nomine
367 342 520 394 Patris,
546 342 644 383 Filii
669 345 711 383 613
736 341 921 394 Spiritus
946 340 1103 393 Sancti,
1127 356 1212 382 non
1236 341 1404 394 legatur
1429 340 1664 391 observata,

105 413 140 454 si
177 415 221 458 τὸ
253 414 360 465 ῥητὸν
387 416 574 466 spectes;
600 413 680 454 etsi
703 427 789 454 non
813 413 868 454 sit
884 413 1070 464 dubium,
1088 412 1190 464 quin
1205 411 1233 453 ]
1237 412 1424 453 ohannes
1439 410 1664 464 Baptismo

105 500 180 528 suo
210 485 500 538 obsignaverit
529 485 767 526 doctrinam
795 485 925 535 illam,
956 499 1063 536 quae
1092 483 1245 535 Patris,
1276 482 1388 534 Filii,
1413 485 1454 524 et
1478 481 1664 535 Spiritus

106 557 252 599 Sancti
288 556 463 597 eandem
502 556 780 607 divinitatem,
811 558 851 597 et
883 555 1040 596 Christi
1071 553 1331 607 θεκνθρώπου
1364 553 1551 595 officium
1580 553 1664 594 dis·
1726 540 1728 542 Υ

105 628 279 670 tinctius
319 627 568 680 explicavit:
609 627 733 668 sicuti
773 642 823 668 ex
860 627 983 668 Matt.
1021 627 1058 667 3.
1097 627 1200 667 item
1235 625 1333 668 Joh.
1373 626 1408 666 1.
1449 627 1490 666 et
1528 625 1564 666 3.
1594 623 1667 665 ubi

106 700 357 742 concionum
386 700 474 751 ejus
504 713 667 740 summa
696 698 950 750 continetur,
981 698 1253 739 manifestum
1284 698 1358 738 est.

158 770 210 812 X.
249 771 425 823 Deinde,
466 771 578 824 quod
611 770 638 812 J
642 770 828 812 ohannes
856 770 1114 823 baptizando
1143 769 1371 824 praecepit,
1400 771 1449 810 ut
1478 769 1667 810 crederet

105 843 149 883 in
186 841 400 884 Christum
439 842 512 895 qui
549 844 749 884 venturus
790 844 893 893 erat,
934 844 974 883 et
1003 856 1109 894 opus
1147 841 1452 894 redemptionis
1493 842 1665 882 nostrae

106 914 408 967 completurus,
437 913 533 955 Act.
559 914 621 964 19,
651 914 688 954 4.
719 928 850 966 quum
877 928 955 954 nos
979 913 1241 967 baptizemus
1265 913 1309 953 in
1335 927 1429 954 eum
1456 912 1529 964 qui
1553 926 1666 953 mor-

106 987 203 1026 tuus
242 988 318 1037 est,
356 987 404 1026 ut
438 1000 516 1026 nos
556 999 650 1026 cum
688 1000 736 1026 eo
775 985 963 1037 peccatis
1001 984 1244 1034 moriamur,
1276 986 1317 1025 et
1346 983 1589 1035 resurrexit,
1618 985 1666 1024 ut

105 1071 183 1097 nos
211 1056 256 1097 in
283 1071 437 1097 novam
464 1056 598 1097 vitam
627 1070 769 1097 secum
798 1055 1041 1104 suscitaret;
1073 1054 1199 1096 sicuti
1226 1054 1385 1095 Paulus
1413 1054 1456 1095 id
1486 1053 1668 1106 explicat

105 1128 228 1170 Rom.
259 1129 294 1169 6.
324 1143 360 1168 v.
392 1129 427 1169 2.
460 1130 501 1169 613
531 1127 739 1180 deinceps.

158 1199 231 1241 XI.
270 1200 475 1252 Alioquin
513 1199 659 1241 eadem
687 1198 845 1240 Christi
874 1198 1078 1240 beneficia
1107 1198 1151 1238 in
1179 1200 1362 1250 utroque
1390 1196 1561 1238 fuerunt
1593 1196 1668 1237 ob-

107 1274 296 1326 signata3
324 1287 423 1314 nam
454 1273 563 1314 sicut
592 1271 840 1325 Baptismus
870 1270 897 1312 J
901 1270 1080 1312 ohannis
1111 1272 1200 1311 erat
1232 1268 1476 1322 Baptismus
1501 1267 1669 1321 resipis-

108 1344 270 1386 centiae
309 1347 350 1385 et
387 1344 647 1385 remissionis
685 1345 971 1396 peccatorum,
1011 1341 1143 1383 Marc.
1183 1342 1218 1391 1,
1256 1341 1293 1381 4.
1323 1340 1418 1382 Act.
1449 1341 1512 1391 19,
1541 1339 1578 1381 4.
1608 1340 1670 1380 ita

107 1418 149 1457 et
177 1418 323 1458 noster
350 1415 597 1469 Baptismus
627 1415 828 1468 obsignat
857 1414 1150 1456 remissionem
1174 1414 1458 1466 peccatorum,
1486 1413 1527 1453 et
1549 1425 1670 1464 rege-

106 1486 340 1528 nerationis
370 1487 539 1538 donum,
568 1489 616 1527 ut
645 1488 795 1539 postea
824 1486 950 1527 latius
979 1484 1245 1538 probabitur.

160 1557 254 1599 XII.
295 1556 460 1599 Causa
499 1557 825 1598 administra
862 1556 1076 1610 Baptismi
1115 1558 1177 1597 est
1208 1555 1322 1596 solus
1352 1553 1567 1596 Ecclesiae
1598 1553 1670 1595 ad-

106 1628 302 1670 minister
341 1643 414 1669 seu
442 1627 609 1679 Pastor,
641 1627 997 1681 quemadmodum
1026 1627 1168 1668 omnia
1198 1625 1406 1678 exempla,
1438 1639 1545 1677 quae
1574 1626 1667 1665 toto

106 1699 232 1741 Novo
273 1699 546 1741 Testamento
577 1701 756 1750 exstant,
788 1698 1002 1740 evidenter
1031 1698 1240 1749 evincunt,
1273 1699 1314 1738 et
1341 1696 1482 1750 ipsum
1512 1694 1670 1736 Christi

107 1774 394 1825 praeceptum,
433 1771 556 1812 Matt.
596 1771 658 1823 28,
699 1771 759 1812 19.
804 1769 1011 1811 Docete
1051 1783 1232 1811 omnes
1272 1770 1465 1821 gentes
1494 1765 1671 1819 bapti-

107 1845 293 1884 zantes
338 1856 446 1891 eos,
489 1844 565 1883 etc.
608 1840 722 1882 Nam
766 1842 891 1883 sicuti
933 1841 1183 1894 Principum
1225 1839 1378 1892 sigilla,
1423 1837 1671 1890 Principum

109 1912 415 1966 diplomatibus
454 1913 640 1966 appendi
675 1927 762 1954 non
801 1913 950 1965 solent,
980 1912 1061 1953 nisi
1094 1912 1145 1953 ab
1176 1912 1239 1961 iis,
1272 1911 1344 1963 qui
1372 1909 1544 1963 publica
1575 1923 1672 1950 auc-

107 1985 283 2026 toritate
308 1985 360 2026 ad
375 1985 457 2027 hoc
472 1987 571 2026 sunt
600 1984 819 2034 instructi;
836 1984 897 2025 ita
914 1984 1152 2025 doctrinam
1167 1982 1392 2035 Evangelii
1408 1981 1489 2022 Dei
1504 1980 1671 2034 publice

109 2056 408 2098 annunciatam
423 2071 547 2098 nemo
564 2055 848 2098 Sacramentis
865 2055 1113 2097 confirmare
1128 2054 1318 2107 legitime
1333 2055 1489 2106 potest,
1505 2051 1588 2093 nisi
1600 2051 1673 2104 qui

107 2128 331 2170 vocatione
368 2128 576 2181 singulari
615 2129 666 2169 ad
704 2127 809 2169 haec
838 2129 1014 2169 vocatus
1044 2129 1085 2168 et
1114 2127 1345 2167 instructus
1375 2126 1449 2166 est.
1479 2122 1603 2165 Unde
1632 2125 1673 2164 et

108 2199 344 2241 Praecones
373 2199 465 2251 Dei,
498 2202 539 2241 et
567 2199 718 2252 Legati
747 2214 795 2240 ac
824 2198 1012 2240 Ministri
1038 2197 1208 2249 Christi,
1233 2197 1337 2238 item
1359 2196 1673 2249 dispensatores

109 2270 410 2323 mysteriorum
434 2270 515 2312 Dei
540 2270 815 2323 peculiariter
838 2272 1057 2321 vocantur,
1085 2270 1106 2310 1
1132 2268 1225 2310 Cor.
1251 2268 1288 2319 4,
1317 2269 1351 2309 1.
1377 2268 1400 2308 2
1427 2266 1520 2308 Cor.
1548 2266 1584 2317 5,
1609 2266 1672 2306 20.

163 2339 280 2382 XIII.
311 2340 486 2382 Nullam
520 2356 621 2395 ergo
650 2342 946 2383 necessitatem
974 2340 1244 2394 agnoscimus
1274 2341 1452 2390 tantam,
1478 2353 1562 2391 qua
1586 2336 1673 2389 pri-

109 2411 209 2463 vati,
269 2412 335 2453 vel
387 2411 467 2453 viri
520 2412 587 2453 vel
630 2412 825 2464 feminae,
869 2412 951 2454 hoc
993 2412 1074 2453 sibi
1115 2411 1282 2465 possint
1323 2411 1367 2451 in
1404 2409 1486 2451 hoc
1525 2408 1673 2450 Sacra-

110 2479 254 2524 mento
285 2482 499 2535 Baptismi
528 2497 704 2535 sumere,
737 2483 850 2536 quod
877 2484 921 2524 in
951 2483 1226 2526 Sacramento
1257 2481 1421 2523 Coenae
1450 2480 1533 2533 ipsi
1557 2478 1670 2522 Pon-

110 2554 232 2596 tificii
270 2556 312 2596 et
339 2553 574 2595 Lutherani
602 2554 646 2595 in
672 2555 790 2596 nullo
818 2554 1082 2596 necessitatis
1113 2569 1212 2596 casu
1240 2553 1516 2606 permittunt:
1544 2566 1675 2604 quum

111 2626 227 2668 nulla
264 2625 493 2667 necessitas
533 2627 681 2667 contra
711 2624 870 2667 Christi
899 2626 1214 2667 institutionem
1244 2624 1480 2678 dispensari
1509 2624 1673 2665 debeat.

111 2697 193 2739 Sed
244 2697 334 2750 ipse
378 2696 491 2738 Deus
535 2696 647 2737 solus
691 2696 900 2739 defectum
940 2697 1254 2739 ordinariorum
1294 2696 1674 2738 instrumentorum

113 2770 309 2824 supplere
353 2768 459 2809 solet
503 2782 551 2809 ac
593 2770 757 2822 potest:
796 2769 862 2809 vel
900 2769 983 2810 alia
1022 2768 1356 2810 extraordinaria
1392 2767 1676 2809 instrumenta

114 2842 422 2894 substituendO,
462 2842 587 2884 sicuti
623 2842 668 2883 in
707 2841 899 2894 exemplo
936 2839 1144 2894 Philippi,
1181 2841 1278 2882 Act.
1318 2841 1354 2881 8.
1393 2842 1433 2882 et
1470 2838 1675 2891 Ananiae,

113 2914 208 2956 Act.
245 2916 308 2956 22.
340 2914 535 2956 nonnulli
565 2913 724 2955 factum
752 2912 966 2965 judicant:
1001 2912 1066 2953 vel
1095 2912 1177 2954 sibi
1205 2914 1344 2953 totam
1371 2911 1584 2953 actionem
1611 2911 1676 2952 in-
