1931 3224
573 121 622 149 DE
650 105 853 148 SABBATHO
883 120 930 147 ET
958 120 1023 148 DIE
1050 104 1266 148 D0M1N100.
1626 107 1701 148 187

137 231 216 274 tio
228 231 310 273 nis
354 229 616 283 appellatur)
663 229 977 272 celebrabatur:
1022 244 1073 271 ex
1105 228 1257 282 quibus
1287 232 1328 271 et
1357 229 1470 270 illius
1501 232 1543 271 et
1577 229 1703 282 hujus

138 303 300 356 primus
339 304 380 344 et
415 302 592 343 ultimus
622 300 888 344 Sabbathum
917 303 1006 343 erat
1036 303 1077 342 et
1105 300 1351 352 vocabatur,
1382 300 1516 343 Exod.
1547 301 1609 353 23,
1641 301 1701 342 14.

139 373 234 416 Lev.
264 373 327 415 23.
356 372 483 415 Deut.
514 374 575 414 16.

198 443 266 486 VI.
303 444 421 486 Haec
459 446 601 486 autem
637 444 748 486 festa
785 443 986 495 solennia,
1021 444 1056 484 si
1088 443 1132 484 in
1161 442 1427 485 Sabbathum
1456 442 1703 494 inciderent,

140 515 193 557 ob
224 515 434 570 duplicem
463 515 739 558 festivitatem
767 531 810 557 m
821 531 844 557 a
856 530 884 568 g
894 531 922 556 n
933 530 959 556 u
971 530 989 556 s
1020 515 1070 556 di
1083 530 1104 556 e
1117 529 1135 556 s
1164 513 1191 557 S
1204 529 1227 556 a
1237 514 1264 555 b
1276 514 1303 555 b
1315 516 1366 556 at
1376 514 1430 555 hi
1457 514 1703 566 vocabatur,

138 586 167 629 J
171 586 237 628 oh.
265 587 327 638 19,
354 587 417 628 31.
442 587 502 628 At
527 587 718 641 Scaliger
744 586 994 640 simpliciter
1020 585 1151 628 refert
1175 585 1227 627 ad
1250 585 1390 639 ipsam
1412 585 1704 638 festivitatem,

140 658 253 711 quod
278 661 415 710 aym,
445 657 491 699 Μ
502 672 525 700 o
536 673 564 699 n
576 673 603 711 g
615 673 642 699 n
656 673 677 700 e
689 659 726 710 d,
753 672 826 700 seu
857 660 932 700 ᾸΠ,
955 656 1104 710 Chag,
1120 657 1164 698 id
1180 659 1254 708 est,
1271 658 1431 698 statum
1447 672 1520 698 seu
1535 657 1705 700 solenne

138 729 307 781 festum,
347 730 621 783 septuaginta
649 729 906 782 interpretes
937 727 1128 779 μεγάλην
1170 727 1317 779 ἡμέραν
1347 730 1528 780 vertant,
1567 728 1639 770 Es.
1671 729 1705 770 l.

140 800 184 843 Si
226 815 324 842 vero
364 800 552 854 plurium
588 800 762 852 dierum,
803 801 851 840 ut
880 799 1102 841 Paschatis
1132 802 1173 841 et
1203 798 1489 853 Scenopegias
1515 799 1701 852 ultimus,

138 873 243 926 puta
290 872 497 925 septimus
543 871 953 923 infermentatorum,
998 873 1040 912 et
1085 873 1258 912 octavus
1303 870 1705 922 Tabernaculorum,

140 942 453 996 δευτερόπρωτον,
480 958 498 984 s
508 958 529 985 e
540 958 560 985 c
569 958 597 984 u
606 958 634 984 n
646 943 704 984 do
715 958 742 996 p
751 958 772 984 r
781 942 795 984 i
805 958 847 984 m
857 958 883 984 u
893 958 935 984 1n
960 942 1226 985 Sabbathum
1250 942 1479 994 dicebatur,
1501 941 1598 984 Luc.
1615 943 1651 994 6,
1669 943 1705 983 l.

140 1015 261 1068 quasi
295 1015 481 1070 primum
517 1014 763 1057 secundario
802 1014 1046 1067 repetitum,
1086 1029 1159 1056 seu
1188 1013 1364 1066 δεύτερον
1395 1015 1443 1061 ὡς
1475 1017 1633 1066 πρῶτον,
1663 1013 1707 1054 id

139 1089 214 1138 est,
258 1087 487 1128 secundum
527 1086 665 1141 primo
682 1084 686 1088 ”
710 1101 788 1140 par
831 1089 872 1128 et
914 1086 1101 1138 aequale.
1144 1085 1204 1126 At
1247 1083 1438 1138 Scaliger
1477 1099 1565 1126 esse
1602 1085 1704 1137 vult,

139 1159 211 1201 ὑπὸ
244 1159 429 1212 δευτέροις
461 1161 622 1211 πρῶτον,
662 1158 705 1199 id
744 1160 818 1210 est,
860 1173 884 1200 a
917 1158 1099 1200 secunda
1128 1157 1194 1199 die
1222 1156 1457 1208 Paschatis,
1487 1156 1596 1198 unde
1624 1155 1706 1197 ini-

138 1230 264 1272 batur
289 1232 514 1284 computus
536 1230 581 1271 in
604 1229 911 1272 Pentecostem.
935 1228 986 1271 In
1009 1229 1252 1284 Prolegom.
1273 1229 1326 1270 ad
1340 1227 1371 1270 I.
1403 1229 1428 1270 d
1441 1243 1462 1270 e
1492 1228 1528 1270 E
1540 1243 1583 1270 in
1595 1243 1654 1270 en
1667 1229 1705 1270 d.

137 1305 156 1344 t
168 1317 293 1356 emp.
325 1304 367 1344 et
394 1302 420 1343 l.
449 1302 485 1344 6.

191 1373 289 1416 VH.
330 1373 529 1423 Quinimo
569 1376 610 1416 et
648 1374 820 1428 passim,
858 1376 974 1415 totus
1013 1375 1208 1415 externus
1246 1372 1325 1414 iste
1360 1371 1526 1413 divinus
1556 1372 1704 1424 cultus,

137 1460 211 1487 seu
250 1446 522 1488 excercitium
561 1445 790 1499 publicum,
831 1445 1050 1488 Sabbatho
1091 1444 1333 1486 continetur
1368 1446 1409 1485 et
1437 1443 1705 1497 intelligitur,

136 1532 287 1570 nempe
324 1516 448 1568 Res,
487 1515 646 1568 Loca,
685 1516 969 1571 Tempora,
1002 1517 1043 1557 et
1073 1514 1347 1557 Personae
1376 1529 1582 1567 sacrae,
1612 1514 1704 1557 Deo

139 1590 312 1642 ejusque
341 1588 486 1639 cultui,
516 1588 672 1630 Divina
700 1587 1047 1642 praescriptione,
1079 1589 1324 1629 consecrata
1354 1586 1642 1640 dedicataque.

194 1658 311 1701 VIII.
354 1660 558 1701 Attamen
596 1659 624 1701 S
637 1660 735 1701 abb
749 1660 865 1701 athi
901 1659 944 1701 H
957 1659 1016 1701 eb
1029 1660 1054 1701 d
1067 1674 1179 1701 oma
1192 1658 1333 1701 darii
1369 1658 1441 1700 hic
1478 1658 1705 1712 singularis

143 1733 205 1772 est
233 1732 490 1785 praeceptio,
524 1731 638 1784 quod
669 1731 846 1784 reliquis
880 1731 935 1772 sit
961 1730 1188 1783 antiquius,
1221 1730 1509 1782 excellentius,
1539 1744 1706 1772 eorum-

144 1816 224 1855 que
265 1801 610 1845 fundamentum:
649 1817 697 1844 ac
734 1802 913 1856 proinde
950 1802 1225 1856 singulariter
1253 1801 1321 1842 hic
1350 1801 1588 1853 mandatur,
1619 1803 1660 1843 et
1684 1816 1707 1842 a

142 1873 266 1915 nobis
294 1873 646 1916 considerandum
675 1876 749 1916 est.

196 1945 269 1988 IX.
308 1945 404 1987 Est
442 1961 611 2000 porro
646 1945 980 1989 Sabbathum
1020 1946 1246 1988 solenne
1285 1948 1334 1987 et
1369 1945 1707 1987 ordinarium

144 2017 361 2060 Festum
399 2033 423 2059 a
452 2017 562 2060 Deo
591 2018 935 2070 institutum,
966 2017 1461 2060 Hebdomadarium
1490 2016 1708 2059 scilicet

145 2104 234 2131 seu
272 2089 536 2142 septimus
575 2092 626 2131 et
666 2090 878 2143 quidem
913 2105 937 2132 a
968 2090 1249 2132 creatione
1281 2088 1415 2140 dies,
1446 2088 1506 2130 ad
1534 2088 1709 2130 imita-

144 2160 347 2202 tionem
375 2159 494 2213 Dei,
522 2175 578 2203 eo
607 2161 689 2203 die
714 2162 776 2203 ab
802 2162 1061 2215 operibus
1087 2160 1391 2203 creationis
1417 2161 1709 2213 cessantis,

146 2247 170 2274 a
208 2232 506 2274 servilibus
547 2235 598 2274 et
635 2233 980 2286 quotidianis
1018 2232 1277 2286 operibus
1312 2234 1538 2274 externa
1569 2231 1710 2273 simi-

145 2303 277 2345 liter
308 2303 617 2345 cessatione
647 2306 697 2345 et
723 2304 907 2357 quiete
931 2320 955 2346 a
978 2304 1203 2346 Judaeis
1229 2303 1500 2358 religiose
1525 2318 1583 2344 ex
1612 2302 1710 2344 Dei

146 2374 400 2420 mandato
441 2374 835 2427 observandus3
866 2377 1186 2428 sanctisque
1219 2374 1508 2417 exercitiis
1537 2373 1710 2416 divini

148 2445 326 2487 cultus
356 2460 380 2487 o
394 2460 524 2499 ccup
537 2445 716 2488 andus.

200 2516 252 2558 X.
287 2515 496 2558 Sabbathi
524 2518 665 2559 autem
693 2533 720 2571 p
731 2533 752 2559 r
763 2533 787 2559 a
798 2533 819 2560 e
832 2533 852 2560 c
864 2533 885 2560 e
896 2533 924 2572 p
935 2521 953 2560 t
964 2518 978 2560 i
990 2533 1014 2561 o
1043 2518 1148 2561 haec
1176 2533 1262 2561 non
1292 2520 1354 2560 est
1383 2532 1408 2559 a
1433 2519 1610 2559 naturae
1637 2531 1710 2558 ne-

148 2587 356 2639 cessitate,
395 2589 443 2628 ut
481 2586 643 2640 reliqua
680 2591 922 2642 praecepta,
951 2604 1059 2642 quae
1087 2589 1222 2631 menti
1249 2588 1377 2630 insita
1403 2603 1451 2630 ac
1474 2602 1549 2642 per
1573 2601 1616 2629 se
1641 2602 1710 2629 co-

148 2659 269 2713 gnita
288 2661 398 2710 sunt,
420 2659 491 2700 sed
511 2659 623 2701 κατὰ
656 2659 846 2709 συνθήκην,
877 2675 927 2702 ex
954 2660 1194 2702 voluntaria
1222 2659 1304 2701 Dei
1331 2659 1613 2711 institutione,
1638 2674 1711 2702 seu

147 2730 325 2784 positivi
362 2729 426 2782 (ut
454 2730 704 2784 loquuntur)
730 2732 746 2784 j
760 2746 789 2772 u
798 2731 844 2772 ri
856 2746 887 2773 s.
916 2731 1031 2773 Nam
1059 2734 1106 2773 ut
1134 2733 1310 2772 naturae
1338 2730 1405 2782 sit,
1436 2732 1550 2772 certa
1579 2732 1708 2772 stata-

151 2817 231 2855 que
276 2804 472 2855 tempora
511 2801 652 2843 divino
694 2802 824 2844 cultui
863 2803 1052 2855 dicanda,
1093 2805 1134 2843 et
1173 2816 1280 2855 quae
1320 2817 1370 2843 ex
1410 2801 1551 2844 divina
1587 2817 1711 2856 prae-

150 2872 380 2927 scriptione
408 2874 518 2924 sunt,
548 2872 724 2915 immote
747 2874 951 2915 servanda
975 2888 1076 2924 esse,
1102 2875 1291 2915 attamen
1317 2872 1347 2914 h
1357 2888 1384 2914 u
1395 2888 1422 2914 n
1434 2888 1455 2915 c
1483 2873 1508 2915 d
1518 2873 1533 2915 i
1545 2888 1566 2916 e
1577 2889 1619 2915 m
1631 2907 1640 2925 ,
1671 2876 1711 2916 et

151 2943 320 2996 quidem
347 2943 447 2987 huic
474 2943 588 2996 parti
618 2943 748 2985 divini
777 2944 925 2997 cultus,
956 2946 1060 2997 puta
1088 2958 1128 2985 m
1142 2958 1163 2986 e
1173 2958 1216 2985 m
1228 2958 1251 2986 o
1262 2943 1308 2985 ri
1324 2958 1347 2986 a
1359 2958 1381 2986 e
1411 2959 1432 2986 c
1442 2959 1463 2986 r
1474 2959 1495 2986 e
1507 2944 1618 2986 atio
1629 2943 1712 2985 nis
