1931 3224
220 152 297 192 312
790 148 1035 190 DISPUTATIO
1065 145 1223 188 XXXI.

219 274 342 316 nobis
382 273 541 326 aliquid
580 272 799 323 revelanti,
837 286 923 313 non
953 271 1130 323 propter
1161 269 1333 311 alterius
1364 269 1679 321 auctoritatem,
1708 272 1782 312 aut

221 346 397 398 propter
436 347 698 397 argumenta,
741 346 814 384 aut
850 343 938 394 ejus
981 340 1042 382 rei
1084 355 1192 393 quae
1220 340 1443 392 revelatur,
1473 340 1782 395 apparentiam,

223 415 295 457 sed
335 415 434 467 qnia
472 414 587 455 Deus
613 414 693 456 hoc
723 414 836 455 dicit.
867 412 931 453 Ac
960 411 1138 464 proinde
1169 411 1273 464 ejus,
1303 411 1348 452 in
1378 410 1500 452 dictis
1529 411 1616 453 suis
1647 412 1784 453 omni-

221 487 311 537 bus,
351 486 556 527 veracitas
597 487 637 526 et
674 483 916 526 infallibilis
955 482 1187 524 auctoritas
1225 482 1336 524 ratio
1373 484 1437 524 est
1465 482 1658 524 formalis
1684 482 1784 525 fidei

221 559 402 597 nostrae.
435 555 505 598 Sic
541 556 701 597 Paulus
732 556 767 596 1.
798 555 851 596 ad
880 553 1027 595 Thess
1057 554 1092 603 2,
1123 553 1186 595 13.
1216 553 1535 606 Accepistis
1564 554 1784 595 verbum

222 628 466 679 auditus,
505 642 610 669 non
650 629 707 667 111
744 626 964 667 verbum
1001 624 1296 676 hominum,
1335 625 1424 666 sed
1461 627 1518 666 ut
1551 639 1673 666 vere
1702 627 1784 666 est

221 699 440 740 verbum
472 698 583 740 Dei.
615 699 635 738 1
669 697 768 739 Joh.
802 697 840 748 5,
870 698 932 738 10.
965 696 1063 745 Qui
1093 696 1272 739 credit
1295 696 1348 738 in
1372 695 1596 747 Filium,
1620 696 1784 738 habet

220 770 604 812 testimonium
642 769 742 810 Dei
780 769 833 810 in
874 783 936 810 se.
976 767 1100 809 Matt.
1131 769 1192 818 16,
1223 768 1284 809 17.
1315 766 1447 809 Caro
1479 769 1529 809 et
1559 767 1783 820 sanguis

219 856 322 883 non
351 841 623 882 revelavit
651 840 784 891 tibi,
814 840 906 881 sed
935 839 1102 881 Pater
1129 853 1274 880 meus
1301 838 1390 891 qui
1413 838 1469 879 in
1494 837 1665 880 coelis
1690 840 1782 880 est.

219 912 482 966 Principium
514 926 615 965 ergo
645 911 690 952 in
720 911 834 964 quod
863 910 1092 952 resolvitur
1122 925 1222 952 vera
1251 910 1368 962 fides,
1396 909 1479 951 hoc
1503 911 1580 962 est,
1605 908 1784 950 Prima

218 984 428 1026 veritas
459 983 585 1025 falli
614 998 726 1024 non
757 985 958 1036 potest.

273 1054 407 1097 XXV.
447 1054 703 1097 Gravissiine
744 1069 845 1108 ergo
874 1053 1095 1104 falluntur,
1126 1055 1167 1095 et
1195 1053 1434 1101 Ecclesiam
1461 1054 1506 1094 in
1534 1052 1617 1095 Dei
1643 1053 1784 1095 locum

221 1126 497 1177 substituunt,
530 1126 603 1178 qui
631 1126 674 1167 in
706 1125 984 1167 autoritatem
1011 1124 1226 1166 Ecclesiae
1255 1124 1381 1166 fidem
1409 1126 1603 1166 nostram
1630 1124 1785 1167 resolvi

222 1197 373 1238 debere
411 1197 685 1238 contendunt.
723 1195 837 1237 Nam
875 1198 949 1237 aut
984 1195 1201 1237 Ecclesiae
1239 1195 1420 1250 primam
1455 1195 1680 1238 veritatem
1707 1197 1785 1238 tri-

222 1268 370 1319 buunt,
402 1271 444 1309 01
472 1269 532 1309 sic
561 1283 653 1309 eam
680 1267 819 1309 Deum
848 1266 1033 1317 faciunt;
1064 1269 1137 1308 aut
1164 1266 1260 1308 loco
1286 1281 1409 1309 verae
1433 1267 1531 1309 fidei
1555 1266 1785 1309 humanam

220 1341 390 1381 tantum
430 1340 725 1381 credulitatem
761 1338 981 1382 inducunt.
1020 1337 1112 1380 Nos
1151 1352 1263 1389 vero,
1302 1338 1381 1380 etsi
1419 1338 1635 1380 Ecclesiae
1663 1338 1785 1381 testi-

224 1411 415 1451 monium
445 1411 557 1452 inter
586 1411 822 1452 extrinseca
849 1410 1066 1461 motiva,
1096 1424 1204 1462 quae
1231 1409 1447 1451 hominem
1473 1410 1784 1463 quodammodo

222 1481 273 1522 ad
313 1481 567 1523 credendum
601 1481 845 1534 disponunt,
876 1496 927 1523 ex
957 1481 1199 1534 praecipuis
1229 1495 1318 1522 esse
1348 1481 1648 1522 concedamus:
1677 1496 1785 1522 nun-

222 1566 349 1604 quam
387 1554 530 1593 tamen
572 1552 840 1603 adducemur,
878 1554 925 1594 ut
964 1552 1181 1593 credamus
1219 1566 1311 1593 eam
1350 1566 1440 1594 esse
1476 1551 1714 1594 infallibilis
1740 1553 1786 1594 in

221 1623 499 1677 proponendo
540 1625 581 1665 01
615 1623 844 1675 judicando
883 1622 1165 1665 auctoritatis.
1203 1622 1286 1665 Sed
1324 1623 1425 1675 quia
1453 1623 1599 1676 quaeri
1626 1626 1784 1677 potest,

222 1695 434 1747 quomodo
466 1696 633 1736 constet
660 1694 785 1736 nobis
816 1694 866 1736 de
895 1693 1058 1748 primae
1087 1693 1281 1736 veritatis
1311 1694 1523 1736 sententia
1551 1696 1599 1735 ut
1622 1694 1668 1736 in
1693 1709 1785 1736 eam

220 1765 459 1806 resolvatur
486 1765 602 1817 fides,
632 1766 950 1819 respondemus,
981 1765 1279 1808 auctoritatem
1307 1765 1426 1806 illam
1456 1764 1538 1806 Dei
1570 1765 1784 1818 loquentis

225 1835 385 1889 duplici
424 1836 551 1877 modo
591 1836 716 1878 nobis
751 1836 1027 1888 innotescere,
1067 1838 1242 1878 externo
1281 1838 1322 1878 et
1359 1836 1541 1889 interno,
1581 1836 1670 1878 sine
1699 1851 1783 1890 quo

223 1909 421 1949 externus
473 1921 560 1948 non
604 1908 830 1949 sufficeret.
872 1907 1082 1960 Loquitur
1123 1908 1248 1949 nobis
1291 1907 1407 1949 Deus
1449 1908 1493 1948 in
1534 1908 1663 1951 verbo
1707 1923 1783 1951 suo

220 1978 394 2032 scripto,
422 1980 464 2020 01
490 1978 734 2031 praedicato
759 1993 836 2032 per
859 1978 1075 2020 Ecclesiae
1098 1977 1392 2030 ministerium,
1419 1979 1646 2021 secundum
1671 1980 1785 2032 quod

224 2050 433 2104 scriptum
464 2052 547 2100 est;
577 2050 648 2091 sed
678 2052 848 2103 praeter
877 2049 1219 2103 propositionem
1246 2049 1363 2091 illam
1387 2052 1618 2102 externam,
1643 2051 1784 2094 lumen

223 2122 546 2175 supernaturale
590 2121 846 2176 suppeditat,
887 2121 986 2162 dum
1023 2121 1266 2162 immediate
1306 2121 1457 2174 cuique
1494 2121 1684 2164 fidelium
1719 2122 1784 2164 in-

222 2193 354 2235 terius
394 2193 600 2246 loquitur,
633 2207 728 2234 cum
756 2195 898 2233 autem
925 2192 969 2233 in
998 2192 1123 2234 corde
1152 2194 1350 2245 penetrat
1378 2192 1557 2235 interior
1584 2193 1666 2235 ista
1694 2194 1784 2247 ejus

221 2264 393 2316 locutio,
433 2279 533 2305 vera
569 2263 673 2305 fides
702 2264 990 2316 ingeneratur,
1021 2278 1129 2316 quae
1158 2263 1248 2305 sine
1277 2263 1589 2318 supernaturali
1616 2263 1691 2306 illo
1720 2264 1784 2305 lu-

222 2335 347 2386 mine,
377 2335 474 2377 fidei
506 2338 547 2376 et
577 2335 840 2377 credulitatis
868 2335 1079 2377 humanae
1107 2336 1276 2377 tantum
1303 2335 1514 2378 rationem
1541 2335 1730 2378 haberet.

273 2404 431 2447 XXVI.
472 2405 538 2447 Ex
576 2406 643 2448 his
681 2421 789 2458 quae
826 2406 940 2448 dicta
979 2408 1088 2458 sunt,
1128 2406 1178 2447 de
1215 2405 1353 2448 forma
1390 2406 1501 2459 fidei,
1531 2407 1784 2461 praesertim

221 2491 345 2518 verae
375 2479 417 2519 01
443 2477 733 2530 justificantis,
762 2492 849 2519 non
880 2479 943 2519 est
973 2477 1143 2519 difficile
1167 2478 1385 2530 judicium.
1416 2477 1644 2532 Spectatur
1672 2478 1785 2520 enim

222 2550 263 2589 et
303 2548 497 2589 consistit
534 2549 579 2590 in
615 2564 664 2590 ea
700 2548 907 2590 relatione
947 2550 988 2590 et
1027 2549 1334 2600 convenientia,
1374 2564 1458 2602 qua
1494 2549 1784 2602 unusquisque

223 2619 407 2671 credens,
449 2634 535 2661 non
574 2620 712 2661 solum
749 2619 943 2673 generale
980 2619 1087 2660 illud
1125 2619 1317 2661 veritatis
1354 2620 1565 2662 revelatae
1595 2619 1783 2671 verbum,

223 2690 295 2730 sed
333 2690 377 2730 in
417 2705 479 2741 eo,
518 2705 567 2732 ac
605 2690 856 2744 praesertim
893 2690 938 2731 in
965 2690 1094 2732 verbo
1125 2690 1364 2744 Evangelii,
1394 2691 1558 2744 gratiae
1587 2690 1669 2733 Dei
1697 2691 1782 2733 sin-

223 2760 394 2814 gulares
427 2761 731 2814 promissiones
760 2761 842 2803 sibi
871 2761 1074 2815 applicat,
1104 2776 1179 2804 sua
1206 2762 1251 2804 in
1278 2762 1510 2816 hypothesi
1538 2762 1660 2803 firma
1686 2777 1784 2816 per-

224 2830 421 2873 suasione
450 2831 656 2884 faciendo,
687 2847 794 2885 quae
822 2833 866 2874 in
894 2832 1007 2873 thesi
1037 2834 1078 2873 et
1108 2828 1364 2886 generaliter
1386 2832 1709 2886 promittuntur,
1735 2835 1784 2875 ut

225 2901 281 2942 sit
308 2901 536 2955 ἀδιάκριτος
568 2905 818 2958 πληροφορίοι
850 2903 900 2944 de
923 2902 1269 2945 reconciliatione
1292 2903 1429 2945 nostri
1452 2918 1529 2957 per
1553 2902 1783 2956 Christum,

225 2970 324 3012 Joh.
358 2971 419 3022 17,
452 2972 512 3013 15.
543 2971 666 3015 Matt.
697 2973 734 3024 9,
764 2974 801 3015 2.
833 2972 923 3016 Gal.
955 2974 991 3025 2,
1022 2973 1085 3015 20.
1113 2972 1212 3016 Joh.
1243 2976 1278 3025 1,
1309 2973 1371 3015 12.
