1931 3224
242 163 320 204 236
809 161 1049 203 DISPUTATIO
1078 158 1235 200 XXIV.

241 286 422 338 induret,
461 286 585 328 Rom.
624 287 660 336 9,
690 287 751 327 18.
780 287 924 326 tamen
952 282 1037 336 ipsi
1066 283 1195 336 primi
1223 297 1300 336 per
1329 282 1556 325 arbitrium
1585 298 1708 326 suum
1736 299 1806 327 oc-

243 358 483 409 callescunt,
522 357 646 399 Rom.
677 358 738 409 11,
770 357 806 398 7.
837 370 884 397 ac
911 355 1144 396 communis
1177 354 1471 408 providentiae
1501 355 1707 397 beneficia
1735 355 1806 398 de-

243 431 400 480 serunt,
441 431 483 470 et
518 428 694 470 lenitate
732 427 813 468 Dei
852 426 1100 478 abutuntur,
1137 428 1185 467 ut
1214 425 1372 467 Paulus
1403 428 1586 468 testatur
1615 426 1738 469 Rom.
1769 427 1805 479 1,

245 501 307 552 18,
349 501 412 542 26.
451 502 492 542 01
529 500 592 541 28.
632 499 735 540 item
772 498 895 540 Rom.
934 498 970 547 9,
1009 498 1072 539 22.
1113 499 1137 539 2
1176 497 1321 539 Thess.
1357 499 1394 550 2,
1434 499 1496 540 11.
1527 501 1569 540 et
1597 498 1711 540 alibi.
1742 498 1808 541 Ac

243 572 342 614 licet
366 571 602 625 Apostolus
627 584 796 622 quoque
822 568 975 610 Petrus
998 569 1036 609 1.
1060 568 1200 622 Epist.
1218 583 1307 622 cap.
1324 570 1349 610 2
1368 568 1492 620 dicat,
1512 584 1600 612 eos
1625 569 1686 611 ad
1708 569 1808 612 1100

245 658 296 685 es
310 657 361 684 se
390 657 452 696 po
466 642 537 683 sit
551 656 626 693 os,
658 643 706 682 ut
728 640 773 681 in
796 640 983 694 lapidem
1008 639 1252 682 offensionis
1275 639 1531 694 impingant,
1554 642 1698 683 tamen
1721 656 1808 683 non

243 714 325 755 nisi
363 713 626 755 antecedenti
667 712 811 764 aliqua
848 711 1159 765 ingratitudine
1198 711 1242 752 id
1278 714 1501 764 merentes,
1539 713 1592 754 ad
1618 712 1701 755 hoc
1729 728 1808 767 po-

244 785 314 826 siti
344 787 460 835 sunt;
491 784 618 836 idque
648 798 697 825 eo
726 783 853 825 modo
884 798 931 825 ac
961 783 1139 835 ratione,
1170 798 1277 836 quae
1300 783 1494 836 justitiae
1524 783 1808 826 0111110111Ιᾶ0-

244 857 337 898 dem
378 855 482 908 Deo,
525 855 629 908 ipsis
670 870 770 897 vero
812 855 911 897 solis
951 855 1119 908 culpam
1158 870 1326 897 omnem
1363 855 1597 908 relinquat3
1638 855 1688 898 de
1723 870 1807 909 quo

243 927 468 970 indurandi
520 927 646 969 modo
691 927 795 969 alias
839 942 916 980 per
957 926 1039 968 Dei
1082 927 1267 980 gratiam
1311 941 1499 981 agemus.
1544 927 1667 977 Quod
1709 942 1807 970 vero

244 1000 398 1042 electos
437 999 503 1040 vel
539 998 797 1052 praeveniat,
835 1013 888 1040 ne
918 998 1065 1040 eodem
1092 999 1218 1040 modo
1248 998 1426 1041 arbitrio
1458 1013 1535 1041 suo
1565 999 1807 1051 abutantur,

243 1071 310 1113 vel
347 1071 381 1113 si
419 1071 539 1113 abusi
579 1072 689 1123 sunt,
730 1072 777 1112 ut
816 1072 1042 1124 resurgant
1073 1073 1114 1112 et
1142 1070 1407 1124 resipiscant,
1438 1071 1483 1112 id
1510 1085 1561 1113 ex
1591 1071 1732 1124 gratia
1760 1086 1809 1113 ac

243 1142 531 1185 misericordia
568 1141 775 1195 singulari
814 1156 922 1194 quae
958 1141 1064 1183 nulli
1104 1141 1293 1194 debetur,
1323 1156 1409 1183 non
1439 1157 1489 1184 ex
1516 1141 1713 1196 ipsorum
1741 1156 1808 1183 ar-

243 1214 372 1256 bitrio
403 1228 573 1256 causam
601 1213 743 1255 habet.

296 1284 427 1327 LVII.
465 1284 590 1328 Unde
619 1284 766 1338 liquet,
798 1285 877 1327 etsi
904 1286 1127 1338 peccatum
1155 1284 1210 1326 sit
1239 1284 1428 1326 conditio
1459 1284 1502 1326 in
1531 1285 1810 1338 reprobandis

243 1357 570 1412 praesupposita
611 1356 759 1409 (quam
792 1370 963 1398 causam
992 1356 1082 1398 sine
1113 1371 1196 1409 qua
1223 1370 1310 1398 non
1339 1370 1490 1398 vocare
1520 1355 1637 1409 licet)
1668 1358 1812 1399 tamen

246 1443 341 1470 cum
380 1428 442 1469 1111
481 1442 663 1481 quorum
700 1427 816 1469 Deus
850 1427 1048 1470 misertus
1079 1430 1155 1479 est,
1186 1442 1356 1480 quoque
1384 1430 1630 1481 peccatores
1659 1430 1811 1481 essent,

246 1502 287 1543 et
315 1514 403 1541 non
430 1499 569 1541 minus
601 1514 730 1552 quam
758 1499 913 1552 reliqui
942 1513 1017 1541 suo
1050 1498 1227 1540 arbitrio
1257 1498 1391 1551 abusi,
1422 1501 1496 1540 aut
1520 1499 1704 1551 abusuri,
1730 1499 1812 1541 nisi

246 1571 464 1614 electionis
502 1571 642 1625 gratia
672 1570 981 1622 antevertisset,
1011 1585 1254 1624 supremam
1283 1572 1325 1612 et
1355 1570 1639 1623 adaequatam
1666 1586 1812 1625 repro-

243 1643 429 1685 bationis
452 1658 622 1685 causam
651 1657 740 1685 esse
768 1642 849 1684 Dei
877 1642 1056 1684 liberam
1079 1644 1353 1696 potestatem,
1378 1644 1420 1684 et
1440 1643 1602 1694 justam
1624 1642 1813 1696 nullique

245 1715 482 1771 obligatam
510 1715 789 1767 voluntatem,
817 1714 1174 1768 quemadmodum
1202 1713 1439 1767 Apostolus
1468 1713 1660 1767 loquitur
1689 1714 1811 1757 Rom.

244 1786 282 1837 9,
322 1786 384 1827 18.
423 1785 583 1839 Cujus
621 1786 759 1838 vult,
796 1786 1118 1838 miseretur,
1149 1788 1199 1827 et
1229 1800 1382 1838 quem
1409 1785 1548 1836 vult,
1577 1785 1812 1828 indurat.

246 1859 288 1899 et
324 1872 362 1899 v.
401 1859 464 1899 21.
494 1858 572 1899 An
607 1872 712 1900 non
748 1857 915 1900 habet
952 1859 1294 1911 potestatem
1329 1856 1563 1910 figulus,
1603 1859 1681 1899 etc.
1709 1858 1814 1901 item

244 1944 282 1971 v.
330 1930 394 1971 22.
441 1929 576 1978 Quid
622 1930 665 1971 si
702 1929 844 1971 Deus
881 1930 1071 1972 volens
1111 1929 1406 1971 ostendere
1443 1930 1599 1981 iram,
1639 1929 1689 1971 et
1727 1943 1812 1971 no-

245 2003 354 2043 tam
391 2001 573 2043 facere
607 2001 650 2043 τὸ
683 2001 847 2043 δυνατὸν
879 2002 1011 2050 αὑτοῦ,
1048 2002 1386 2054 potestatem
1416 2015 1580 2053 suam,
1612 2003 1690 2044 etc.

298 2071 451 2115 LVIII.
490 2072 581 2115 Nec
617 2073 813 2115 voluntas
841 2073 947 2115 haec
977 2075 1041 2114 est
1070 2072 1278 2121 absoluta,
1310 2072 1431 2125 quasi
1459 2072 1626 2114 ratione
1656 2074 1812 2124 careat,

247 2146 321 2186 aut
348 2145 573 2198 tyrannica
603 2144 733 2197 (absit
761 2144 892 2186 verbo
916 2144 1200 2197 blasphemia)
1225 2143 1335 2185 sicut
1360 2143 1534 2196 quidam
1557 2158 1705 2186 vocem
1729 2143 1812 2185 ab·

248 2215 427 2258 solute
462 2215 724 2270 intelligunt,
765 2230 860 2257 cum
896 2215 998 2257 111110
1024 2216 1148 2257 nobis
1177 2216 1382 2258 invidiam
1411 2230 1554 2258 creare
1582 2217 1811 2267 conantur3

247 2286 319 2329 sed
357 2287 670 2340 sapientissima
702 2289 776 2339 est,
807 2286 1124 2328 ordinatissima
1154 2289 1196 2328 et
1224 2287 1501 2329 sanctissima.
1530 2285 1644 2328 Nam
1671 2287 1810 2340 primo

247 2359 487 2412 tyrannidis
531 2358 719 2400 accusari
760 2372 847 2399 non
888 2360 1045 2411 potest,
1089 2358 1161 2411 qui
1198 2358 1268 2411 jus
1307 2373 1430 2400 suum
1468 2358 1520 2400 ab
1555 2373 1641 2400 uno
1679 2357 1811 2400 delin-

249 2432 406 2483 quente
444 2432 485 2471 et
523 2444 595 2471 reo
635 2429 780 2482 exigit,
822 2429 903 2470 etsi
940 2428 984 2470 id
1023 2429 1076 2470 ab
1106 2429 1200 2470 aliis
1229 2429 1392 2482 pariter
1419 2429 1502 2471 reis
1528 2444 1616 2471 non
1645 2430 1810 2483 exigat3

249 2501 399 2544 deinde
436 2501 509 2554 (101
545 2500 588 2542 id
625 2500 670 2541 in
707 2500 844 2542 bonos
883 2502 925 2542 et
963 2502 1133 2542 sanctos
1161 2500 1265 2542 fines
1293 2500 1410 2552 facit,
1439 2500 1483 2542 si
1514 2501 1652 2542 enim
1680 2501 1810 2543 utri-

249 2589 348 2628 que
371 2573 761 2622 liberarenter,
786 2573 988 2615 late-ret
1014 2572 1141 2625 quid
1165 2574 1391 2626 peccato
1414 2586 1510 2626 per
1529 2572 1811 2624 justitiam

250 2646 563 2697 deberetur,
605 2646 648 2687 si
685 2659 857 2696 nemo,
897 2644 1024 2697 quid
1062 2644 1248 2697 gratia
1286 2642 1616 2697 largiretur,
1643 2644 1692 2684 ut
1719 2643 1811 2685 Au-

249 2719 446 2772 gustinus
482 2718 621 2771 Epist.
663 2716 752 2758 105.
791 2716 1090 2758 convenienter
1128 2714 1340 2768 Apostolo
1378 2714 1579 2767 loquitur,
1618 2713 1742 2757 Rom.
1770 2715 1809 2767 9,

249 2790 313 2831 22.
343 2791 385 2831 01
413 2790 477 2831 23.

304 2859 410 2901 LIX.
448 2859 539 2902 Imo
576 2875 677 2902 vero
716 2874 768 2902 ne
810 2859 979 2913 quidem
1017 2859 1214 2900 absoluta
1244 2860 1318 2910 est,
1351 2857 1471 2910 quasi
1499 2856 1615 2898 nulla
1644 2857 1810 2900 divinae

251 2931 482 2986 sapientiae
522 2934 687 2973 constet
725 2931 850 2983 ratio,
875 2923 955 2973 'cur
983 2930 1096 2972 hunc
1125 2930 1269 2984 potius
1300 2945 1427 2983 quam
1456 2929 1577 2971 illum
1604 2927 1810 2981 rejecerit,

256 3003 336 3046 etsi
365 3017 413 3045 ea
440 3003 550 3045 ratio
579 3003 624 3044 in
653 3003 899 3046 diversitate
927 3003 1176 3045 meritorum
1206 3001 1446 3055 quaerenda
1472 3015 1558 3043 non
1582 2999 1658 3050 sit3
1685 2998 1810 3041 sicuti
