1931 3224
249 138 326 180 208
824 135 1063 177 DISPUTATIO
1091 133 1226 175 XXII.

249 261 377 312 Deus,
422 261 600 312 qualem,
644 274 729 301 non
770 261 937 300 tantum
980 257 1045 311 (ut
1083 258 1233 300 volunt
1262 257 1495 310 Sociniani)
1524 257 1805 309 auctoritatis,

249 332 320 373 sed
348 331 476 372 etiam
501 330 690 383 ejusdem
718 332 893 371 naturae
919 329 1084 370 divinae
1111 330 1321 382 respectii,
1352 327 1566 370 Christum
1595 343 1685 371 esse
1714 331 1806 371 tota

250 402 471 455 Scriptura
500 403 737 443 attestatur.

303 473 410 515 XLI.
453 472 568 514 Idem
611 473 660 514 de
703 472 850 513 ceteris
894 471 946 513 ad
988 471 1208 524 sequentia
1249 473 1477 526 praecepta
1505 471 1806 524 additionibus,

250 559 354 597 quas
407 543 574 585 Christo
624 543 845 595 affingunt,
884 542 1161 594 judicandum
1204 544 1279 584 est.
1321 541 1436 584 Nam
1475 543 1678 596 fugienda
1720 558 1808 586 esse

248 616 373 667 idola,
416 630 501 656 non
542 617 707 655 tantum
749 613 951 666 Apostoli
989 628 1039 655 ex
1076 614 1259 655 secundo
1298 616 1529 667 praecepto
1561 614 1807 666 docuerunt,

250 686 271 726 1
302 685 394 727 Cor.
425 687 486 737 10,
516 686 577 726 14.
610 688 650 726 et
680 686 699 726 1
731 684 830 726 Joh.
859 685 896 736 5,
926 686 989 726 21.
1019 685 1091 727 sed
1120 686 1249 727 etiam
1278 685 1418 728 Moses
1441 686 1566 739 hujus
1590 686 1809 739 praecepti

248 756 468 810 interpres,
507 756 632 797 Deut.
671 756 706 807 7,
747 756 783 797 5.
813 756 886 797 ubi
912 756 1035 809 jubet
1063 757 1224 810 populo
1254 755 1502 810 Israelitico,
1531 759 1580 799 ut
1609 756 1809 799 Gentium

248 828 399 869 altaria
427 827 566 867 diruat
597 841 644 868 ac
673 828 836 868 statuas
867 842 1013 868 earum
1046 827 1301 881 confringat.

300 897 429 939 XLII.
468 897 629 940 Deinde
663 898 776 950 quod
803 897 926 939 nobis
956 913 1043 940 non
1073 899 1211 940 solum
1239 914 1326 941 non
1353 899 1479 942 liceat
1507 901 1710 953 pejerare,
1739 914 1810 941 ve-

248 984 342 1011 rum
371 970 499 1011 etiam
526 984 578 1011 ne
606 969 649 1010 in
676 969 787 1010 veris
817 969 988 1022 quidem
1012 971 1169 1022 jurare,
1200 970 1282 1011 nisi
1312 970 1366 1012 ob
1391 984 1537 1012 causas
1561 970 1688 1024 longe
1714 984 1811 1023 gra-

248 1040 451 1092 vissimas,
483 1055 636 1093 easque
666 1040 818 1093 quibus
848 1040 985 1094 gloria
1009 1040 1091 1082 Dei
1115 1041 1280 1093 nititur,
1314 1055 1400 1083 non
1423 1043 1593 1083 tantum
1618 1039 1810 1082 Christus

250 1113 405 1164 docuit,
430 1112 533 1154 Mat.
558 1112 595 1164 5,
620 1112 698 1164 34„
725 1112 797 1153 sed
826 1112 956 1154 etiam
985 1111 1130 1164 Oseas,
1161 1128 1248 1168 cap.
1277 1113 1314 1166 4,
1347 1114 1408 1155 15.
1433 1114 1558 1166 juxta
1585 1112 1668 1154 hoc
1694 1111 1812 1154 tertii

249 1184 467 1238 praecepti
507 1183 794 1236 interdictum,
836 1183 912 1226 Ne
955 1184 1219 1226 assumito
1262 1199 1452 1227 nomen
1494 1184 1594 1226 Dei
1636 1184 1717 1226 tui
1758 1183 1812 1225 in

249 1270 448 1310 vanum.

302 1326 452 1369 XLIII.
491 1326 560 1369 Sic
599 1342 705 1380 quae
742 1327 786 1368 in
823 1326 949 1369 Novo
989 1327 1263 1369 Testamento
1295 1328 1345 1369 de
1373 1327 1514 1369 officio
1545 1326 1812 1368 subditorum

252 1413 352 1452 erga
389 1398 691 1452 Magistratum
730 1400 878 1452 quinto
917 1402 1147 1453 praecepto
1187 1399 1331 1441 addita
1361 1414 1451 1441 esse
1481 1399 1738 1451 existimant,
1768 1398 1813 1439 in

253 1469 396 1512 Veteri
434 1485 602 1524 quoque
641 1470 915 1513 Testamento
953 1472 1163 1526 imperata
1200 1471 1485 1524 inveniuntur,
1524 1470 1624 1513 Lev.
1654 1471 1716 1523 19,
1747 1470 1810 1511 32.

250 1541 373 1584 Prov.
406 1542 466 1595 14,
499 1543 561 1584 11.
591 1542 704 1585 Eccl.
735 1544 799 1595 33,
829 1543 894 1585 25.

302 1612 450 1655 XLIV.
494 1612 646 1667 Neque
689 1614 777 1655 irae
815 1629 863 1656 ac
900 1614 1112 1657 vindictae
1150 1615 1385 1670 prohibitio
1415 1614 1460 1656 in
1484 1613 1735 1668 Evangelio,
1766 1616 1815 1654 ut

251 1687 430 1737 censent,
472 1686 768 1727 tantummodo
807 1686 1028 1739 repetitur,
1071 1687 1145 1729 sed
1188 1688 1316 1730 etiam
1358 1687 1472 1741 apud
1514 1686 1675 1737 Mosen,
1717 1684 1813 1727 Lev.

251 1756 311 1807 19,
342 1756 404 1797 17.
436 1757 497 1797 18.
527 1759 568 1798 et
598 1756 882 1809 Salomonem,
910 1757 1035 1800 Prov.
1067 1759 1129 1811 24,
1161 1759 1223 1800 24.

303 1827 429 1869 XLV.
471 1827 763 1870 Libidinosum
804 1832 1025 1883 praeterea
1067 1833 1297 1883 aspectum,
1336 1832 1481 1884 gestus
1521 1831 1563 1871 et
1601 1842 1814 1870 sermones

252 1898 495 1951 obscoenos,
522 1900 717 1953 septimo,
743 1901 979 1954 avaritiam,
1006 1904 1169 1954 octavo,
1198 1901 1334 1943 omnis
1351 1901 1517 1955 generis
1533 1899 1812 1951 mendacium,

252 1970 379 2012 etiam
421 1986 471 2012 ex
513 1971 686 2013 levitate
724 1973 976 2025 profectum,
1012 1987 1140 2025 nono,
1171 1973 1351 2025 denique
1381 1987 1537 2026 pravae
1567 1969 1815 2024 cupiditatis

250 2044 415 2083 motum
443 2042 572 2084 etiam
598 2043 945 2096 involuntarium,
971 2044 1132 2085 decimo
1157 2046 1388 2098 praecepto
1414 2043 1645 2097 prohiberi,
1662 2041 1816 2083 Judaei

252 2115 349 2155 ante
373 2113 530 2156 Christi
545 2113 773 2155 adventum
789 2130 839 2156 ex
855 2114 1171 2168 Prophetarum
1186 2115 1361 2157 monitis
1376 2114 1691 2165 intellexerunt,
1707 2127 1815 2166 quae

252 2188 432 2237 exstant,
463 2185 589 2227 Prov.
619 2187 656 2238 6,
686 2186 749 2227 25.
780 2189 821 2228 et
850 2187 913 2239 23,
942 2187 1006 2228 31.
1037 2189 1077 2228 et
1105 2187 1141 2236 5,
1171 2185 1234 2228 20.
1266 2189 1308 2228 et
1337 2187 1372 2239 7,
1404 2186 1468 2228 13.
1498 2186 1560 2228 14.
1586 2185 1735 2237 Ps.62,
1752 2185 1814 2226 11.

251 2255 375 2298 Prov.
400 2258 461 2309 15,
488 2258 549 2299 27.
576 2257 647 2299 Ε3.
674 2257 738 2309 56,
766 2258 828 2299 11.
855 2260 897 2300 et
921 2258 1064 2310 57,17.
1090 2257 1215 2300 Prov.
1232 2259 1268 2310 6,
1286 2258 1348 2299 18.
1366 2258 1428 2300 19.
1445 2261 1488 2300 et
1505 2259 1568 2310 19,
1584 2258 1621 2299 5.
1637 2257 1707 2300 Ps.
1723 2257 1759 2310 9,
1777 2257 1814 2298 8.

303 2326 452 2370 XLVI.
497 2327 699 2370 Mandata
743 2344 850 2381 quae
889 2328 1105 2371 Sociniani
1144 2344 1167 2370 a
1206 2327 1376 2371 Christo
1406 2329 1629 2383 sigillatim
1655 2328 1815 2370 tradita

253 2401 488 2451 autumant,
528 2402 600 2441 aut
628 2414 778 2451 mores,
810 2402 859 2441 ut
886 2400 1133 2453 loquuntur,
1165 2402 1238 2441 aut
1267 2403 1464 2442 externos
1496 2403 1614 2442 actus
1642 2399 1814 2453 religio-

254 2484 322 2511 sos
348 2471 592 2524 respiciunt,
623 2486 730 2524 quae
758 2471 887 2525 vulgo
918 2471 1172 2513 cerimoniae
1201 2474 1419 2514 vocantur.

306 2541 477 2585 XLVII.
511 2542 692 2584 Moralia
720 2546 969 2596 nuncupant
998 2543 1327 2597 abnegationem
1356 2544 1421 2586 sui
1449 2544 1596 2598 ipsius,
1626 2543 1814 2585 toleran-

254 2614 358 2654 tiam
389 2614 521 2655 crucis
546 2629 619 2656 seu
647 2615 964 2668 perpessionem
995 2617 1036 2656 et
1064 2614 1349 2657 imitationem
1378 2614 1548 2657 Christi.

308 2683 499 2726 XLVIII.
538 2685 704 2727 Horum
741 2686 939 2739 primum,
969 2700 1019 2727 ex
1047 2686 1224 2739 propria
1252 2686 1577 2730 Socinianorum
1604 2686 1815 2739 iuterpre-

256 2755 430 2807 tatione,
458 2756 723 2798 referendum
754 2758 828 2808 est,
858 2758 950 2797 tum
979 2756 1031 2796 ad
1059 2756 1289 2808 septimum
1319 2760 1360 2799 et
1390 2760 1586 2799 octavum
1613 2771 1815 2810 praecep-

256 2826 358 2876 tum,
388 2828 480 2867 tum
512 2826 722 2880 imprimis
752 2827 803 2868 ad
833 2826 1060 2877 decimum3
1092 2827 1436 2880 quandoquidem
1461 2843 1538 2882 per
1566 2826 1817 2880 abnegatio·-=

257 2908 354 2935 nem
376 2895 440 2935 sui
462 2896 596 2949 ipsius
619 2898 866 2951 intelligunt
885 2897 1248 2940 renunciationem
1273 2898 1639 2952 concupiscentiae
1663 2897 1812 2949 carnis,

259 2965 476 3007 oculorum
505 2969 545 3008 et
574 2967 706 3009 fastus
734 2968 862 3020 hujus
889 2968 1014 3021 vitae,
1045 2983 1095 3010 ex
1124 2969 1144 3010 1
1175 2968 1274 3012 Joh.
1306 2971 1343 3022 2,
1372 2971 1436 3012 15.
1467 2970 1555 3012 16..
