1931 3224
279 132 357 172 632
885 129 1128 172 DISPUTATIO
1168 130 1233 172 LI.

280 258 329 297 et
353 255 591 297 vivemus
621 256 673 296 in
702 267 868 307 consp
882 256 1004 296 ectu
1033 255 1167 307 ejus,
1198 254 1266 297 Os.
1297 256 1332 305 6,
1350 256 1386 298 2.
1403 255 1527 305 Quod
1541 255 1691 298 alludit
1708 257 1760 299 ad
1776 272 1842 300 re-

278 327 581 368 surrectionem
607 325 776 377 Christi,
803 327 844 367 et
868 325 918 366 de
932 324 1122 367 Ecclesia
1138 325 1304 378 dicitur,
1322 326 1420 379 quia
1439 326 1483 368 in
1499 326 1667 369 Christo
1685 327 1841 381 capite,

279 399 407 440 etiam
432 397 621 439 membra
652 397 842 450 corporis
873 397 962 449 ejus
992 396 1175 450 mystici,
1202 400 1380 450 propter
1404 397 1675 440 infallibilem
1700 414 1842 442 resur-

277 468 475 510 rectionis
506 468 845 522 promissionem,
876 467 1072 509 dicuntur
1101 482 1122 510 c
1135 483 1159 510 o
1171 483 1199 509 n
1209 483 1230 509 r
1242 483 1263 510 e
1275 483 1293 510 s
1305 484 1333 510 u
1345 483 1363 510 s
1376 484 1397 511 6
1407 469 1421 510 i
1432 471 1451 510 t
1464 484 1488 512 a
1497 472 1516 511 t
1528 484 1552 511 a
1583 485 1604 512 e
1616 485 1634 512 s
1644 485 1663 512 s
1675 485 1697 512 e
1728 485 1749 512 6
1759 486 1787 512 11
1799 486 1842 512 111

279 539 309 581 Ο
321 540 346 580 11
361 540 435 580 ris
446 542 464 580 t
477 555 513 591 o,
529 539 640 593 Eph.
657 540 694 591 2,
711 539 746 581 6.
765 539 841 580 Cui
858 538 992 581 Oseac
1007 540 1254 581 testimonio
1271 540 1369 582 addi
1385 540 1509 583 debet
1526 540 1640 583 aliud
1659 556 1710 583 ex
1728 557 1761 584 6.
1779 543 1841 595 13,

279 612 341 652 14.
370 611 408 652 D
423 626 443 652 e
472 626 626 652 manu
654 609 861 652 inferni
889 610 1147 653 redimam
1178 625 1287 663 eos,
1318 627 1342 653 a
1366 614 1503 654 morte
1527 612 1730 654 redimam
1758 628 1842 666 eos,

280 697 367 723 ero
404 697 545 725 mors
574 685 668 724 tua
698 697 721 724 o
752 697 916 735 mors,
948 697 1035 724 ero
1067 697 1275 724 morsus
1304 685 1429 725 tuus
1457 683 1686 726 inferne.
1718 684 1840 734 Quod

277 754 525 796 vaticinium
550 754 603 796 ad
628 756 891 796 mortuorum
918 754 1271 797 resurrectionem
1295 755 1426 797 refert
1452 755 1688 809 Apostolus
1705 757 1726 798 1
1744 755 1837 798 Cor.

279 825 340 877 15,
383 826 445 867 54.
494 825 616 867 Cum
660 826 1035 879 corruptibile
1078 827 1107 868 h
1121 841 1178 869 oc
1220 825 1464 869 induerit
1508 826 1766 882 ἀφθαρσίαν,
1801 831 1843 870 et

277 897 508 938 mortale
544 896 643 938 hoc
679 896 926 939 induerit
966 897 1216 948 ἀθανασίαν,
1257 901 1388 940 tunc
1415 898 1520 941 fiet
1550 914 1721 941 sermo
1753 900 1842 952 qui

277 968 524 1021 scriptus
554 970 655 1020 est,
685 968 789 1011 Ubi
819 971 902 1010 est
932 983 955 1010 o
984 983 1125 1011 mors
1155 970 1414 1012 stimulus
1442 972 1601 1013 tuus?
1632 972 1708 1012 etc.

331 1038 425 1081 XII.
464 1038 514 1080 In
551 1039 676 1082 Novo
717 1039 991 1082 Testamento
1029 1055 1096 1082 res
1136 1041 1240 1083 adeo
1272 1044 1336 1083 est
1363 1042 1601 1095 perspicua,
1632 1043 1673 1084 et
1704 1042 1843 1096 obvia,

278 1112 325 1151 ut
363 1110 398 1151 si
437 1111 531 1163 quis
570 1111 672 1152 velit
704 1111 846 1153 omnia
876 1111 1079 1165 colligere
1108 1112 1369 1164 testimonia,
1395 1113 1513 1165 justo
1543 1112 1758 1154 volumine
1788 1113 1843 1154 sit

280 1196 400 1235 opus.
438 1173 596 1234 Pauca,
631 1183 703 1224 sed
741 1182 924 1225 illustria
960 1183 1077 1236 haec,
1108 1198 1158 1225 ex
1187 1183 1382 1237 pluribus
1412 1184 1643 1237 seligimus,
1674 1186 1844 1238 praeter

280 1269 327 1295 ea
366 1268 473 1306 quae
499 1255 588 1307 jam
616 1269 744 1308 supra
772 1255 892 1297 illata
921 1258 1032 1307 sunt,
1063 1258 1105 1297 et
1134 1257 1359 1309 conjuncta
1386 1256 1643 1298 testimoniis
1672 1256 1842 1298 Veteris

279 1326 553 1379 Testamenti,
593 1341 642 1368 ex
682 1327 835 1379 quibus
865 1341 939 1368 sua
969 1325 1161 1368 Christus
1191 1327 1466 1381 deprompsit.
1499 1328 1519 1368 1
1552 1343 1573 1370 6
1584 1344 1611 1369 x
1641 1343 1662 1369 c
1672 1343 1695 1370 a
1706 1343 1747 1382 p.
1778 1327 1841 1370 12.

278 1397 323 1438 Μ
333 1413 357 1439 a
368 1400 385 1439 t
396 1400 425 1440 t.
467 1414 491 1439 v
504 1414 524 1440 e
536 1413 556 1440 r
569 1413 599 1439 s.
638 1398 702 1439 40.
742 1401 793 1439 et
821 1398 884 1439 41.
915 1397 988 1439 ubi
1017 1398 1067 1439 de
1096 1397 1302 1440 Ninivitis
1333 1399 1486 1441 dicitur
1517 1400 1631 1453 quod
1662 1400 1840 1448 ἀναστή-

278 1486 425 1522 σονται,
465 1472 654 1523 surgent,
687 1470 731 1510 in
754 1469 914 1523 judicio
947 1485 1041 1512 cum
1072 1471 1347 1524 generatione
1376 1471 1461 1524 illa,
1492 1474 1570 1514 etc.
1601 1474 1643 1514 et
1674 1471 1840 1526 Regina

278 1541 439 1593 Austri,
484 1541 597 1594 quod
636 1540 916 1594 ἐγερθήσεται,
958 1544 1035 1584 etc.
1075 1542 1140 1584 Ex
1182 1557 1265 1595 quo
1295 1545 1606 1586 resurrecturos
1636 1543 1841 1596 sequitur,

279 1628 373 1654 cum
409 1612 453 1654 in
490 1613 708 1666 pulverem
736 1614 906 1655 redacta
938 1616 1077 1655 essent
1103 1613 1273 1656 illorum
1302 1629 1483 1668 corpora
1512 1615 1562 1657 de
1592 1615 1747 1668 quibus
1778 1615 1842 1657 lo-

279 1684 499 1737 quebatur.
539 1686 574 1726 2.
613 1684 644 1726 L
656 1700 683 1726 11
695 1700 726 1726 6.
762 1685 825 1737 14,
865 1686 927 1727 12.
958 1700 1204 1739 expressam
1231 1687 1491 1729 mentionem
1519 1687 1622 1729 facit
1651 1686 1842 1729 Christus

278 1756 709 1798 resurrectionis
752 1758 1042 1810 justorum.
1091 1758 1127 1799 3.
1176 1757 1274 1799 Joh.
1319 1759 1355 1810 6,
1394 1758 1457 1800 39.
1495 1758 1560 1800 40.
1596 1758 1660 1800 44.
1699 1760 1741 1800 et
1777 1758 1842 1800 54.

277 1828 515 1881 pollicetur,
546 1842 588 1870 se
618 1828 662 1869 in
691 1829 921 1871 novissimo
953 1830 1019 1871 die
1047 1829 1410 1881 resuscitaturum,
1438 1844 1561 1872 omne
1589 1829 1701 1882 quod
1727 1830 1842 1872 dedit

278 1900 314 1941 ei
339 1899 479 1952 Pater,
506 1914 651 1942 omnes
680 1901 753 1953 qui
778 1901 923 1943 vident
937 1900 1097 1943 Filium
1112 1904 1153 1943 et
1170 1902 1346 1944 credunt
1361 1903 1406 1943 in
1422 1917 1529 1955 eum,
1551 1917 1841 1956 quemcunque

276 1970 404 2012 Pater
432 1972 580 2022 trahit,
610 1974 651 2014 et
681 1973 753 2025 qui
782 1973 1008 2014 manducat
1038 1988 1206 2015 carnem
1235 1974 1336 2026 ejus,
1366 1976 1408 2015 et
1436 1973 1546 2015 bibit
1577 1974 1840 2027 sanguinem.

329 2042 445 2085 XIII.
482 2043 793 2097 Apostolorum
822 2044 1160 2098 praedicationes
1190 2047 1232 2087 et
1260 2045 1420 2098 scripta
1448 2045 1560 2086 idem
1589 2045 1841 2098 mysterium

277 2115 444 2168 saepius
474 2115 701 2157 inculcant.
731 2114 882 2168 Itaque
910 2116 949 2157 A
961 2131 982 2158 6
993 2118 1022 2157 t.
1053 2116 1089 2166 4,
1114 2117 1151 2157 2.
1177 2115 1408 2159 Sadducaei
1433 2117 1611 2159 moleste
1635 2117 1841 2170 ferebant,

278 2187 391 2239 quod
419 2186 622 2240 Apostoli
649 2187 702 2228 in
730 2187 945 2229 nomine
974 2187 1103 2230 Jesu
1134 2188 1535 2230 annunciarent
1564 2203 1648 2230 res
1663 2203 1841 2231 111166-

276 2258 428 2299 tione
444 2274 485 2299 m
524 2274 584 2300 ex
612 2259 866 2311 mortuis,
898 2259 992 2301 Act.
1022 2259 1061 2311 4,
1091 2261 1127 2300 2.
1159 2259 1317 2301 Paulus
1346 2259 1374 2301 J
1377 2273 1495 2301 esum
1525 2262 1566 2301 et
1596 2260 1841 2302 resurrecti-

278 2345 401 2372 onem
429 2330 763 2372 Atheniensibus
795 2331 1091 2383 annunciabat,
1120 2330 1160 2372 A
1172 2345 1193 2372 c
1203 2333 1233 2372 t.
1261 2331 1322 2383 17,
1348 2331 1409 2372 18.
1437 2332 1510 2384 qui
1537 2332 1587 2374 de
1613 2346 1841 2386 corporum

276 2402 597 2455 resurrectione,
638 2405 686 2444 ut
723 2417 800 2455 par
841 2404 942 2454 erat,
982 2402 1282 2445 intellexerunt
1322 2403 1522 2456 Apostoli
1557 2404 1698 2456 verba,
1737 2419 1766 2446 n
1778 2419 1801 2446 o
1812 2419 1841 2446 n

278 2474 501 2516 irrisuri
531 2474 750 2516 omnino
764 2508 773 2526 ‚
805 2475 865 2516 ait
893 2474 1070 2517 Terfi‘ull.
1101 2474 1144 2516 si
1176 2474 1382 2517 animae
1413 2475 1586 2517 solius
1614 2475 1841 2517 restitu-

276 2546 481 2587 tionem
512 2545 573 2587 ab
605 2560 660 2587 eo
691 2546 1058 2588 audivissent:
1090 2547 1466 2600 suscepissent
1495 2547 1632 2589 enim
1657 2563 1841 2590 verna-

278 2616 430 2658 culae
469 2632 595 2659 suae
634 2616 1034 2671 Philosophiae
1063 2617 1502 2671 frequentiorem
1530 2634 1840 2673 praesump-

275 2689 357 2730 tio
368 2703 396 2730 n
409 2704 430 2730 e
442 2704 496 2730 m.
522 2678 591 2731 De
612 2704 764 2731 resurr.
790 2690 927 2730 carnis
953 2704 984 2731 c.
1014 2689 1077 2731 39.
1107 2688 1224 2731 Idem
1252 2689 1410 2731 Paulus
1439 2690 1712 2742 exclamabat,
1741 2690 1836 2733 Act.

277 2760 341 2810 23,
378 2760 415 2801 6.
456 2760 515 2802 de
545 2775 636 2814 spe
676 2763 727 2803 et
765 2761 1179 2803 resurrectione
1208 2764 1546 2804 mortuorum
1576 2776 1672 2816 ego
1697 2762 1839 2816 judi-

279 2845 300 2871 c
313 2834 379 2872 o‘r,
410 2830 446 2872 E
458 2833 477 2872 t
504 2832 601 2874 Act.
632 2832 694 2885 24,
725 2832 786 2874 15.
815 2833 1097 2887 profitebatur
1126 2848 1268 2875 coram
1296 2833 1436 2876 Felice
1459 2833 1663 2888 praeside,
1689 2849 1707 2875 s
1720 2849 1741 2876 e
1766 2849 1838 2876 ex-

278 2904 527 2954 spectare
568 2904 1028 2948 resurrectionen]
1070 2905 1307 2947 futuram
1342 2906 1616 2958 justorum
1654 2908 1703 2948 et
1740 2906 1838 2948 ini-

279 2986 514 3024 quorum.
