1931 3224
231 171 310 213 212
795 165 1038 207 D1sPUTA'r1o
1066 160 1223 204 XXIII.

233 294 324 337 Gal.
361 293 399 334 4.
437 291 500 333 24.
529 292 573 333 in
601 293 784 344 utroque
813 289 924 331 enim
951 287 1118 330 diversa
1146 300 1320 340 prorsus
1349 285 1497 328 salutis
1524 285 1635 328 ratio
1664 284 1787 327 insti-

231 365 377 416 tuitur,
416 377 511 404 cum
545 361 650 403 illud
687 360 913 414 promittat
948 358 1082 400 vitam
1111 357 1187 399 sub
1217 356 1460 399 conditione
1488 371 1677 411 operum,
1706 356 1790 399 hoc

232 437 372 477 autem
414 434 705 476 remissionem
746 432 1018 486 peccatorum
1061 432 1103 472 et
1144 429 1278 470 vitam
1319 431 1548 482 aeternam,
1589 428 1790 471 innitenti

232 506 400 549 Christo
443 521 519 560 per
559 505 696 547 fidem.
734 503 833 545 Ideo
874 502 1071 544 dicuntur
1109 500 1380 543 excidisse
1409 516 1433 543 a
1462 501 1667 555 gratia,
1696 500 1791 554 qui

231 593 325 633 per
353 579 524 632 legem
552 576 743 618 volunt
766 572 1103 627 justificari,
1134 571 1225 614 Gal.
1253 572 1291 625 5,
1320 571 1358 615 4.
1386 571 1445 614 Et
1472 572 1540 614 lex
1568 571 1790 627 promissi·-

233 650 303 692 oni
338 649 400 691 ita
438 649 680 702 opponitur,
720 648 768 687 ut
805 646 841 687 si
877 659 927 687 ex
955 644 1030 686 illa
1059 644 1114 686 sit
1141 643 1481 697 haereditas,
1514 658 1566 686 ex
1591 643 1672 686 hac
1702 657 1792 687 esse

230 735 315 763 non
357 719 504 774 possit,
548 718 638 761 Gal.
680 717 718 769 3,
762 716 825 758 18.
867 715 1029 757 Eadem
1058 717 1132 758 ‘est
1168 714 1280 758 ratio
1318 715 1603 769 oppositionis
1632 714 1792 768 Legis

232 805 472 845 operum,
513 791 563 831 et
599 787 760 842 Legis
794 787 951 839 fidei,
980 785 1103 829 Rom.
1131 787 1169 838 3,
1198 786 1263 828 27.
1293 801 1472 840 quarum
1498 786 1640 841 prima
1666 786 1793 829 intel-

230 863 390 917 ligitur,
424 860 615 904 doctrina
654 874 738 913 qua
775 859 888 901 salus
924 858 1206 912 promittitur,
1241 858 1318 900 sub
1347 858 1590 901 conditione
1619 858 1664 901 si
1692 873 1793 902 om-

232 933 318 975 nia
345 933 565 983 feceris;
595 931 729 973 altera
757 945 869 983 vero,
896 930 1091 972 doctrina
1121 944 1206 983 qua
1231 929 1377 972 eadem
1400 929 1512 972 salus
1535 930 1794 984 proponitur

232 1005 307 1047 sub
347 1004 588 1046 conditione
620 1003 663 1044 si
694 1002 1026 1055 credideris,
1058 1016 1187 1055 quam
1214 1002 1353 1054 ipsam
1380 999 1667 1043 conditionem
1695 1015 1793 1054 gra-

231 1076 287 1117 tis
317 1075 389 1117 dat
416 1074 532 1116 Deus
561 1076 609 1115 ut
636 1073 843 1127 impleant
872 1074 1112 1126 quicunque
1137 1073 1437 1126 justificantur.

284 1145 380 1187 Vll.
414 1144 508 1187 Hoc
544 1144 679 1198 igitur
717 1158 855 1196 sensu,
883 1143 1057 1186 Vetus
1088 1143 1494 1187 Testamentum
1521 1143 1676 1186 dicitur
1703 1142 1794 1185 Mi-

233 1216 521 1259 nisterium
560 1215 774 1267 mortis,
811 1215 978 1258 litera
1011 1215 1287 1269 occidens,
1327 1217 1351 1257 2
1389 1215 1483 1258 Cor.
1521 1216 1558 1267 3,
1587 1216 1625 1258 6.
1653 1215 1794 1257 into-

232 1287 467 1330 lerabile
490 1288 678 1340 jugum
706 1287 911 1329 servitute
941 1287 1124 1330 cultores
1152 1301 1360 1342 premens,
1382 1287 1477 1329 Act.
1502 1286 1566 1338 15,
1592 1287 1654 1328 10.
1678 1285 1795 1329 Um-

234 1360 326 1400 bra
363 1360 572 1400 tantum
608 1357 922 1401 futurorum
958 1359 1243 1410 bonorum,
1280 1357 1389 1400 Heb.
1420 1357 1484 1409 lO,
1513 1357 1549 1399 1.
1573 1356 1796 1412 imperfec-

232 1432 336 1482 tum,
379 1430 642 1483 abolendum,
687 1432 764 1472 etc.
808 1429 885 1472 Cui
923 1430 1170 1485 oppositum
1206 1429 1380 1472 Novum
1417 1428 1602 1473 Testam.
1632 1444 1682 1471 ea
1711 1443 1796 1482 qua

234 1503 413 1544 diximus
453 1502 775 1556 significatione,
806 1504 869 1545 est
898 1502 1270 1544 ministerium
1299 1501 1550 1556 Spiritus
1577 1500 1795 1543 vivifican-

232 1574 301 1627 tis,
340 1574 460 1616 lene
498 1573 707 1616 Christi
743 1575 950 1628 jugum,
990 1574 1152 1616 donans
1179 1588 1257 1616 nos
1288 1573 1443 1627 spiritu
1466 1572 1724 1627 adoptionis,
1753 1574 1796 1615 et

232 1646 429 1689 libertate
459 1646 643 1689 filiorum
670 1645 763 1698 Dei,
795 1644 919 1687 Matt.
950 1644 1014 1697 11,
1043 1645 1106 1687 29.
1129 1644 1253 1686 Rom.
1279 1645 1316 1697 8,
1343 1644 1405 1686 17.
1430 1644 1591 1686 habens
1615 1657 1795 1686 veram

233 1717 521 1771 imaginem
549 1733 746 1770 rerum,
776 1717 1012 1772 perfectum
1040 1719 1082 1759 et
1111 1718 1341 1759 aeternum.

286 1788 403 1831 VIII.
427 1789 630 1843 Figurate
653 1805 728 1844 per
750 1788 1060 1843 Metonymiam
1083 1788 1253 1830 Vetus
1277 1790 1319 1830 et
1341 1786 1549 1830 Novum
1573 1786 1798 1829 Testam.

236 1860 504 1915 appellantur
541 1861 639 1903 libri
676 1861 750 1914 qui
778 1861 922 1903 codice
950 1860 1121 1902 Veteris
1151 1859 1264 1902 Test.
1298 1859 1580 1912 continentur,
1613 1861 1655 1901 et
1678 1858 1799 1912 Apo-

236 1931 443 1973 stolorum
471 1934 598 1985 atque
626 1931 1000 1986 Evangelistarum
1028 1932 1199 1985 scripta,
1230 1946 1314 1984 quo
1343 1931 1470 1972 modo
1498 1930 1543 1972 in
1570 1930 1697 1972 rebus
1718 1929 1800 1971 hu-

236 2004 383 2055 manis,
422 2003 592 2046 tabulae
631 2006 672 2045 et
710 2004 832 2057 signa
868 2005 1239 2055 testamentorum,
1277 2002 1552 2045 Testamenta
1577 2003 1798 2053 vocantur,

237 2089 321 2127 qua
356 2074 521 2116 ratione
550 2075 678 2116 etiam
707 2075 829 2128 signa
857 2074 1201 2126 Sacramentalia,
1232 2074 1409 2116 eandem
1437 2073 1700 2116 Testamenti
1729 2071 1800 2114 de-

236 2146 571 2189 nominationem
600 2149 834 2188 assumunt.
859 2145 929 2189 Sic
951 2145 1187 2200 Apostolus
1211 2147 1235 2186 2
1261 2144 1354 2188 Cor.
1377 2146 1414 2198 3,
1443 2145 1506 2187 14.
1529 2144 1724 2198 loquitur
1747 2143 1797 2186 de

237 2217 504 2259 velamine
540 2220 791 2260 manente
829 2218 882 2259 in
920 2217 1164 2260 lectione
1191 2216 1414 2259 Veteris
1444 2215 1797 2259 Testamenti.

237 2286 304 2328 Ex
333 2288 450 2341 cujus
479 2289 581 2331 dicti
609 2289 818 2343 analogia,
847 2289 973 2331 lectio
1003 2288 1229 2342 Evangelii
1256 2291 1400 2344 potest
1428 2288 1510 2330 dici
1533 2288 1660 2330 lectio
1683 2285 1800 2329 Novi

239 2358 512 2412 Testamenti,
565 2375 648 2413 quo
701 2375 836 2412 sensu,
889 2360 1019 2413 vulgo
1062 2359 1177 2402 Novi
1218 2359 1483 2402 Testamenti
1524 2373 1679 2401 nomen
1719 2372 1799 2412 pro

238 2429 569 2484 Evangeliorum
599 2431 740 2473 codice
769 2434 1012 2485 usurpatur.
1041 2430 1156 2473 Nam
1183 2431 1299 2484 quod
1326 2431 1370 2472 in
1400 2430 1547 2473 eodem
1578 2444 1670 2483 cap.
1692 2443 1799 2471 verS.

239 2503 275 2543 6.
313 2503 502 2555 loquitur
540 2503 589 2544 de
626 2503 901 2545 Ministris
938 2502 1079 2545 Novi
1108 2502 1340 2545 Testam.
1370 2503 1414 2544 id
1442 2503 1495 2545 ad
1519 2501 1708 2545 codicem
1735 2515 1801 2543 sa-

241 2587 357 2614 crum
380 2587 466 2615 non
489 2562 686 2626 pertinet.
711 2574 780 2615 Ad
803 2574 925 2628 signa
947 2588 1047 2616 vero
1073 2574 1187 2626 quod
1210 2574 1376 2627 attinet,
1400 2573 1610 2616 Poculum
1631 2571 1802 2614 Eucha-

240 2643 384 2685 ristiae
423 2643 616 2686 Christus
653 2645 754 2698 ipse,
794 2647 1084 2696 μετωνυμικῶς,
1123 2643 1330 2687 Novum
1367 2645 1594 2687 Testam.
1631 2644 1677 2685 in
1705 2657 1801 2685 san-

243 2715 368 2767 guine
410 2730 484 2757 suo
528 2716 772 2769 appellavit,
813 2715 912 2758 Luc.
949 2717 1013 2768 22,
1052 2717 1115 2758 20.
1145 2719 1187 2758 et
1215 2716 1451 2770 Apostolus
1481 2715 1801 2759 Testamentum

244 2798 315 2825 seu
343 2785 490 2827 foedus
520 2787 861 2838 circumcisionis,
890 2786 985 2828 Act.
1015 2787 1051 2839 7,
1081 2788 1118 2828 8.

297 2853 369 2896 IX.
409 2856 572 2898 Horum
609 2858 815 2900 librorum
852 2860 894 2900 et
923 2858 1144 2912 signorum
1172 2857 1464 2901 convenientia
1493 2859 1536 2899 et
1563 2857 1800 2909 discrimen,

244 2925 401 2978 pendet
429 2941 453 2967 a
480 2929 667 2970 materiis
691 2929 891 2983 subjectis
916 2932 958 2971 et
980 2929 1250 2972 revelationis
1273 2929 1422 2981 modis,
1448 2929 1498 2972 de
1523 2929 1678 2983 quibus
1702 2928 1802 2982 quia

244 2995 289 3037 in
318 2996 410 3038 aliis
433 2998 747 3051 acceptionibus
777 3001 999 3044 dicendum
1030 3001 1123 3055 erit,
1151 3001 1234 3044 levi
1260 3000 1435 3054 negotio
1465 3000 1568 3053 quid
1596 3000 1646 3042 de
1673 3001 1802 3043 utris-
