1931 3224
235 176 312 218 164
817 175 1059 217 DISPUTATIO
1090 174 1206 217 XIX.

235 314 316 352 quo
345 313 469 340 sensu
498 299 541 338 in
571 298 790 352 Scriptura
818 300 931 340 idola
958 299 1154 340 dicuntur
1179 298 1403 350 vanitates,
1427 297 1649 349 falsitates,
1674 311 1790 338 men-

234 371 416 420 dacium3
448 370 532 412 ἐστὶ
564 371 636 420 μὲν
669 372 766 412 ἀλλ’
793 372 858 412 οὐκ
884 370 972 423 ἔχει
1005 370 1092 412 τινοὶ
1126 369 1254 422 ἰσχύν,
1289 367 1429 422 inquit
1450 367 1791 422 Ohrysostomus,

231 442 356 483 Hom.
387 442 448 483 20.
479 442 523 483 111
554 443 588 483 1.
616 443 667 484 acl
697 442 934 483 Corinthos.

283 512 378 554 VH.
417 512 585 555 Nomen
624 516 764 555 autem
803 512 986 565 λοιτρείοι,
1029 513 1107 554 etsi
1145 527 1240 554 cum
1278 511 1417 553 solum
1449 511 1636 564 ponitur,
1667 524 1793 563 saepe

232 585 284 625 ad
327 584 519 626 homines
562 583 779 635 referatur,
822 583 922 635 imo,
960 585 1007 624 ut
1043 581 1170 624 Valla
1196 583 1365 625 notavit
1393 585 1434 625 et
1464 581 1667 636 exemplis
1694 584 1793 636 Pro-

231 656 359 708 bavit,
390 657 526 709 magis
556 656 607 697 ad
636 655 828 696 homines
855 654 1121 708 pertinuerit,
1153 656 1194 696 et
1224 669 1332 696 vana
1361 654 1429 706 sit,
1461 654 1496 695 si
1524 668 1648 696 voces
1673 668 1793 707 spec-

230 729 379 779 tenmS,
411 728 600 779 λοιτρείοις
633 730 675 768 et
708 725 904 774 δουλείοος,
938 727 982 768 111
1015 740 1140 767 sensu
1169 726 1222 768 ab
1251 725 1504 768 adversariis
1534 725 1791 779 excogitato,
1833 745 1836 748 ·

230 799 467 848 distinctim
506 801 649 840 tamen
685 799 729 839 in
769 797 1079 851 compositione
1126 800 1192 839 τοῦ
1236 797 1405 846 εἰδώλου,
1447 797 1632 838 fatemur
1660 796 1794 850 accipi

229 885 305 922 pro
351 870 466 910 cultu
508 870 721 922 religioso,
766 872 807 911 et
846 869 1040 911 omnibus
1080 869 1133 910 acl
1171 883 1266 910 eum
1293 869 1620 921 pertinentibus,
1651 868 1794 921 qualia

229 943 326 981 sunt
369 941 572 992 adoratio,
616 941 844 992 invocatio,
885 941 1049 993 fiducia,
1086 941 1356 993 eucharistia,
1388 940 1650 991 sacrificium,
1676 941 1794 992 jura-

229 1014 430 1063 mentum,
470 1015 580 1064 vota,
617 1012 906 1066 Templorum,
935 1012 1152 1054 Altarium
1182 1014 1223 1054 et
1252 1011 1480 1054 Festorum
1509 1010 1793 1066 consecratio-

229 1097 312 1134 nes,
358 1085 447 1134 etc.,
494 1098 599 1135 quae
641 1083 909 1136 Augustinus
949 1084 1015 1126 his
1053 1084 1194 1126 verbis
1229 1083 1572 1137 comprehendit:
1603 1081 1794 1124 Cultus

232 1154 536 1206 divinitati,
575 1154 658 1196 vel
698 1155 740 1195 si
780 1155 1098 1208 expressius
1136 1156 1439 1207 dicendum,
1468 1153 1684 1196 Deitati
1714 1153 1795 1195 de-

230 1225 399 1277 bitus,
438 1228 516 1267 est
547 1241 656 1267 cum
686 1241 840 1268 sacra
867 1226 1120 1279 facimus,
1151 1227 1559 1278 sacrificamus,
1589 1225 1671 1267 vel
1699 1225 1794 1267 ali-

231 1311 331 1348 qua
368 1299 576 1348 nostra,
615 1312 704 1339 seu
733 1312 828 1339 nos
857 1298 1030 1351 ipsos,
1060 1298 1348 1351 religiosis
1377 1298 1583 1340 ritibus
1613 1311 1794 1340 conse-

231 1382 458 1419 cramus,
488 1368 551 1409 De
582 1368 667 1410 Civ.
698 1368 791 1420 Dei,
822 1368 911 1411 Lib.
943 1370 1005 1410 10.
1037 1384 1069 1411 0.
1103 1370 1138 1411 l.

282 1439 397 1481 VIII.
427 1440 506 1481 Est
534 1441 667 1493 igitur
694 1439 955 1493 Idololatria,
987 1441 1039 1482 ad
1067 1456 1157 1482 rem
1186 1442 1300 1495 quod
1324 1442 1491 1494 attinet,
1527 1440 1792 1494 σεβοέζεσθοιι

229 1512 295 1554 uos}
341 1511 541 1565 λατρεύειν
587 1517 635 1564 τῇ
667 1512 790 1554 κτίσει
823 1512 936 1565 πικροὶ
969 1512 1033 1554 τὸν
1065 1512 1277 1563 κτίσοιντοο,
1317 1514 1362 1555 id
1401 1516 1475 1566 est,
1517 1513 1697 1555 colere
1736 1528 1793 1555 ac

230 1584 436 1625 servire
488 1584 648 1626 rebus
701 1585 928 1636 creatis,
977 1586 1292 1638 praeterito
1338 1586 1606 1636 creatore,
1651 1583 1792 1625 Rom.

229 1655 265 1706 l,
296 1655 358 1695 25.
390 1654 660 1708 Superstitio,
692 1671 774 1708 qua
799 1656 968 1698 debitus
994 1656 1074 1698 soli
1100 1656 1190 1699 Deo
1217 1657 1368 1708 cultus,
1393 1655 1623 1709 religiosus
1641 1670 1793 1709 nempe

231 1726 367 1777 quivis
407 1727 443 1767 ei
484 1726 718 1778 exhibetur,
758 1727 825 1768 cui
862 1742 948 1769 non
988 1728 1112 1769 debet
1142 1727 1343 1780 exhiberi,
1385 1728 1472 1769 sive
1503 1729 1696 1769 creatura
1726 1727 1792 1778 sit,

230 1797 315 1838 sive
344 1797 594 1850 figmentum
618 1798 869 1851 humanum3
887 1815 971 1852 qua
995 1799 1319 1853 significatione,
1345 1799 1462 1841 salva
1486 1799 1670 1841 nominis
1694 1812 1796 1852 pro-

230 1869 425 1920 prietate,
467 1868 739 1912 Idololatriae
780 1886 863 1913 vox
903 1871 1013 1913 hanc
1053 1871 1184 1913 habet
1226 1871 1528 1922 extensionem,
1571 1872 1620 1911 ut
1659 1870 1714 1911 sit
1751 1869 1796 1910 in

231 1953 395 1991 genere,
425 1940 691 1993 religiosa
721 1942 890 1983 latria
919 1944 1230 1995 creaturae,
1261 1942 1347 1984 sive
1378 1957 1426 1984 ea
1455 1942 1596 1984 animo
1625 1943 1795 1983 tantum

229 2009 315 2061 fiat,
355 2011 440 2052 sive
479 2013 688 2065 corporali
728 2015 769 2055 et
807 2016 981 2073 externo
1013 2015 1140 2067 cultu,
1172 2014 1258 2056 sive
1287 2014 1331 2056 in
1360 2014 1560 2067 imagine,
1589 2014 1677 2055 sive
1705 2014 1795 2055 sine

232 2096 298 2131 ea;
336 2097 433 2123 nam
473 2085 513 2123 et
543 2084 742 2126 dracones
773 2088 814 2126 et
844 2089 1073 2139 serpentes,
1104 2087 1208 2128 item
1236 2086 1393 2140 ignem,
1424 2088 1612 2137 ventum,
1641 2088 1795 2136 aerem,

231 2154 374 2205 solem,
404 2154 546 2196 lunam
576 2158 617 2197 et
647 2156 800 2208 stellas,
832 2157 991 2210 alioqui
1021 2157 1219 2211 religiose
1249 2157 1488 2207 coluerunt3
1518 2172 1596 2199 nec
1622 2156 1674 2198 ab
1698 2155 1796 2198 Ido-

230 2225 423 2267 lolatriae
463 2226 633 2268 crimine
663 2227 942 2270 absolvuntur
970 2228 1153 2270 Romani
1181 2231 1274 2271 toto
1305 2228 1377 2270 illo
1406 2231 1613 2282 tempore,
1641 2242 1795 2281 nempe

232 2298 399 2337 centum
441 2298 713 2351 septuaginta
756 2314 963 2341 annorum
1007 2300 1060 2341 ab
1103 2300 1207 2342 urbe
1245 2300 1427 2352 condita,
1468 2314 1552 2352 quo
1582 2297 1695 2352 apud
1725 2311 1795 2340 eos

231 2366 406 2420 Templa
450 2368 538 2410 sine
582 2369 840 2422 imaginibus
878 2373 952 2412 aut
990 2371 1228 2413 simulacris
1256 2371 1387 2413 fuisse
1415 2373 1597 2413 testatur
1625 2369 1795 2411 Plutar-

232 2437 333 2479 chus
371 2440 414 2480 in
443 2439 531 2481 vita
559 2439 737 2492 Numae,
770 2443 870 2494 quia
898 2443 1132 2484 nondum
1161 2445 1288 2485 tunc
1317 2442 1540 2496 ingenia
1570 2441 1795 2483 Graeco-

230 2524 341 2550 rum
384 2513 544 2563 atque
586 2511 885 2562 Tuscorum
927 2513 1211 2567 fingendis
1255 2513 1567 2555 simulacris
1610 2513 1795 2554 urbem

230 2580 655 2633 inundaverant,
685 2586 733 2624 ut
761 2584 863 2625 scite
893 2583 1051 2625 Tertul.
1083 2585 1210 2639 Apol.
1241 2600 1273 2627 0.
1305 2585 1367 2627 25.

283 2651 354 2693 ΙΧ.
392 2651 440 2693 111
468 2652 548 2694 hac
578 2654 822 2696 definitione
853 2653 994 2697 Genus
1026 2658 1089 2698 est
1119 2655 1484 2710 Superstitio,
1515 2656 1566 2697 de
1595 2670 1678 2708 qua
1707 2655 1794 2697 (110-

231 2726 320 2763 tum
365 2727 438 2765 est.
483 2724 705 2778 Objectum
749 2729 825 2777 est,
870 2727 1070 2780 quicquid
1114 2743 1200 2770 non
1239 2730 1301 2770 est
1329 2727 1444 2770 Deus
1472 2742 1607 2769 verus.
1637 2726 1794 2769 Forma

232 2794 318 2835 sive
353 2795 600 2847 differentia,
631 2797 823 2838 consistit
851 2798 894 2839 in
925 2799 1041 2840 cultu
1069 2799 1271 2853 religioso
1303 2799 1597 2852 qualicunque,
1629 2798 1679 2840 de
1709 2812 1792 2851 quo

231 2864 338 2905 nihil
376 2869 448 2906 aut
485 2882 635 2919 parum
674 2867 816 2921 refert,
857 2883 1108 2923 quocunque
1135 2871 1342 2913 vocabulo
1372 2873 1445 2912 aut
1475 2869 1621 2924 phrasi
1651 2869 1793 2923 expri-

231 2937 383 2986 matur,
436 2951 586 2990 nempe
637 2939 765 2980 verbo
822 2941 1035 2993 λατρεύειν,
1078 2941 1145 2982 vel
1189 2942 1394 2991 δουλεύειν,
1436 2941 1502 2983 vel
1539 2941 1686 2992 σέβειν,
1728 2940 1794 2983 vel

233 3012 461 3058 προσκυνεῖν,
517 3008 741 3051 (1111111110ᾶο
781 3026 831 3052 ex
858 3026 903 3053 re
931 3012 1025 3064 ipsa
1053 3015 1230 3064 constet,
1259 3012 1503 3066 religiosum
1533 3014 1575 3053 et
1604 3011 1792 3053 divinum
