1931 3224
554 122 618 163 DE
649 120 920 163 SACRAMENT1S
948 136 988 163 IN
1017 136 1176 164 GENERE.
1567 120 1643 160 481

83 259 305 299 quarum
333 247 457 287 sunt
485 245 860 297 Sacramenta,
887 261 1038 299 quam
1063 246 1107 287 si
1131 259 1234 287 non
1255 243 1532 293 haberent,
1557 242 1642 284 Sa-

83 318 360 359 cramenta
383 331 486 358 non
512 331 664 358 essen
675 319 704 366 t,
729 316 912 370 August.
938 316 1075 370 Epist.
1096 317 1159 357 23.
1177 316 1229 357 ad
1244 314 1384 357 Bonis.
1400 328 1486 356 non
1500 316 1643 355 tamen

82 388 274 430 absolute
306 387 559 440 requirenda
588 390 651 429 est
680 387 911 430 similitudo
942 387 1132 442 physica,
1163 387 1236 428 sed
1263 389 1429 428 tantum
1458 385 1646 435 moralis,

82 473 189 512 quae
230 458 283 500 ab
324 459 522 500 instituto
567 461 608 500 et
637 459 856 501 voluntate
897 459 1064 513 pendet,
1104 473 1235 511 eaque
1277 458 1320 498 in
1363 457 1648 499 Sacramentis

81 530 244 580 divina;
273 531 321 571 ut
343 544 471 583 supra
496 530 770 571 ostendimus.
796 529 895 571 Non
920 544 1124 583 negamus
1147 531 1303 580 tamen,
1330 528 1647 570 convenientius

80 601 221 653 fuisse,
247 603 296 642 ut
318 616 385 643 res
409 602 668 655 eligerentur
694 617 801 655 quae
825 602 1062 643 naturalem
1087 601 1215 643 etiam
1240 600 1425 652 aliquam
1439 599 1648 640 haberent

82 672 335 726 analogiam,
375 673 489 725 quod
524 673 569 714 in
606 674 763 715 nostris
798 672 1083 715 Sacramentis
1112 672 1272 713 factum
1300 671 1429 713 fuisse
1459 673 1647 713 constat:

82 759 189 797 quae
231 744 492 786 honorem
536 747 807 797 tamquam
848 745 1117 798 religiosa
1159 743 1359 785 habere
1400 744 1648 796 possunt,

81 818 360 870 stuporem
391 818 650 869 tanquam
687 816 820 857 mira
858 830 963 857 non
1001 816 1240 868 possunt.
1271 813 1381 866 Aug.
1412 813 1502 855 Lib.
1532 814 1568 854 3.
1598 813 1648 854 de

81 886 231 928 Trinit.
261 902 294 928 c.
325 887 387 928 10.
418 902 494 929 nec
523 887 701 940 proinde
729 887 840 928 inter
869 886 990 940 signa
1020 885 1267 939 prodigiosa
1296 885 1458 938 reponi.

134 957 271 1000 XVII.
310 958 458 1010 Porro,
498 959 699 1011 quoniam
735 959 847 999 inter
886 958 1008 1010 signa
1037 957 1149 1005 data,
1179 970 1253 997 seu
1277 956 1487 1008 instituta,
1518 955 1646 998 etiam

81 1030 236 1082 divina,
262 1030 470 1082 quaedam
493 1032 591 1071 sunt
615 1029 905 1081 μνημονευτικαὶ
937 1031 1117 1080 tantum,
1143 1028 1169 1069 i.
1193 1029 1238 1069 in
1265 1043 1360 1070 eum
1383 1043 1507 1069 usum
1529 1027 1651 1069 insti-

80 1103 186 1152 tuta,
216 1103 264 1142 ut
293 1101 377 1142 sint
407 1101 739 1153 praeteritarum
764 1101 972 1141 duntaxat
996 1114 1137 1140 rerum
1162 1101 1449 1150 monumenta,
1475 1100 1522 1140 ut
1547 1099 1650 1140 duo-

22 1173 24 1175 ’
82 1171 216 1213 decim
244 1171 405 1225 lapides
432 1186 482 1213 ex
506 1170 534 1212 J
537 1171 706 1213 ordanis
731 1171 850 1212 alveo
876 1170 1047 1221 sublati,
1066 1169 1110 1210 in
1132 1170 1425 1210 testimonium
1453 1169 1653 1211 exsiccati

80 1242 288 1293 fiuminis3
327 1242 410 1283 alia
441 1242 686 1293 σημαντικόι,
717 1257 807 1284 16111
835 1244 1102 1296 praesentem
1130 1240 1197 1282 vel
1222 1240 1410 1282 futuram
1427 1241 1651 1295 designan-

79 1314 153 1366 tia,
191 1316 239 1355 ut
269 1312 348 1355 Iris
378 1313 421 1354 in
452 1313 593 1364 coelo;
625 1314 707 1355 alia
738 1314 930 1366 denique,
960 1315 1007 1354 ut
1034 1315 1204 1367 praeter
1234 1312 1484 1354 memoriam
1512 1327 1653 1354 rerum

80 1385 422 1438 praeteritarum,
460 1387 672 1427 testentur
712 1385 840 1427 etiam
879 1385 923 1426 id
963 1385 1029 1426 cui
1067 1384 1347 1437 significando
1383 1384 1652 1435 adhibentur,

79 1471 176 1498 vere
215 1458 257 1498 et
293 1457 434 1509 reipsa
472 1456 576 1508 dari,
607 1458 781 1509 ejusque
811 1456 1140 1510 promissionem
1168 1456 1213 1497 in
1242 1456 1654 1497 communicantibus

78 1527 195 1569 velut
232 1527 440 1580 impresso
481 1527 621 1580 sigillo
655 1528 906 1581 obsignent:
937 1528 989 1569 ad
1018 1530 1281 1581 postremam
1309 1527 1426 1569 illam
1456 1528 1653 1581 speciem,

87 1599 407 1641 sacramentalia
449 1599 572 1651 signa
613 1613 871 1650 revocamus,
914 1599 963 1640 ut
1005 1600 1163 1653 partim
1201 1600 1285 1640 sint
1322 1599 1652 1652 praeteritorum

86 1671 390 1722 μνημονευτικέι,
406 1670 564 1724 partim
579 1670 866 1724 praesentium
884 1672 925 1711 et
941 1670 1137 1724 deinceps
1152 1670 1394 1712 futurorum
1409 1670 1653 1725 σφραγίδες.
1713 1699 1717 1702 -

138 1741 297 1783 XVIII.
335 1741 385 1783 In
423 1741 588 1783 actione
617 1744 758 1784 autem
788 1742 1094 1793 sacramentali,
1126 1743 1346 1795 signorum
1375 1744 1518 1795 partes
1547 1741 1653 1782 duae

87 1813 424 1862 considerantur;
467 1828 641 1865 quarum
674 1828 757 1854 una
783 1815 846 1854 est
876 1814 1156 1865 elementaris,
1187 1814 1320 1856 altera
1349 1813 1653 1865 ceremonialis,

84 1883 159 1925 illa
195 1899 285 1926 rem
323 1883 660 1935 substantialem,
689 1884 793 1926 haec
824 1884 1035 1926 actionem
1065 1887 1106 1926 et
1135 1885 1242 1926 ritus
1271 1885 1457 1938 respicit.
1491 1884 1655 1938 Appel-

85 1954 220 1996 lamus
247 1958 388 1997 autem
416 1970 505 1997 rem
530 1955 855 1997 substantialem
878 1956 922 1997 in
947 1955 1235 2009 Sacramento,
1260 1957 1365 1998 illud
1391 1971 1525 2006 omne,
1542 1956 1656 2008 quod

86 2041 110 2067 a
148 2027 363 2068 communi
399 2041 489 2078 usu,
530 2041 581 2068 ex
619 2026 818 2068 instituto
848 2026 929 2068 Dei
959 2031 1232 2080 segregatum
1262 2030 1336 2079 est,
1368 2030 1410 2069 et
1437 2027 1564 2069 rebus
1592 2027 1655 2068 in-

84 2098 215 2139 ternis
253 2100 295 2140 et
323 2097 616 2151 spiritualibus
650 2097 952 2151 significandis,
984 2099 1271 2151 obsignandiS,
1302 2098 1555 2152 praebendis
1584 2098 1656 2139 de-

85 2169 302 2211 stinatum.
332 2169 479 2211 Talem
505 2171 648 2211 autem
671 2184 760 2211 rem
785 2184 870 2211 non
891 2171 1061 2211 tantum
1076 2170 1120 2211 in
1140 2185 1294 2223 genere
1320 2169 1643 2211 sensibilem

85 2241 159 2284 sed
188 2242 317 2283 etiam
351 2242 396 2283 in
425 2241 565 2294 specie
593 2240 889 2293 visibilem,
922 2240 1295 2283 Sacramentorum
1323 2242 1433 2284 ratio
1462 2221 1656 2294 requiriti

84 2311 198 2354 Nam
239 2313 416 2355 verbum
460 2315 523 2354 est
568 2312 696 2354 etiam
736 2312 907 2365 signum
949 2313 1126 2365 visibile,
1174 2313 1286 2366 quod.
1325 2329 1349 2354 a
1383 2312 1656 2356 Sacramento

0 2375 22 2393 ³
83 2383 306 2438 perspicue
345 2383 635 2437 distinguitur,
674 2384 865 2426 dmum-&v
906 2399 1058 2438 nempe
1093 2384 1145 2425 ab
1183 2385 1319 2437 ὁρατῷ.
1353 2383 1454 2426 Ideo
1486 2384 1658 2437 Augus-

13 2480 25 2486 ν
83 2456 198 2497 tinus
251 2455 483 2510 appellavit
515 2454 814 2509 Sacramenta,
867 2455 1033 2498 verba
1083 2454 1350 2506 visibilia,
1405 2454 1454 2496 de
1498 2454 1657 2496 catech.

85 2527 274 2578 rudibus,
318 2541 407 2579 cap.
450 2527 514 2568 26.
558 2526 649 2569 Nec
690 2527 838 2568 abnuit
875 2526 1166 2568 Catechismus
1194 2525 1434 2567 Tridentini
1463 2525 1655 2577 Concilii,

86 2612 181 2639 cum
201 2596 360 2648 definit,
386 2595 796 2639 Sacramentum
831 2596 1147 2639 invisibilis
1181 2596 1397 2650 gratiae
1430 2596 1658 2638 visibile

85 2668 312 2722 signum,
369 2668 431 2709 ad
479 2671 724 2710 nostram
774 2667 1260 2721 justificationem
1311 2666 1658 2721 institutum,

85 2739 202 2782 Part.
232 2740 268 2782 2.
300 2754 333 2781 c.
365 2740 400 2781 1.
430 2739 539 2781 Sect.
570 2740 606 2781 3.

137 2810 252 2853 XIX.
284 2810 396 2853 Male
424 2810 557 2865 igitur
588 2826 612 2852 a
641 2809 817 2853 Concilii
842 2811 994 2864 verbis,
1019 2811 1106 2853 imo
1134 2826 1158 2852 a
1184 2810 1361 2852 veritate
1385 2809 1478 2864 ipsa
1501 2810 1661 2853 recedit

0 2868 33 2923 ’1
85 2881 284 2926 Β61131111.
324 2883 374 2925 de
412 2882 600 2925 Sacram.
635 2883 680 2924 in
718 2898 811 2937 gen.
853 2882 897 2924 L.
929 2884 964 2925 1.
993 2897 1025 2925 c.
1056 2883 1118 2924 14.
1150 2883 1248 2924 dum
1279 2882 1418 2924 satis
1450 2897 1562 2924 esse
1600 2882 1661 2925 ad

85 2952 423 2997 Sacramenti
461 2957 713 2997 naturam
747 2956 910 3008 asserit,
941 2955 986 2996 si
1017 2955 1206 3007 aliquo
1238 2969 1396 2996 sensu
1425 2955 1660 3008 percipi·-

1467 3027 1500 3052 31
