1931 3224
340 148 404 191 DE
433 148 629 191 CONOILIIS
657 164 727 192 suu
755 149 1027 192 Convssurmus
1056 150 1385 193 Ecctnsmsrms.
1560 153 1634 194 601

78 270 180 312 bum
208 270 301 325 fuit,
329 272 426 316 Act.
456 273 520 326 15,
546 273 607 315 19.
633 273 700 315 cui
725 276 766 317 et
792 288 936 317 omnes
962 289 1180 317 assensum
1203 275 1503 329 praebuerunt,
1520 291 1557 318 v,
1574 277 1637 318 22.

80 343 140 384 sic
190 345 231 384 et
281 343 377 386 Act.
431 345 494 386 21.
546 343 597 386 In
646 343 835 387 Nicaena
886 345 1216 388 Eustathius
1259 347 1639 390 Antiochenus

78 413 411 468 Episcopus,
451 417 526 456 aut
560 416 717 469 potius,
757 419 963 469 quantum
1002 432 1052 458 ex
1091 417 1476 472 subscriptionibus
1506 433 1640 473 appa-
1678 414 1681 415 ⁷

79 488 156 538 ret,
194 486 399 528 Hosius
437 486 809 529 Cordubensis
848 487 892 529 in
931 487 1142 542 Hispania
1170 487 1423 542 Episcopus.
1453 488 1502 530 In
1531 487 1640 530 Con-

79 557 476 610 stantinopolitana,
533 558 772 612 Episcopus
824 559 906 600 loci
956 558 997 601 N
1010 559 1272 611 ectarius3
1323 560 1367 600 in
1408 558 1639 612 Ephesina,

79 627 321 682 Cyl-illus
359 628 799 681 Alexandrinus,
837 629 882 670 in
917 629 1259 682 Chalcedonensi,
1289 629 1391 672 Leo
1416 630 1639 684 Episco-

78 714 176 753 pus
212 700 488 753 Romanus,
526 715 601 754 per
639 701 820 743 vicarios
859 716 969 753 suos,
1009 703 1214 754 quantum
1253 716 1303 743 ex
1340 701 1460 743 Actis
1491 702 1640 755 depre-

77 771 260 813 hendere
291 772 402 814 licet.

131 841 281 884 XLIV.
318 842 676 896 Magistratui
713 843 825 886 idem
864 858 938 886 suo
971 844 1097 885 modo
1129 844 1346 898 competit,
1376 859 1529 898 nempe
1558 859 1641 898 qua

78 913 365 966 praesidentia
402 913 579 956 Concilii
613 917 830 956 externam
859 914 1061 957 Politian]
1090 917 1132 956 et
1164 914 1354 965 εὐταξίαν
1383 918 1560 970 spectat,
1599 919 1641 958 et

79 983 285 1039 accipitur
327 999 406 1038 pro
449 986 713 1038 inspectione
752 989 795 1028 et
834 1001 945 1038 cura,
985 1001 1036 1028 ne
1075 986 1302 1039 quicquam
1338 986 1560 1040 illegitime
1600 989 1642 1029 et

79 1058 229 1097 contra
257 1056 448 1098 ordinem
476 1057 705 1110 publicum,
735 1057 987 1099 immodeste
1017 1060 1058 1099 et
1086 1058 1329 1110 insolenter,
1358 1061 1430 1100 aut
1455 1073 1532 1112 per
1555 1059 1642 1100 vim

78 1129 173 1178 fiat3
214 1129 255 1168 et
295 1127 329 1170 si
368 1128 429 1180 fit,
469 1143 547 1181 pro
585 1128 829 1170 interventu
868 1131 909 1170 et
948 1129 1217 1171 coercitione.
1248 1129 1392 1182 Atque
1422 1144 1471 1171 eo
1501 1130 1641 1180 modo,

79 1201 287 1252 quatenus
324 1199 484 1240 bonum
522 1199 713 1241 ordinem
742 1214 818 1241 sua
848 1199 1104 1241 auctoritate
1134 1200 1379 1242 moderatur
1407 1216 1455 1242 ac
1485 1203 1641 1254 tuetur,

78 1269 292 1311 contraria
320 1272 501 1321 amovet,
530 1269 811 1323 Magistratus
840 1269 1013 1324 Synodo
1043 1273 1186 1324 potest
1217 1271 1298 1313 dici
1327 1272 1578 1325 praesidere.

131 1341 258 1384 XLV.
295 1340 579 1384 Praesidis
608 1356 710 1395 ergo
740 1342 1133 1385 Ecclesiastici
1162 1358 1372 1395 munus,
1402 1344 1508 1385 nulli
1538 1343 1643 1398 Epi-

77 1428 207 1468 scopo
245 1413 410 1455 ratione
449 1413 572 1465 sedis,
612 1415 685 1454 aut
715 1413 768 1455 ob
799 1413 1052 1456 eminentiae
1080 1414 1253 1456 alterius
1282 1415 1642 1469 praerogativam,

76 1484 147 1529 hic
176 1484 465 1537 concedimus;
496 1499 624 1537 quam
652 1486 797 1527 tamen
826 1485 1043 1527 Pontificii
1071 1500 1146 1528 suo
1176 1485 1377 1528 Pontifici
1404 1486 1643 1528 vendicant.

78 1555 230 1610 Neque
259 1556 363 1599 adeo
392 1571 574 1610 praeseS,
606 1571 713 1609 quae
743 1556 904 1598 ordinis
928 1570 1011 1598 vox
1045 1559 1120 1609 est,
1157 1556 1305 1598 ceteris
1338 1559 1553 1610 potestate
1579 1560 1643 1599 est

78 1628 227 1681 major,
257 1627 328 1669 sed
359 1627 506 1670 ordine
536 1630 578 1669 et
607 1626 875 1669 auctoritate.

132 1697 281 1740 XLVI.
320 1698 602 1741 Praesidis
632 1701 775 1741 autem
803 1701 990 1752 partes
1019 1702 1166 1752 sunt,
1196 1699 1393 1753 precibus
1422 1699 1492 1753 pie
1521 1714 1644 1753 prae-

77 1770 152 1821 ire,
182 1769 388 1812 sessiones
418 1770 639 1812 commode
668 1770 866 1821 indicere,
895 1784 961 1811 res
991 1770 1175 1824 agendas
1205 1772 1247 1812 et
1275 1771 1498 1825 agitandas
1522 1771 1642 1824 inge-

79 1854 161 1882 nue
212 1855 462 1895 proponere,
514 1841 843 1895 disceptationes
893 1841 1107 1895 sapienter
1147 1842 1370 1895 moderari,
1413 1842 1643 1884 sententias

81 1912 284 1965 cujusque
334 1926 499 1966 rogare,
551 1913 838 1967 suffragiaque
891 1913 1116 1967 diligenter
1159 1914 1370 1968 colligere,
1413 1915 1506 1968 pari
1549 1929 1644 1956 cum

80 1983 255 2036 reliquis
280 1984 377 2036 jure
405 1983 661 2025 sententiam
689 1984 838 2036 dicere,
864 1984 1072 2037 judicium
1101 1999 1322 2028 commune
1349 1986 1515 2039 integre
1543 2000 1644 2039 pro-

81 2055 294 2108 nunciare,
334 2057 375 2097 et
412 2055 594 2097 sollicite
633 2070 682 2097 ac
717 2055 898 2098 fideliter
937 2057 1123 2109 exsequi,
1160 2059 1232 2099 aut
1269 2071 1497 2111 procurare
1527 2072 1644 2100 exse-

81 2126 308 2180 quendum.

134 2196 307 2239 XLVII.
345 2197 535 2238 Praesidi
573 2197 746 2251 adjungi
781 2199 961 2251 possunt
998 2196 1346 2250 Assessores,
1374 2198 1542 2251 illisque
1571 2199 1644 2241 ad—

26 2306 29 2310 .
81 2267 255 2310 hibendi
285 2267 510 2311 Scribae
539 2282 630 2310 seu
659 2267 904 2320 Notarii,
934 2282 1114 2321 quorum
1143 2282 1273 2321 opera
1300 2269 1345 2310 in
1369 2269 1549 2311 fideliter
1574 2284 1644 2311 ex-

82 2338 287 2392 cipiendis
316 2338 685 2391 describendisque
713 2338 834 2380 Actis
856 2341 1024 2381 utatur:
1055 2340 1410 2392 quemadmodum
1436 2341 1482 2382 in
1505 2340 1644 2394 Epist.

82 2408 244 2462 Synodi
271 2409 700 2463 Hierosolymitanae,
731 2410 836 2452 actis
865 2410 1072 2452 universis
1102 2410 1313 2452 succincte
1342 2410 1500 2464 scripto
1530 2425 1644 2453 com-

83 2480 317 2535 prehensis,
356 2484 398 2523 et
437 2481 490 2523 ad
523 2481 677 2524 fratres
715 2495 1054 2534 quaquaversum
1090 2481 1241 2535 missis,
1270 2483 1412 2525 videre
1442 2484 1518 2534 est,
1546 2482 1644 2527 Act.

84 2553 147 2604 15,
177 2553 240 2595 23.
271 2555 313 2594 et
343 2553 406 2605 21,
436 2553 499 2594 25.

137 2624 330 2668 XLVIII.
371 2626 725 2680 Reliquorum
764 2641 1074 2680 σοι-13838118,
1115 2642 1204 2670 esse
1244 2628 1368 2669 debet
1396 2641 1475 2682 pro
1506 2627 1645 2682 digni-

83 2701 185 2751 tate,
223 2698 398 2750 meritis,
438 2701 480 2740 et
518 2698 797 2751 amplitudine
835 2698 1118 2742 Ecclesiarum
1155 2700 1307 2753 quibus
1335 2702 1550 2754 praesunt,
1578 2701 1645 2742 vel

84 2763 163 2824 pro
202 2771 411 2813 donorum
449 2785 622 2813 suorum
650 2771 910 2823 excellentia,
940 2774 1092 2824 aetate,
1122 2772 1305 2814 maxime
1333 2773 1378 2814 in
1407 2772 1643 2816 ministerio

85 2857 203 2886 sacro
234 2845 393 2885 exacta.
424 2842 568 2894 Atque
595 2842 665 2884 hic
693 2843 806 2884 valet
834 2843 1031 2897 generale
1058 2843 1166 2886 illud
1196 2844 1392 2897 quintum
1415 2844 1497 2886 Dei
1521 2859 1644 2899 prae·-

85 2917 267 2969 ceptum,
307 2914 525 2956 Patrem
553 2913 873 2966 honorabis,
905 2915 1030 2967 quod,
1061 2917 1108 2956 ut
1135 2915 1180 2957 in
1209 2915 1325 2957 omni
1354 2917 1481 2968 statu,
1511 2916 1573 2958 ita
1602 2919 1644 2958 et

84 2985 154 3027 hic
203 2985 343 3027 locum
389 2984 540 3026 habet:
583 2986 625 3026 et
666 2984 898 3027 ambitione
940 2987 981 3026 et
1022 2985 1289 3028 simulatione
1330 2989 1496 3029 remota
1536 3002 1644 3031 unus
