1931 3224
538 153 602 195 DE
632 153 933 196 SArisFAcrmNE
962 151 1062 194 Jsssu
1092 152 1266 194 CHRISTI.
1604 155 1682 194 293

124 278 356 332 pitiatio
395 293 498 320 11011
536 278 605 320 fit
633 278 742 320 nisi
769 291 862 331 per
889 276 1147 328 hostiam,
1176 276 1544 319 necessarium
1572 277 1682 319 fuit

121 348 404 402 provideri
433 349 672 391 hostiam
700 363 797 403 pro
827 350 1067 402 peccato.

511 511 776 563 Ambrosius,
807 510 857 552 de
886 509 1092 563 Josepho,
1122 508 1222 562 Cap.
1253 509 1291 550 4.

173 635 445 678 Venditus
487 637 568 676 est
609 634 817 688 Joseph
855 635 908 675 in
950 634 1228 688 Aegypto,
1269 634 1394 687 quia
1428 632 1681 676 Christus

119 709 381 749 venturus
423 706 484 747 ad
527 720 615 747 eos
655 706 851 758 quibus
890 705 1090 747 dictum
1129 708 1265 748 erat:
1304 705 1494 747 Peccatis
1528 704 1681 746 vestris

118 778 279 820 venditi
317 777 429 819 estis
469 776 536 818 Et
568 776 688 818 ideo
723 791 816 818 suo
846 777 1110 829 sanguine
1138 777 1371 818 redemit
1401 791 1534 829 quos
1563 791 1681 829 pro-

118 849 240 903 pria
291 850 517 903 peccata
569 848 944 890 vendiderant.
986 847 1086 889 Sed
1128 848 1384 889 venditus
1429 847 1682 889 Christus

118 919 460 961 conditionis
512 919 888 972 susceptione,
942 933 1046 959 non
1099 918 1311 971 culpae3
1356 919 1682 971 peccatique

118 991 301 1046 pretio
335 1006 439 1032 non
477 992 717 1041 tenetur,
756 990 881 1042 quia
920 991 1204 1042 peccatum
1242 990 1361 1042 ipse
1400 1005 1503 1031 non
1531 990 1681 1032 fecit.

116 1063 306 1105 Pretio
357 1062 534 1115 igitur
583 1063 775 1103 nostro
829 1061 1070 1102 debitum
1117 1075 1220 1102 non
1264 1076 1356 1102 suo
1402 1077 1522 1103 aere
1567 1076 1682 1103 con-

116 1134 310 1176 traxit:
351 1132 783 1186 chirographum
821 1131 1070 1182 sustulit,
1109 1131 1479 1174 feneratorem
1518 1148 1681 1175 remo-

115 1205 216 1254 vit,
255 1204 407 1246 exuit
442 1203 758 1245 debitorem.
790 1202 936 1245 Unus
967 1203 1229 1255 exsolvit,
1262 1204 1400 1256 quod
1430 1204 1491 1245 ab
1522 1204 1683 1245 omni-

114 1277 210 1318 bus
261 1266 577 1317 debebatur.
627 1273 745 1315 Non
791 1273 1001 1315 licebat
1042 1274 1199 1316 nobis
1242 1274 1391 1316 exire
1436 1276 1683 1317 servitio.

115 1345 373 1400 Suscepit
413 1345 515 1388 hoc
550 1345 648 1387 ille
686 1360 782 1399 pro
820 1346 1003 1397 nobis,
1043 1348 1100 1387 ut
1138 1347 1466 1389 servitutem
1503 1347 1683 1388 mundi

113 1418 440 1472 repelleret,
493 1416 817 1459 libertatem
868 1417 1121 1459 Paradisi
1172 1419 1522 1470 restitueret,
1567 1433 1682 1471 gra-

113 1491 245 1532 tiam
272 1503 463 1531 novam
491 1488 764 1530 consortii
792 1488 874 1529 sui
903 1488 1107 1530 honore
1138 1488 1379 1535 donaret,

482 1650 760 1704 Augustinus,
790 1650 839 1692 de
871 1649 1094 1703 Trinitate,
1124 1649 1215 1692 Lib.
1245 1651 1307 1691 13.

748 1719 847 1774 Cap.
879 1721 1048 1762 10—15.

165 1847 447 1891 Sanandae
484 1849 708 1888 nostrae
747 1846 1004 1888 miseriae
1042 1846 1470 1888 convenientior
1498 1847 1683 1888 modus

111 1920 250 1962 alius
291 1933 396 1961 non
437 1918 568 1970 fuit,
610 1933 704 1960 nec
748 1932 861 1960 esse
907 1918 1171 1972 oportuit.
1218 1918 1353 1968 Quid
1397 1918 1536 1960 enim
1578 1921 1683 1960 tam

110 1991 479 2033 necessarium
507 1990 615 2031 fuit
643 1990 705 2031 ad
735 1989 1050 2042 erigendam
1079 2004 1226 2043 spem
1255 1992 1519 2041 nostram,
1548 2001 1683 2030 men-

110 2065 301 2115 tesque
351 2060 666 2102 mortalium
718 2060 1039 2102 conditione
1082 2060 1258 2113 ipsius
1303 2060 1682 2102 mortalitatis

111 2134 382 2187 abjectas,
424 2131 484 2173 ab
523 2131 978 2173 immortalitatis
1017 2132 1410 2185 desperatione
1448 2132 1683 2175 liberan-

111 2205 224 2257 das,
281 2219 438 2257 quam
493 2205 550 2245 ut
605 2203 1081 2244 demonstraretur
1132 2203 1293 2245 nobis
1346 2204 1538 2256 quanti
1590 2219 1683 2245 nos

111 2276 375 2330 penderet
399 2274 564 2326 Deus,
591 2276 961 2327 quantumque
992 2274 1278 2328 diligeret,
1309 2278 1403 2317 etc.
1435 2275 1575 2324 Quae
1604 2278 1703 2317 est'

111 2347 289 2400 igitur
321 2346 570 2400 justitia,
612 2361 715 2399 qua
753 2346 933 2388 victus
973 2349 1052 2388 est
1081 2346 1384 2389 Diabolus?
1415 2362 1548 2400 quae
1576 2347 1684 2388 nisi

106 2417 336 2471 justitia
373 2417 504 2459 Jesu
544 2416 774 2468 Christi,
805 2419 856 2458 et
886 2418 1148 2470 quomodo
1178 2418 1359 2460 victus
1389 2421 1499 2461 est‘?
1529 2433 1681 2471 quam

112 2503 225 2530 cum
274 2489 328 2530 in
372 2503 429 2530 eo
471 2487 615 2529 nihil
655 2488 874 2542 dignum
915 2492 1086 2531 morte
1128 2489 1425 2542 inveniret,
1472 2489 1676 2532 occidit

110 2563 308 2611 tamen,
347 2559 401 2601 in
439 2559 536 2601 hac
573 2559 974 2613 redemptione,
1012 2563 1281 2614 tamquam
1320 2560 1557 2614 pretium
1585 2574 1681 2614 pro

110 2632 271 2674 nobis
311 2631 471 2673 datus
511 2632 593 2673 est
631 2630 854 2683 sanguis
892 2630 1123 2679 Christi,
1154 2646 1254 2684 quo
1284 2633 1533 2685 accepto,
1562 2630 1682 2673 Dia-

110 2703 269 2745 bolus
311 2717 414 2745 non
458 2701 671 2743 ditatus
714 2703 818 2754 est,
862 2701 953 2743 sed
995 2701 1204 2755 ligatus
1248 2704 1350 2754 est,
1393 2704 1451 2743 ut
1486 2715 1582 2743 nos
1619 2701 1682 2742 ab

113 2776 228 2828 ejus
257 2774 490 2816 nexibus
521 2772 884 2825 solveremur,
914 2775 1010 2815 etc.
