1931 3224
267 132 342 172 143
842 129 1085 171 DISPUTATIO
1113 127 1250 169 XVII.

264 258 305 296 et
335 270 358 296 a
387 254 499 296 bono
532 253 802 305 deflectendo,
834 255 876 294 et
904 253 948 293 111
972 251 1134 294 1113111111
1155 249 1422 302 inflectendo,
1448 263 1492 292 se
1520 252 1562 291 et
1585 249 1827 293 libertatem

267 339 386 366 suam
415 323 569 375 amisit,
601 326 648 366 ut
677 324 737 365 ait
766 323 1047 377 Augustinus.

316 395 472 437 XVIII.
522 395 571 437 In
628 397 780 437 statu
830 408 960 447 porro
1006 393 1416 447 corruptionis,
1459 406 1533 434 seu
1571 392 1616 433 in
1652 391 1827 436 homine

262 467 511 508 naturaliter
540 468 708 508 tantum
733 466 891 519 genito,
922 468 963 507 et
994 464 1196 518 originali
1224 465 1402 517 peccato
1431 463 1652 515 obstricto,
1678 478 1826 517 quam-

264 539 325 579 vis
365 539 400 579 is
440 538 556 589 (licet
595 539 711 578 totus
752 535 995 590 corruptus)
1033 551 1119 578 11011
1159 535 1361 587 amiserit,
1390 537 1438 576 ut
1467 534 1512 576 in
1539 534 1827 588 intelligentia

261 609 602 659 intellectionein,
655 608 716 648 ita
768 622 904 660 neque
951 607 996 648 111
1038 607 1257 649 voluntate
1301 606 1543 648 naturalem
1583 605 1826 648 libertatem

261 680 491 731 electionis,
530 680 599 721 sed
640 679 864 720 retinuerit
904 694 999 720 cum
1030 679 1195 720 animae
1223 678 1464 720 substantia
1492 677 1707 719 naturales
1736 677 1825 730 ejus

258 750 492 799 1303113163,
525 764 631 802 quae
661 750 878 791 actionum
907 752 1006 791 sunt
1029 749 1255 803 principia,
1286 751 1327 791 et
1352 749 1593 803 potentiam
1618 750 1827 791 remotam

259 824 300 862 et
328 821 542 874 passivam
571 821 829 874 suscipiendi
859 821 1082 871 contrarii3
1114 823 1303 863 attamen
1332 820 1488 872 amisit,
1512 822 1560 862 ut
1590 820 1643 862 ab
1668 819 1825 861 inte-lli-

259 891 414 943 gentia,
453 892 514 933 ita
548 894 589 933 et
618 907 642 933 a
672 892 890 934 voluntate
920 892 1222 934 rectitudinem
1251 895 1293 934 et
1321 891 1572 944 bonitatem,
1606 891 1693 933 imo
1725 905 1826 933 con·

259 962 437 1003 trarium
465 962 661 1004 habitum
689 963 891 1005 vitiosum
919 963 1099 1016 accepit.

311 1033 425 1075 XIX.
456 1033 660 1088 Adeoque
689 1035 870 1078 liberum
899 1035 1125 1077 arbitrium
1156 1035 1352 1089 potentia
1379 1035 1576 1089 proxima
1605 1036 1647 1076 et
1671 1032 1825 1084 activa,

258 1104 441 1147 Diabolo
486 1106 731 1160 instigante,
777 1107 855 1148 sub
900 1108 1017 1160 cujus
1061 1109 1281 1160 potestate
1320 1109 1362 1149 et
1399 1106 1587 1148 dominio
1626 1107 1702 1157 est,
1738 1119 1825 1147 non

261 1177 443 1230 amplius
479 1178 523 1220 in
562 1179 732 1231 bonum,
774 1178 888 1231 quod
925 1193 1022 1221 vere
1060 1178 1234 1229 bonum,
1275 1178 1347 1220 sed
1382 1180 1553 1219 tantum
1578 1177 1623 1219 in
1650 1176 1822 1239 malum5

258 1250 449 1300 quamvis
488 1250 626 1304 specie
665 1251 836 1303 bonum,
875 1253 1067 1292 attamen
1095 1251 1141 1292 in
1170 1250 1398 1305 generibus
1427 1252 1469 1292 et
1494 1249 1698 1303 gradibus
1722 1248 1824 1290 mali

259 1321 461 1363 electione
478 1324 734 1374 remanente,
750 1322 987 1365 necessario
1005 1324 1204 1376 respectu
1219 1321 1422 1375 principii
1438 1320 1637 1374 proximi,
1655 1322 1820 1374 sponte,

255 1391 475 1434 voluntate
501 1396 542 1434 et
569 1392 749 1436 libenter
774 1396 918 1436 tamen
942 1393 1088 1436 fertur.
1114 1393 1252 1448 Eligit
1277 1393 1389 1434 enim
1414 1391 1585 1443 malum,
1607 1393 1649 1433 et
1663 1390 1824 1433 bonum

257 1464 463 1517 repudiat.

307 1534 398 1577 XX.
441 1534 600 1578 Verum
643 1538 691 1578 ut
728 1537 927 1579 distincte
966 1551 1154 1591 agamus,
1193 1551 1280 1578 non
1318 1535 1466 1578 eodem
1503 1534 1630 1576 modo
1669 1533 1740 1576 hic
1776 1533 1822 1575 in

254 1607 378 1649 rebus
408 1608 602 1649 omnibus
632 1609 794 1661 pariter
823 1624 866 1651 se
897 1609 1028 1651 habet
1057 1608 1255 1651 voluntas
1286 1622 1360 1649 seu
1385 1606 1611 1649 arbitrium
1634 1604 1820 1648 hominis

256 1677 487 1731 depravati.
526 1679 574 1720 In
611 1680 737 1721 rebus
777 1681 888 1722 enim
927 1695 1035 1733 quae
1073 1680 1245 1721 vitam
1272 1677 1583 1720 naturalem
1613 1678 1664 1719 et
1692 1676 1822 1718 civi-

254 1749 353 1790 lem
390 1750 636 1803 respiciunt,
677 1766 868 1805 quaeque
908 1751 1049 1794 sensui
1079 1754 1120 1793 et
1148 1751 1306 1793 rationi
1336 1750 1525 1803 subjecta
1554 1750 1666 1800 sunt,
1696 1750 1738 1790 et
1767 1747 1820 1790 ad
1862 1747 1865 1750 ’

255 1820 522 1874 disciplinam
570 1824 787 1864 externam
827 1825 869 1864 et
909 1823 1120 1865 carnalem
1153 1823 1381 1876 justitiam,
1421 1836 1529 1875 quae
1565 1835 1652 1862 non
1690 1819 1817 1862 modo

253 1892 436 1933 externis
477 1893 729 1945 actionibuS,
769 1894 841 1936 sed
871 1897 912 1936 et
940 1895 1111 1936 interno
1140 1896 1261 1936 motu
1291 1892 1503 1945 definitur,
1535 1893 1743 1946 spectant,
1772 1890 1818 1932 in

251 1962 303 2003 iis
342 1963 547 2016 reliquiae
586 1967 627 2006 et
669 1965 846 2018 igniculi
886 1966 957 2008 hic
988 1967 1235 2019 supersunt3
1266 1965 1370 2007 adeo
1399 1966 1447 2006 ut
1478 1978 1526 2006 ea
1561 1978 1648 2005 non
1676 1965 1818 2005 mente

253 2034 378 2086 modo
420 2035 669 2089 intelligere,
716 2037 788 2078 sed
829 2037 1053 2079 voluntate
1096 2037 1295 2090 deligere,
1338 2035 1493 2078 affectu
1532 2036 1737 2088 expetere,
1776 2036 1818 2075 et

251 2106 411 2147 viribus
450 2108 651 2160 prosequi
691 2110 732 2149 et
762 2123 889 2162 agere
919 2109 1228 2162 quadamtenus
1258 2107 1407 2161 possit,
1438 2106 1561 2148 Rom.
1590 2106 1627 2158 1,
1661 2105 1723 2147 19.
1753 2105 1816 2146 32.

253 2179 294 2218 et
318 2178 354 2229 2,
385 2178 446 2219 14.
478 2179 541 2220 15.
573 2181 614 2220 et
643 2180 679 2231 9,
712 2180 776 2221 31.
808 2183 849 2222 et
879 2181 941 2232 10,
973 2181 1010 2222 2.
1040 2179 1154 2222 Phil.
1183 2181 1219 2232 3,
1247 2180 1283 2222 6,
1316 2179 1351 2221 7.
1383 2177 1474 2221 Gal.
1504 2178 1540 2230 1,
1571 2178 1634 2220 13.

303 2247 417 2290 XXI.
447 2248 605 2291 Verum
633 2253 681 2292 ut
710 2251 766 2292 sit
794 2252 839 2292 in
867 2251 1042 2294 homine
1065 2251 1136 2294 hic
1164 2251 1372 2305 quaedam
1395 2250 1569 2292 libertas
1596 2251 1638 2291 et
1662 2246 1817 2302 agendi

250 2318 442 2372 facultas,
482 2336 638 2374 magna
677 2324 821 2363 tamen
859 2323 913 2364 ob
956 2321 1324 2377 concupiscentiae
1361 2321 1448 2363 vim
1478 2322 1541 2362 est
1568 2319 1815 2369 infirmitas3

253 2393 294 2431 et
323 2391 518 2432 voluntas
548 2407 674 2445 saepe
704 2408 790 2434 non
822 2394 1033 2436 dictamen
1063 2393 1255 2443 rationis,
1285 2392 1356 2435 sed
1385 2391 1622 2444 sequiorem
1651 2391 1816 2445 partem

251 2461 478 2503 affectuum
516 2465 557 2504 et
589 2464 873 2516 cupiditatum
900 2467 1066 2506 motum
1096 2468 1138 2507 et
1169 2465 1343 2507 ductum
1372 2463 1575 2516 sequitur.
1604 2461 1813 2503 Diabolus

250 2532 388 2585 etiam,
421 2534 492 2586 qui
521 2537 584 2576 est
607 2535 763 2577 efficax
787 2536 832 2577 in
855 2536 1108 2589 infidelibus,
1134 2551 1221 2579 non
1247 2535 1402 2578 desinit
1425 2534 1536 2577 hanc
1559 2533 1814 2575 imbecillam

249 2607 444 2646 naturam
481 2606 672 2657 incitare,
703 2610 744 2648 et
772 2607 1056 2661 praecipitare
1084 2609 1130 2650 in
1159 2608 1277 2650 varia
1306 2607 1473 2658 delicta,
1502 2605 1613 2647 unde
1641 2607 1682 2647 et
1711 2603 1813 2646 civi-

250 2674 299 2714 lis
339 2674 465 2726 hujus
500 2677 693 2729 justitiae
732 2678 890 2730 ubique
928 2679 1102 2732 grandis
1143 2679 1414 2722 conturbatio
1453 2678 1648 2730 apparet,
1678 2690 1812 2728 eoque

250 2745 360 2786 inter
388 2745 580 2789 homines
612 2749 739 2790 etiam
770 2764 818 2791 ea
845 2749 1061 2792 rarissima
1092 2753 1167 2792 est.

301 2814 436 2859 XXII.
474 2817 561 2860 Ista
600 2836 730 2873 porro
772 2822 1144 2876 quantulacunque
1181 2822 1364 2865 facultas
1402 2824 1444 2864 et
1480 2821 1524 2863 in
1562 2820 1812 2875 apparentia

250 2885 348 2930 licet
384 2888 537 2931 eximia
576 2891 788 2934 interdum
827 2893 882 2935 sit
915 2893 1097 2946 justitia,
1125 2894 1239 2936 ultra
1267 2893 1490 2948 politicam
1519 2894 1560 2934 et
1587 2891 1811 2934 honestam

247 2958 674 3014 philosophicamque
710 2978 796 3005 non
830 2963 1033 3017 exsurgit,
1072 2979 1210 3018 neque
1239 2965 1291 3007 ad
1319 2978 1467 3007 verum
1496 2963 1668 3015 bonum,
1697 2961 1810 3005 Deo-
