1931 3224
249 130 328 172 494
820 128 1062 171 DISPUTATIO
1090 128 1240 171 XLIV,

302 252 417 294 XXI.
455 252 627 294 Interna
663 253 843 295 materia
872 268 945 295 seu
973 268 1040 295 res
1068 253 1308 307 significata
1336 253 1381 294 in
1409 253 1492 294 hoc
1521 253 1807 306 Sacramento,

249 324 396 366 itidem
434 324 591 377 duplex
630 326 712 373 est3
751 324 818 365 vel
855 326 1115 378 respondens
1154 324 1276 378 signo
1318 326 1492 366 externo
1523 325 1809 378 substantiali,

251 395 318 437 vel
346 394 603 448 respondens
632 394 755 448 signo
786 397 961 438 externo
990 396 1146 437 rituali.

303 464 440 507 XXII.
478 464 664 518 Utrique
703 467 826 519 signo
857 470 1032 509 externo
1063 468 1322 521 conjunctim
1351 469 1578 523 respondet
1607 470 1808 523 purgatio

249 537 385 578 nostri
414 552 442 578 a
466 538 651 590 peccatis
680 553 757 591 pei·
785 538 1034 591 sanguinem
1063 541 1104 580 et
1133 537 1340 592 Spiritum
1367 538 1395 581 J
1399 554 1472 581 esu
1499 539 1668 582 Christi.
1697 540 1811 582 Nam

249 609 606 660 quemadmodum
649 609 823 662 sanguis
866 608 1026 651 Christi
1069 625 1146 652 nos
1189 611 1302 652 lavat
1346 627 1369 652 a
1411 611 1596 664 peccatis
1639 613 1809 664 nostris,

248 679 384 732 Apoc.
421 681 456 727 1,
495 680 531 721 5.
562 680 661 733 quia
688 681 730 721 vi
761 683 802 722 et
829 681 983 723 merito
1008 681 1159 724 mortis
1190 681 1349 723 Christi
1379 698 1402 724 a
1431 682 1616 736 peccatis
1645 683 1802 724 nostris

248 750 498 793 liberamur:
528 752 590 793 ita
619 754 660 793 et
689 751 875 805 Spiritus
906 751 1064 795 Christi
1093 768 1170 795 nos
1199 756 1357 808 purgat
1383 769 1406 795 a
1430 754 1615 808 peccatis
1640 753 1809 806 nostris,

251 823 350 875 quia
386 824 585 865 meritum
623 824 775 866 mortis
815 823 973 865 Christi
1010 825 1133 866 nobis
1170 823 1370 880 applicat,
1401 829 1443 867 et
1473 826 1658 868 efficacia
1687 841 1761 867 sua
1790 841 1811 867 e

249 894 413 946 peccati
435 910 567 948 regno
591 910 669 937 nos
696 896 863 946 eximit;
891 897 1246 948 quemadmodum
1268 897 1372 938 haec
1396 897 1477 938 duo
1502 896 1662 938 Christi
1685 898 1812 939 bene-

249 965 345 1007 ficia
369 967 685 1020 conjunguntur
711 967 764 1008 ab
787 967 999 1020 Apostolo
1025 967 1173 1020 Paulo,
1200 968 1218 1009 1
1249 967 1340 1009 Cor.
1368 968 1484 1019 6,11.
1510 966 1610 1010 Sed
1634 967 1812 1009 abluti

252 1037 408 1089 estis,
440 1038 529 1079 sed
560 1038 913 1080 sanctificati
943 1038 1100 1091 estis,
1132 1039 1223 1080 sed
1246 1038 1566 1092 justificati
1597 1039 1734 1081 estis
1759 1039 1813 1080 in

252 1108 467 1150 nomine
506 1108 726 1150 Domini
754 1109 897 1160 Jesu‚
927 1112 977 1152 et
1005 1110 1059 1151 in
1090 1109 1310 1164 Spiritu
1339 1109 1436 1152 Dei
1464 1111 1672 1161 nostri3
1702 1111 1812 1153 unde

252 1182 293 1222 et
331 1179 442 1233 Eph.
482 1180 520 1232 5,
558 1181 620 1222 27.
659 1180 761 1221 dicit
790 1180 1037 1234 Apostolus,
1069 1180 1346 1223 Christum
1375 1182 1616 1235 seipsum
1644 1182 1812 1224 tradi-

252 1251 398 1292 disse
434 1266 532 1304 pro
561 1251 839 1303 Ecclesia,
870 1255 927 1294 ut
956 1255 1222 1306 purgaret
1252 1268 1364 1295 eam
1391 1253 1612 1295 lavacro
1643 1268 1812 1306 aquae

251 1323 303 1364 in
332 1323 519 1375 verbo,
551 1325 592 1364 et
621 1323 705 1365 Tit.
734 1324 771 1375 3,
801 1324 837 1365 5.
869 1324 1048 1365 dicimur
1078 1325 1280 1366 salvati
1310 1339 1405 1378 per
1433 1326 1708 1367 lavacrum
1738 1341 1812 1367 re-

252 1395 635 1448 generationis
661 1397 713 1436 et
737 1396 1131 1438 renovationis
1157 1396 1403 1450 Spiritus
1428 1397 1639 1449 Sancti,
1665 1412 1812 1450 quem

253 1465 456 1507 effudit
492 1465 545 1506 in
583 1481 677 1507 nos
718 1467 940 1520 copiose
980 1483 1072 1522 per
1111 1458 1294 1510 Jesum
1319 1467 1600 1509 Christum
1628 1467 1812 1511 Serva-

250 1539 422 1579 torem
450 1540 710 1579 nostrum.

304 1608 462 1651 XXIII.
514 1608 706 1651 Forma
752 1609 1022 1664 Baptismi
1072 1610 1170 1658 ὅλως
1221 1611 1475 1653 considerati
1526 1611 1721 1653 consistit
1770 1611 1814 1652 in

250 1680 407 1722 unione
430 1680 504 1722 illa
528 1680 846 1734 Sacramentali,
873 1698 980 1735 quae
1005 1685 1067 1724 est
1090 1683 1202 1725 inter
1227 1683 1396 1736 signum
1420 1684 1462 1724 et
1485 1697 1575 1724 rem
1590 1682 1813 1736 signatam.

250 1751 346 1792 Etsi
384 1751 496 1793 enim
533 1755 575 1794 et
614 1753 725 1806 signi
765 1756 807 1795 et
844 1754 905 1795 rei
943 1754 1136 1808 signatae
1174 1769 1250 1796 sua
1287 1769 1456 1807 quoqne
1495 1754 1550 1795 sit
1587 1753 1815 1807 peculiaris

251 1823 400 1875 forma,
427 1826 476 1865 ut
500 1839 549 1865 ex
570 1825 916 1867 antecedentibus
931 1826 1065 1879 liquet
1079 1842 1087 1876 ;
1103 1828 1247 1868 tamen
1262 1826 1366 1868 haec
1382 1825 1611 1879 singularis
1627 1824 1813 1879 partium

253 1893 390 1936 forma
427 1895 629 1938 materiae
668 1897 873 1951 signatae,
913 1899 961 1939 ut
990 1897 1235 1950 loquuntur,
1264 1897 1475 1939 rationem
1502 1897 1652 1948 induit,
1684 1911 1815 1949 quum

253 1965 305 2007 ad
333 1968 474 2008 totum
502 1967 704 2009 refertur:
734 1968 847 2020 quod
876 1969 921 2009 in
949 1968 1144 2021 partibus
1167 1968 1483 2021 integrantibus
1510 1967 1603 2010 fieri
1632 1968 1750 2009 solet.

305 2036 462 2079 XXIV.
500 2038 619 2080 Haec
654 2039 756 2081 unio
797 2039 1114 2081 sacramentalis
1153 2040 1264 2094 signi
1303 2055 1397 2081 cum
1435 2055 1481 2081 re
1519 2039 1700 2092 signata,
1729 2053 1815 2080 non

253 2110 317 2149 est
359 2109 600 2162 conjunctio
645 2110 769 2151 realis
813 2113 855 2152 et
898 2110 1144 2164 subjectiva,
1181 2115 1229 2152 ut
1267 2111 1439 2164 quidam
1477 2111 1704 2163 somniant,
1743 2110 1815 2151 sed

251 2184 423 2233 σχετικὴ
463 2183 632 2223 tantum
670 2196 742 2223 seu
771 2182 962 2234 relativa,
992 2183 1224 2224 consistens
1253 2183 1298 2224 in
1326 2186 1474 2226 mutuo
1502 2183 1577 2224 illo
1606 2184 1814 2236 respectu,

214 2266 223 2291 ε’
250 2266 336 2304 quo
367 2252 536 2305 signum
564 2267 652 2294 rem
681 2253 895 2306 signatam
923 2254 1109 2307 credenti
1139 2254 1193 2296 ob
1219 2254 1363 2297 oculos
1387 2255 1510 2309 ponit
1536 2257 1576 2296 et
1603 2253 1814 2307 obsignat,

255 2325 296 2364 et
331 2338 398 2365 res
436 2324 605 2377 signata
643 2340 668 2366 a
707 2340 833 2367 causa
870 2325 1098 2380 principali
1137 2326 1213 2368 sub
1243 2326 1486 2369 conditione
1515 2325 1613 2368 fidei
1644 2328 1685 2367 et
1713 2325 1816 2367 resi-

251 2396 484 2449 piscentiae
512 2396 742 2450 praebetur
771 2399 812 2438 et
842 2397 1028 2439 offertur.

305 2466 440 2510 XXV.
471 2466 585 2509 Nam
611 2483 688 2510 nec
716 2469 888 2522 sanguis
917 2468 1074 2511 Christi
1101 2469 1270 2512 realiter
1298 2472 1371 2511 aut
1399 2469 1677 2523 corporaliter
1704 2469 1816 2509 inest

254 2554 389 2592 aquae
426 2538 652 2593 Baptismi,
689 2555 766 2582 nec
804 2540 987 2595 Spiritus
1028 2540 1198 2593 Christi,
1240 2541 1320 2583 etsi
1356 2556 1433 2595 per
1470 2544 1668 2583 naturam
1697 2554 1816 2582 suam

253 2611 412 2664 ubique
449 2611 504 2652 sit
540 2626 752 2665 praesens,
784 2612 920 2653 eidem
949 2613 1182 2666 subjective
1210 2613 1426 2664 inhaeret3
1458 2627 1535 2654 nec
1561 2611 1761 2665 purgatio
1792 2625 1816 2652 a

254 2682 438 2734 peccatis
489 2682 680 2725 effective
721 2683 940 2737 perficitur
981 2684 1033 2725 ab
1077 2687 1252 2726 externa
1294 2699 1428 2738 aquae
1470 2683 1642 2735 lotione,
1685 2696 1816 2734 quum

221 2747 223 2749 ¹
254 2754 388 2795 virtus
415 2753 489 2794 illa
517 2754 581 2795 sit
596 2769 710 2796 mere
736 2754 890 2806 divina,
916 2756 1032 2808 cujus
1056 2755 1172 2797 nulla
1196 2758 1389 2797 creatura
1411 2770 1488 2809 per
1512 2769 1555 2796 se
1581 2756 1644 2795 est
1668 2768 1815 2806 capax,

255 2824 326 2873 sed
363 2824 456 2877 ipse
495 2824 688 2867 Christus
726 2841 803 2879 per
830 2826 1064 2868 efficaciam
1093 2827 1157 2868 sui
1187 2826 1373 2880 Spiritus
1401 2841 1479 2868 nos
1508 2841 1649 2868 secum
1678 2826 1815 2879 magis

254 2895 360 2947 unit,
390 2899 431 2938 et
460 2897 664 2939 beneficia
693 2913 768 2940 sua
798 2913 874 2951 per
902 2898 988 2940 vim
1016 2899 1167 2940 mortis
1197 2913 1296 2940 suae
1321 2897 1444 2940 nobis
1469 2898 1677 2951 acquisita
1703 2912 1817 2940 com-

254 2967 455 3021 municat,
487 2969 611 3011 sicuti
639 2985 715 3023 per
744 2970 917 3012 verbum
944 2969 1123 3024 simplex
1145 2970 1187 3012 id
1212 2969 1350 3012 facere
1374 2969 1503 3012 solet:
1526 2970 1649 3011 tanto
1674 2971 1816 3011 autem

1919 1546 1931 1578 ’.1

1917 1578 1931 1707 ,1

1915 1857 1931 1936 ‘l

1916 1950 1931 2050 ἐξ

1907 2105 1931 2166 ’1
