1931 3224
473 140 537 183 ΒΕ
568 139 825 181 ΡυΒαΑΤοΕῙο
855 149 902 177 ΕΤ
931 133 1225 176 INDULGENTHS,
1555 130 1634 172 423

71 269 171 311 dum
215 266 386 309 interim
430 265 495 306 illi
545 264 628 317 ipsi
684 263 756 314 qui
809 259 1108 314 purgatorium
1149 259 1315 311 urgent,
1361 253 1636 297 bacchanalia

70 340 230 388 vivunt,
261 338 374 390 quod
400 336 562 378 Romae
585 334 689 386 fieri,
714 333 788 375 ubi
810 330 1050 386 purgatorii
1077 328 1270 371 doctrina
1297 327 1481 370 maxime
1504 325 1634 378 viget,

71 426 157 453 non
207 410 345 451 solum
395 407 598 449 historiae
641 406 865 455 testantur,
910 403 982 444 sed
1024 402 1119 455 ipsa
1164 400 1317 442 clamat
1363 396 1637 452 experientia.

126 479 324 523 XXXVI.
357 478 472 528 Quae
501 491 596 519 cum
625 476 687 517 ita
711 475 808 527 sint,
836 473 1135 525 concludimus,
1160 470 1461 525 purgatorium
1485 484 1563 510 nec
1587 483 1638 510 ex

73 552 305 606 Scripturis
344 548 656 599 auctoritatem,
696 562 773 588 nec
812 561 862 587 ex
901 544 1148 587 testimonio
1188 542 1368 584 Patrum
1396 541 1534 592 fidem,
1563 555 1640 582 nec

76 640 126 667 ex
164 621 400 665 rationibus
438 618 786 674 probabilitatem
818 617 949 658 ullam
980 616 1149 667 habere,
1179 614 1304 667 quale
1334 613 1587 667 praesertim
1616 627 1641 653 a

74 692 310 737 Pontificiis
343 691 537 741 creditur,
564 689 676 743 apud
701 703 806 741 quos
833 687 1070 729 aedificium
1093 686 1196 727 illud
1223 684 1418 739 partibus
1445 684 1531 725 suis
1553 697 1640 725 non

76 767 285 816 cohaeret,
317 763 389 806 sed
417 761 546 803 variis
575 758 856 801 incommodis
887 760 927 800 et
955 757 1362 799 contradictionibus
1386 755 1641 804 involvitur3

76 838 190 892 quod
227 850 371 878 verum
411 848 512 885 esse,
550 846 635 873 non
675 831 812 872 solum
850 845 899 871 ex
932 829 984 871 iis
1016 844 1122 882 quae
1151 829 1356 871 hactenus
1390 827 1503 869 dicta
1531 828 1643 878 sunt,

77 909 207 952 cuivis
232 906 409 961 patebit,
436 904 509 946 sed
534 903 662 945 etiam
687 901 1023 943 adversariorum
1048 900 1181 942 libros
1206 899 1367 952 legenti
1391 897 1643 952 praesertim

78 978 334 1030 Bellarmini,
374 978 419 1019 in
455 976 606 1030 quibus
644 975 715 1016 vix
745 989 876 1015 unum
905 975 978 1014 aut
1007 972 1187 1014 alterum
1217 974 1344 1025 caput
1373 969 1569 1021 occurrit,
1597 970 1642 1011 in

79 1067 162 1106 quo
190 1066 277 1093 non
301 1050 502 1100 diversae,
527 1047 774 1100 saepissime
800 1045 929 1087 etiam
953 1044 1154 1086 adversae
1180 1043 1438 1096 scriptorum
1462 1040 1642 1083 Pontifi-

79 1124 240 1166 ciorum
279 1121 500 1175 opiniones
530 1121 572 1161 et
599 1118 875 1160 fundamenta
903 1116 1156 1165 recitentur,
1187 1114 1340 1168 quibus
1371 1111 1644 1167 digladianti-

77 1195 156 1236 bus
204 1194 315 1235 inter
362 1207 417 1244 se,
459 1206 537 1232 nos
580 1192 704 1243 grato
748 1189 889 1230 animo
932 1187 977 1228 in
1020 1187 1110 1229 sola
1152 1185 1311 1227 Christi
1353 1184 1644 1227 satisfactione

80 1267 404 1319 acquiescemus,
446 1264 561 1304 certo
605 1262 839 1303 statuentes
881 1258 1044 1301 nullum
1087 1272 1178 1300 esse
1220 1259 1321 1311 post
1361 1256 1472 1298 hanc
1513 1255 1646 1297 vitam

79 1338 224 1391 ignem
272 1334 566 1391 purgatorium
612 1331 969 1375 extimescendum
1010 1329 1074 1382 iiS,
1120 1329 1194 1382 qui
1236 1329 1280 1370 in
1323 1327 1491 1370 Christo
1533 1325 1647 1368 vitae

82 1411 253 1451 auctore
281 1407 461 1449 firmiter
491 1404 775 1459 acquiescunt.

505 1619 599 1666 DE
639 1613 1230 1665 INDULGENTIIS.

136 1770 357 1813 XXXVII.
400 1770 626 1812 Exstincto
671 1766 913 1821 purgatorii
956 1766 1068 1821 igne,
1107 1762 1470 1817 indulgentiarum
1508 1761 1647 1804 fumus

82 1858 158 1898 per
196 1858 238 1884 se
278 1842 509 1891 evanescit;
548 1840 716 1882 sublato
758 1828 869 1880 enim
906 1836 1171 1891 purgatorio,
1213 1835 1284 1876 vix
1312 1833 1548 1888 reperietur
1577 1833 1650 1886 qui

84 1930 166 1968 eas,
215 1914 343 1956 etiam
392 1914 569 1965 oblatas,
618 1912 808 1965 accipere
852 1909 967 1951 velit.
1010 1907 1110 1950 Ideo
1152 1906 1364 1949 Roffensis
1407 1904 1648 1958 Episcopus

85 1987 220 2030 Artic.
247 1987 309 2028 13.
335 1987 483 2028 contra
508 1984 753 2035 Lutherum,
780 1997 875 2024 cum
893 1979 1261 2033 Indulgentiarum
1281 1978 1493 2031 originem
1513 1977 1649 2018 incer-

83 2062 171 2101 tam
211 2058 386 2110 videret,
416 2058 457 2098 et
486 2070 578 2098 sero
609 2053 835 2096 admodum
864 2052 977 2106 apud
1005 2051 1269 2093 Christianos
1298 2049 1427 2091 fuisse
1456 2049 1650 2101 receptas

84 2131 302 2181 fateretur,
333 2143 502 2170 causam
524 2127 635 2169 hanc
660 2125 875 2176 afferebat,
903 2123 1044 2176 quod
1069 2123 1127 2164 de
1152 2121 1489 2175 purgatorio
1514 2119 1652 2174 apud

84 2202 301 2256 priscos
351 2200 504 2241 nulla
540 2199 642 2241 <Vel
685 2197 973 2239 rarissima
1016 2194 1198 2236 fiebat
1240 2192 1468 2244 mentio,
1512 2190 1653 2244 quod

86 2273 147 2315 ad
169 2273 311 2315 hunc
336 2287 505 2325 usque
530 2271 667 2312 diem
693 2268 918 2311 Graecis
944 2282 1048 2309 non
1077 2268 1159 2308 est
1185 2265 1462 2307 creditum.
1489 2263 1652 2313 Quan-

87 2345 175 2387 diu
214 2347 394 2386 autem
426 2342 580 2385 nulla
611 2341 720 2383 fuit
749 2341 808 2382 de
837 2337 1178 2393 purgatorio
1209 2351 1356 2388 cura,
1386 2335 1653 2377 neminem

85 2414 471 2468 indulgentias
529 2411 897 2465 quaesivisse,
955 2426 1014 2452 ex
1069 2424 1172 2461 quo
1226 2407 1428 2461 pendet
1481 2405 1653 2448 omnis

86 2487 568 2541 indulgentiarum
627 2483 969 2534 aestimatio,
1029 2496 1130 2534 quo
1183 2479 1425 2531 sublato,
1477 2476 1654 2519 indul-

88 2559 298 2614 gentiis
325 2573 458 2612 opus
483 2571 586 2598 non
612 2556 739 2607 erit;
763 2554 1031 2596 neminem
1053 2553 1242 2604 itaque
1267 2549 1458 2592 mirari
1485 2562 1653 2602 posse,

89 2632 231 2685 quod
268 2631 322 2672 in
359 2627 647 2684 principio
675 2625 960 2668 nascentis
986 2623 1274 2666 Ecclesiae
1304 2635 1451 2663 NULLUs
1482 2619 1654 2662 fuerit

89 2718 267 2746 earum
304 2716 450 2752 USUS,
489 2715 602 2741 cum
639 2697 1027 2752 purgatorium
1055 2698 1162 2737 tam
1191 2708 1311 2736 sero
1341 2692 1517 2734 fuerit
1543 2691 1654 2732 uni-

88 2789 277 2817 versae
315 2771 599 2816 Ecclesiae
638 2769 933 2823 cognitum.
971 2767 1068 2821 Ipse
1110 2765 1341 2819 Gregorius
1380 2764 1429 2806 de
1456 2763 1656 2806 Valentia

90 2844 293 2896 concedit,
336 2843 561 2897 vigente
604 2841 717 2896 apud
758 2843 921 2882 veteres
960 2837 1314 2893 poenitentia
1350 2834 1653 2887 severiore,

89 2931 192 2958 non
221 2930 547 2971 magnopere
575 2913 751 2955 fuisse
778 2911 1149 2954 necessarium
1173 2908 1457 2951 beneficio
1481 2906 1653 2949 indul-

90 2989 399 3042 gentiarum
437 2987 538 3037 uti,
577 2986 770 3039 postea
801 2997 927 3025 vero
957 2982 1310 3024 decrescente
1339 2979 1438 3021 illo
1469 2978 1654 3031 poeni-
