1931 3224
576 74 639 116 DE
668 74 802 116 Limus
832 74 977 116 CANON.
1007 90 1054 116 ET
1086 74 1233 115 Arcen.
1631 76 1674 115 21

175 200 311 242 XVII.
364 200 501 249 Quare
548 199 651 241 haec
693 198 913 253 Scriptura
955 201 1082 251 atque
1124 198 1234 249 libri,
1279 198 1559 250 Canonici,
1602 198 1682 239 Ec-

124 272 356 314 clesiastica
406 271 707 325 appellatione,
760 270 813 311 in
865 270 983 323 Syn.
1027 269 1180 311 Laod.
1224 270 1414 311 Euseb.
1457 269 1682 323 passim,

122 343 219 385 Ath
233 358 306 385 an.
338 343 390 384 in
419 342 677 395 Synopsi,
705 356 726 382 e
751 340 971 394 Scriptura
995 341 1184 391 deducta,
1211 341 1234 381 2
1261 340 1371 381 001.
1398 342 1461 391 10,
1488 342 1549 381 13.
1575 340 1682 382 Gal.

122 416 159 466 6,
199 416 262 456 16.
292 413 428 454 Phil.
458 414 495 464 3,
529 414 587 454 16.
619 414 845 461 vocantur;
876 426 1028 464 nempe
1061 412 1174 464 quod
1203 411 1359 463 singuli
1389 425 1534 452 eorum
1562 411 1684 452 relati

123 486 206 527 sint
234 485 278 526 in
309 484 521 526 Canonem
552 487 592 526 et
621 485 673 525 ad
703 498 798 525 eum
827 483 1079 536 pertineant,
1110 482 1319 535 simulque
1350 497 1493 523 omnes
1523 482 1683 535 perfec—

121 560 214 599 tum
253 557 448 599 omnibus
486 556 622 598 modis
655 555 868 597 Canonem
906 554 1181 605 constituant,
1219 554 1261 595 id
1299 557 1373 605 est,
1402 569 1488 595 non
1516 557 1684 595 tantum

121 630 293 683 plenum
354 643 578 670 numerum
631 643 679 669 ac
722 627 966 681 catalogum
1009 626 1216 667 libroruin
1259 640 1487 677 sacrorum,
1531 626 1602 667 sed
1644 629 1684 667 et

122 701 332 754 Regulam
361 703 402 742 et
429 699 637 742 Normam
668 698 803 740 omnis
832 713 958 739 sanae
988 700 1242 750 sanctaeque
1273 697 1500 748 doctrinae,
1528 697 1685 739 cultus-

124 787 205 824 que
243 771 392 822 divini3
427 771 610 823 qualiter
640 770 739 811 dum
770 769 1019 822 simpliciter
1049 769 1258 819 dicuntur,
1289 768 1331 809 id
1360 768 1500 821 ipsum
1528 783 1613 810 11011
1642 769 1685 809 111

122 845 256 896 parte,
297 844 370 885 sed
402 842 642 893 universim,
673 844 714 883 et
744 841 977 893 adaequate
1006 840 1057 881 ad
1085 855 1164 891 res,
1195 854 1372 891 quarum
1403 842 1498 880 sunt
1529 839 1682 891 Canon,

122 915 446 968 intelligendum
477 916 551 955 est.

175 985 332 1027 XVIII.
372 985 557 1026 Proinde
595 984 683 1025 sola
722 983 826 1025 haec
865 982 1097 1035 Scriptura,
1135 981 1478 1034 Principium
1517 997 1540 1022 a
1580 997 1684 1034 quo3

123 1060 164 1099 et
193 1056 426 1098 Materia
457 1071 507 1097 ex
539 1072 620 1108 qua
651 1055 788 1096 omnis
818 1054 1015 1095 salutaris
1039 1053 1195 1095 veritas
1221 1053 1481 1102 deducenda3
1509 1054 1685 1094 Canon

123 1130 173 1170 et
211 1126 431 1178 Norma,
471 1127 522 1168 ad
562 1142 689 1180 quam
728 1126 933 1180 exigenda
974 1125 1110 1167 omnis
1150 1139 1260 1175 vera,
1293 1125 1481 1176 adeoque
1512 1126 1553 1165 et
1580 1124 1685 1165 falsa

122 1200 172 1241 de
208 1199 334 1241 rebus
374 1199 526 1240 divinis
562 1198 766 1249 doctrina,
796 1197 935 1239 Esai.
970 1198 1006 1248 8,
1039 1197 1101 1238 20.
1133 1196 1203 1237 Lu
1216 1212 1248 1237 c.
1289 1197 1359 1247 16,Ι
1389 1197 1451 1237 29.
1480 1196 1591 1237 Act.
1622 1196 1685 1246 17,

122 1272 184 1312 10.
219 1271 280 1312 ll.
314 1270 497 1311 Testis
527 1270 707 1323 denique
737 1272 778 1311 et
807 1269 979 1311 ι11111οΧ
1023 1268 1262 1315 <zarda-mo.-
1296 1270 1337 1309 01
1366 1267 1686 1320 irrefragabilis,

123 1358 198 1384 sua
241 1342 400 1384 scilicet
443 1341 665 1391 evidentia,
705 1356 728 1381 a
769 1355 852 1393 quo
882 1340 1109 1393 judicanda
1149 1340 1298 1391 omnis,
1340 1355 1446 1392 quae
1484 1340 1533 1381 de
1562 1339 1686 1380 rebus

123 1414 274 1455 divinis
303 1413 505 1466 agitatur,
537 1412 836 1463 controversia,
867 1411 895 1453 J
908 1411 984 1452 oh.
1016 1412 1052 1461 5,
1082 1412 1146 1463 39,
1176 1412 1240 1452 45.

174 1485 288 1527 XIX.
339 1484 531 1537 Κριτήριον
585 1486 739 1535 autem,
783 1499 855 1525 seu
897 1482 1061 1525 Norma
1100 1483 1261 1536 judicii,
1303 1483 1418 1524 hisce
1463 1482 1687 1523 axiomatis

122 1556 507 1610 comprehenditur.
549 1557 584 1597 1.
615 1554 885 1607 Quicquid
915 1570 971 1596 ea
1002 1554 1340 1605 continetur,
1371 1556 1460 1594 aut
1491 1569 1601 1594 cum
1631 1569 1687 1594 ea

121 1629 205 1670 vel
258 1643 537 1681 expresse,
589 1627 674 1668 vel
724 1626 884 1667 firma
936 1626 1332 1678 consequentia
1385 1625 1686 1675 consentit,

121 1715 302 1741 verum
353 1700 543 1752 dogma
591 1700 682 1740 est.
725 1699 761 1739 2.
808 1697 953 1746 Quod
998 1697 1284 1747 dissentit,
1330 1697 1525 1737 falsum
1572 1711 1687 1737 esse

122 1785 341 1812 necesse
385 1773 476 1811 est.
519 1771 555 1810 3.
595 1769 863 1820 Quicquid
904 1771 1080 1810 autem
1121 1783 1176 1809 ea
1214 1783 1316 1809 non
1355 1768 1686 1817 continetur,

123 1842 369 1894 quamvis
408 1840 749 1894 simpliciter
787 1840 848 1880 ab
888 1854 944 1881 ea
983 1854 1086 1880 non
1124 1839 1447 1889 dissentiat,
1477 1853 1579 1880 non
1609 1841 1688 1879 est

121 1913 491 1956 necessarium
520 1912 582 1953 ad
611 1912 845 1952 salutem
873 1911 1074 1964 dogma.

175 1984 267 2027 XX.
309 1984 426 2026 Libri
463 1998 562 2025 vero
602 1982 816 2033 Canonici,
857 1996 905 2023 ac
943 1982 1121 2035 proinde
1162 1981 1317 2032 Canon,
1355 1982 1527 2022 fuerunt
1564 1981 1687 2022 initio

122 2057 223 2099 libri
265 2055 409 2108 Mosis,
452 2055 603 2097 Deut.
651 2054 764 2105 4,,2.
803 2053 941 2095 Rom.
979 2054 1015 2104 2,
1056 2053 1118 2094 17.
1154 2053 1215 2094 18.
1247 2054 1308 2094 19.
1340 2053 1402 2104 20,
1434 2052 1588 2104 quibus
1617 2052 1690 2092 alii

123 2130 400 2179 accesserunt,
440 2128 599 2181 partim
629 2126 681 2167 ad
709 2126 864 2180 praxin
893 2127 934 2167 et
962 2125 1187 2166 historiam
1215 2124 1443 2175 Ecclesiae,
1473 2126 1520 2164 ut
1549 2138 1689 2165 succe-

124 2199 268 2241 dentes
305 2198 534 2248 Historici3
572 2197 731 2252 partim
765 2197 817 2238 ad
846 2197 1256 2250 interpretationem,
1286 2196 1619 2249 applicationem
1649 2198 1690 2236 et

123 2270 365 2312 uberiorem
398 2270 731 2324 praedictionem
761 2270 810 2311 de
839 2268 1007 2319 Messia,
1036 2270 1084 2309 ut
1113 2267 1339 2319 Didactici,
1369 2269 1410 2308 et
1440 2266 1689 2319 Prophetici

124 2341 184 2382 sic
227 2341 350 2392 dicti;
393 2342 552 2395 partim
596 2341 648 2383 ad
685 2340 981 2394 impletionem
1020 2341 1061 2381 et
1100 2338 1460 2392 complementum
1497 2337 1688 2391 praedic-

123 2412 291 2454 tionum
329 2412 378 2454 de
410 2411 564 2453 Messia
594 2413 767 2466 ejusque
796 2426 942 2466 regno,
973 2413 1020 2452 ut
1050 2410 1222 2452 Novum
1249 2410 1581 2460 Testamentum,
1611 2411 1687 2450 010.

124 2485 148 2526 2
177 2483 285 2525 Pet.
316 2484 352 2535 1,
384 2484 445 2525 19.
474 2483 540 2525 Ita
568 2486 616 2525 ut
644 2483 696 2526 V.
726 2483 909 2526 Testam.
939 2483 994 2524 sit
1018 2482 1340 2523 fundamentum
1366 2479 1492 2531 Novi,
1516 2479 1688 2521 Novum

124 2555 294 2598 Veteris
337 2556 708 2610 complementum.
752 2556 956 2608 Adeoque
1000 2554 1116 2596 hisce
1158 2554 1279 2595 libris
1324 2552 1468 2594 Canon
1504 2565 1589 2593 non
1626 2554 1688 2592 est

125 2627 261 2668 factus
297 2627 538 2682 perfectior,
569 2628 709 2680 quoad
737 2627 994 2669 universalia
1023 2626 1171 2667 salutis
1204 2625 1417 2678 dogmata,
1448 2623 1518 2665 sed
1548 2623 1688 2675 quoad

127 2713 273 2740 eorum
302 2698 657 2752 singularitatem,
689 2698 928 2740 claritatem
958 2700 1000 2739 et
1029 2696 1294 2739 evidentiam.

177 2769 292 2812 XXI.
317 2770 481 2811 Divisio
507 2769 714 2811 librorum
738 2769 782 2810 in
805 2769 857 2810 V.
879 2771 921 2810 et
942 2768 997 2810 N.
1023 2768 1355 2817 Testamentum,
1380 2767 1405 2806 2
1430 2764 1539 2806 001.
1562 2767 1599 2817 3,
1626 2767 1687 2807 14.

125 2856 211 2883 non
235 2844 298 2884 est
322 2842 599 2895 intelligenda
623 2841 874 2894 simpliciter
897 2842 1091 2894 respectu
1115 2838 1240 2891 Legis
1265 2840 1306 2879 et
1330 2837 1566 2890 Evangelii,
1583 2852 1686 2889 qua-

125 2915 247 2954 tenus
290 2915 578 2968 opponuntur,
622 2912 739 2964 (nam
775 2911 1069 2964 Evangeliuin,
1110 2910 1223 2962 quod
1259 2909 1370 2951 idem
1408 2911 1471 2950 est
1507 2923 1552 2950 re
1591 2923 1685 2950 cum
